2714 4980
476 308 665 357 unanimis
688 311 735 356 nit
753 311 902 360 tumetis.

565 595 747 646 canicunis
769 599 805 644 11.

140 808 262 868 Quomodo
274 807 379 870 dignosci
395 812 466 870 queat
475 821 505 855 cn
515 807 568 870 quis
580 805 728 856 territoriclie
738 807 810 869 judex
820 808 845 856 iu
854 808 933 872 allqua
943 820 1015 858 cauea
1029 816 1158 873 compotem
1171 809 1205 858 ait.

168 1033 305 1119 Quando
318 1032 479 1101 ordinaria
495 1030 539 1120 (1)
554 1031 745 1118 jurisdictio,
764 1051 830 1098 non
843 1042 971 1101 tantum
985 1034 1029 1101 ad
1048 1024 1224 1120 certurpen

123 1168 216 1220 eonas
241 1160 277 1218 et
302 1158 408 1218 certas
439 1168 611 1215 causarum
633 1151 758 1234 species
780 1151 1000 1235 restringitur,
1029 1150 1089 1217 eed
1111 1153 1225 1236 iusuper

122 1270 209 1334 intra
224 1268 307 1333 certi
319 1266 477 1332 territorii
491 1265 573 1331 fines
587 1272 785 1344 coarctatur,
804 1266 847 1332 ad
859 1265 1140 1334 determinandam
1155 1286 1225 1335 com

121 1385 301 1470 potentiam
323 1389 524 1448 concurrunt
545 1400 644 1465 supra
670 1390 856 1448 memorate
890 1383 1142 1449 circumstantie
1164 1384 1223 1450 loci.

122 1501 179 1567 Est
205 1518 322 1582 nempe
347 1496 498 1563 habenda
526 1497 621 1575 ratio,
639 1488 710 1562 tum
736 1497 889 1564 domicilii
913 1515 1129 1580 personarum
1156 1500 1226 1566 inter

122 1636 203 1702 quos
224 1633 320 1680 causa
343 1614 495 1691 vertitur,
514 1619 585 1679 tum
601 1615 666 1681 loci
686 1616 803 1699 inquo
822 1615 876 1679 rel
894 1617 954 1678 sita
977 1620 1029 1679 cst
1045 1634 1101 1680 res
1119 1614 1160 1680 de
1177 1633 1224 1700 qua

123 1729 341 1808 contenditur,
362 1730 416 1795 vel
434 1737 589 1813 peractus
609 1737 796 1797 contractus
814 1729 888 1808 fuit,
911 1729 965 1793 vel
979 1734 1143 1812 patratum
1161 1728 1223 1795 deli

122 1856 222 1913 ctum.
248 1847 297 1910 De
321 1843 505 1931 hujusmodi
539 1845 786 1910 circumstantiis
821 1845 894 1922 loci,
923 1844 966 1910 ad
989 1844 1222 1928 dignoscendam

120 1963 372 2047 competentiam
383 1962 512 2028 omniuo
525 1960 744 2039 attendendis,
763 1963 795 2025 in
808 1961 1020 2046 sequentibus
1031 1960 1221 2044 paragraphis

119 2077 343 2146 disserendum
360 2079 462 2142 veuit.

648 2304 712 2379 ll.

319 2525 354 2573 Dc
366 2526 520 2587 competentia
530 2522 637 2586 judicum
646 2523 822 2573 territoricllum
833 2523 923 2574 radone
935 2523 1058 2585 domicilii.

161 2753 205 2816 Ut
218 2751 427 2837 dignoscatur
441 2772 482 2816 an
496 2760 532 2818 et
545 2753 688 2837 qualiter
697 2751 799 2838 judex
810 2753 924 2838 aliquis
936 2755 1145 2827 territoriolie
1153 2773 1222 2825 com

114 2876 231 2953 petens
245 2870 278 2934 in
292 2869 400 2954 aliqua
416 2887 512 2934 causa
526 2870 568 2933 sit
584 2871 710 2936 ratione
726 2869 889 2947 domicilii,
912 2869 1084 2940 sciendum
1107 2880 1158 2941 eet
1176 2872 1223 2937 iu·

115 2985 227 3068 primis
250 2984 330 3070 quid
352 2985 482 3050 nornine
507 2983 661 3051 domicilii
683 2986 717 3050 iu
738 2985 812 3071 jure
835 2986 1087 3070 intelligendum
1111 2987 1220 3055 veniat:

113 3107 185 3166 tum
201 3118 349 3186 quanam
366 3101 407 3166 sit
424 3102 589 3166 ranorum
604 3102 788 3184 specierum
811 3099 964 3168 domicilii
977 3103 1039 3180 vis,
1056 3101 1101 3171 od
1127 3103 1223 3173 dctcr

115 3216 303 3283 minandum
318 3224 560 3300 competentem
574 3217 694 3282 forum.

158 3336 185 3400 I.
212 3338 294 3416 Quid
316 3336 436 3397 dicotur
460 3336 644 3397 domicilium
669 3336 764 3397 relate
785 3337 827 3398 od
851 3341 1079 3417 competentiam
1097 3339 1170 3418 scri.
1187 3366 1224 3383 -

87 3434 89 3438 ⁸
115 3451 217 3516 Variae
234 3449 468 3534 distinguendae
481 3457 557 3515 sunt
575 3449 729 3516 domicilii
740 3452 877 3534 species,
900 3459 935 3517 et
950 3450 992 3518 de
1008 3453 1144 3536 siugulis
1157 3468 1222 3538 pror

115 3565 275 3632 mittenda
286 3569 387 3644 notio,
406 3574 444 3632 ut
461 3572 574 3652 postea
588 3584 735 3650 quaenam
754 3567 829 3631 insit
843 3568 1020 3652 unicuique
1036 3569 1171 3653 propria
1183 3566 1221 3633 tit

113 3681 157 3747 od
177 3682 463 3749 determinendam
488 3690 730 3767 competentem
747 3683 858 3748 forum
876 3683 1003 3751 facilius
1018 3685 1218 3769 intelligetur.

159 3804 192 3864 1⁰
214 3801 334 3865 Aroce
357 3803 462 3864 domos
484 3798 699 3882 repetendam
716 3817 787 3865 esse
802 3802 940 3867 nominis
957 3801 1057 3886 hujus
1076 3803 1222 3886 originem

111 3916 189 3980 antis
202 3921 305 3999 patet.
329 3914 411 3979 cum
434 3932 552 3997 nempe
577 3915 694 3997 singuli
719 3914 865 3981 homines
879 3916 913 3980 in
930 3915 1028 3984 domo
1048 3919 1157 4004 aliqua
1173 3916 1221 3983 de·

143 4118 180 4182 (l)
193 4120 258 4169 ldem
270 4119 343 4170 currit
361 4118 437 4182 quood
452 4117 641 4181 jurisdictionem
659 4118 797 4181 delegatam,
813 4118 905 4184 quaudo
921 4128 944 4168 et
963 4122 1015 4184 ipsa
1032 4124 1170 4173 territoriali
1180 4123 1218 4171 cir-

112 4215 292 4276 cumscriptione
305 4213 461 4262 concluditur.
481 4211 547 4261 Unde
560 4227 611 4276 qum
624 4212 706 4287 iuhoc
717 4213 816 4262 articulo
828 4212 928 4263 dicimus
941 4213 970 4264 dc
988 4216 1170 4268 circumstantiis
1182 4213 1217 4264 loci

112 4308 207 4357 relativo
221 4307 250 4355 ad
262 4308 438 4370 competentiam
456 4306 544 4368 jndicio
557 4307 686 4368 ordinarii,
707 4307 857 4369 intelligendu
870 4308 940 4358 etiam
954 4318 1009 4360 eunt
1026 4309 1057 4362 de
1068 4310 1216 4376 jurisdictlcae

112 4402 216 4464 delegate
228 4402 401 4452 territorioliter
412 4402 598 4465 circumscripta,
611 4409 683 4465 prout
696 4414 767 4465 supra
778 4403 826 4463 jum
840 4404 982 4455 monuimus.
