2714 4980
117 300 180 362 500
459 313 647 360 rnncrnrus
670 315 714 359 nn
736 310 885 360 tumens.

119 467 132 493 a
147 441 250 505 rietur
267 437 409 524 nomen),
433 445 535 520 vigore
545 442 776 520 privilegiorum
796 440 1048 520 Apostolicorum,
1067 441 1226 498 creavimus

120 564 176 618 «ct
192 561 401 619 corastitoiotns
415 575 450 617 oc
463 557 672 636 deputavimus
687 560 719 618 io
731 560 884 617 notorium
895 573 954 635 pro
970 553 1027 614 too
1039 559 1146 614 nostro
1161 569 1227 631 pro·

120 701 133 728 ι
147 679 258 754 atocio,
278 677 315 737 R.
339 676 377 736 P.
396 676 431 735 F.
450 676 481 736 N
484 720 505 750 .,
526 677 625 735 virum
643 675 776 735 moribus
790 673 963 753 probatum,
988 671 1053 747 tide
1072 676 1102 732 et
1123 673 1228 731 virtuto

121 791 297 866 «idoneam,
320 790 362 850 od
377 789 549 850 intimando
567 794 596 849 ct
607 788 793 864 notificando
804 805 990 868 quotcumque
1007 788 1144 864 indulto,
1161 792 1225 863 cta,

123 890 289 986 «socienda
308 923 493 984 quoecumque
516 909 715 965 instrumento
725 951 735 982 ‚
764 910 793 966 ct
814 903 1052 965 oottcoticomlo
1085 908 1229 964 tramam-

124 1051 138 1076 «
147 1028 217 1102 pto,
233 1027 303 1100 cto,
322 1027 437 1101 recepto
457 1025 545 1101 prius
563 1021 601 1081 ob
623 1039 656 1080 eo
677 1039 777 1081 cotom
803 1021 887 1081 nobis
906 1018 1070 1100 genuliaco
1087 1019 1229 1098 corporali

124 1167 137 1193 κ
141 1144 316 1221 juramento
332 1138 504 1215 fidelitatis,
528 1143 617 1200 tactis
631 1142 726 1199 sacris
746 1138 920 1218 evangeliis,
941 1156 1045 1199 coram
1063 1138 1150 1216 iufra
1164 1140 1230 1197 scri·

126 1283 140 1308 a
153 1257 256 1318 bondis
277 1256 411 1317 testibus.
435 1256 474 1316 Iu
492 1273 617 1333 quorum
640 1253 743 1331 fidem,
773 1261 829 1316 oto.
862 1257 985 1331 Datum,
1017 1258 1076 1316 etc.
1109 1248 1229 1315 Deinde

123 1399 137 1424 «
152 1369 233 1435 fiant
255 1367 520 1451 subscriptiones,
539 1375 574 1432 et
597 1366 690 1451 juxta
714 1366 795 1431 hanc
817 1366 1002 1445 formulam,
1028 1367 1163 1431 variatis
1183 1384 1231 1430 va-

121 1516 135 1542 «
148 1484 280 1565 riandis,
304 1485 375 1550 dari
394 1491 548 1568 poterunt
560 1483 678 1549 littera
698 1485 889 1567 patentalcs.
902 1515 915 1540 »
934 1485 1107 1571 (Ferraris,
1129 1483 1173 1549 ad
1185 1500 1232 1547 vo

118 1621 189 1668 cem
202 1607 359 1678 Notarius,
378 1619 412 1663 n.
427 1602 464 1664 21
481 1605 516 1664 et
527 1596 595 1682 22.)

162 1719 201 1781 V.
218 1714 427 1802 Inquisitorcs
444 1714 604 1780 heretica
624 1716 794 1798 pravitatis
810 1724 945 1799 possunt
962 1735 1078 1781 creare
1101 1716 1232 1782 clericos

115 1835 284 1900 saculares
307 1840 342 1897 et
361 1832 540 1914 regulares,
564 1831 598 1894 in
620 1832 764 1897 notarios
788 1838 906 1896 sanctae
928 1832 1159 1916 inquisitionis,
1180 1852 1232 1917 pro

119 1951 223 2015 causis
234 1947 355 2013 adeam
364 1946 598 2029 spectantibus.
616 1947 749 2012 Constat
760 1967 800 2012 ex
810 1947 1043 2013 constitutione
1055 1951 1096 2012 22
1109 1948 1234 2014 Alexan·

119 2065 171 2131 dri
190 2067 246 2142 IV,
271 2064 508 2147 incipientem
527 2069 699 2127 commisso.
721 2064 845 2128 Notarii
861 2073 971 2129 antem
995 2083 1114 2130 ornnes
1136 2065 1234 2130 omnia

119 2183 220 2265 gratis
235 2200 295 2265 pro
312 2178 415 2244 officio
430 2179 553 2243 Sanctae
568 2180 785 2263 inquisitionis
799 2181 955 2264 expedire
968 2189 1143 2248 tenentur.
1161 2183 1235 2248 Gon·

120 2303 185 2362 stat
203 2316 244 2361 ex
261 2278 491 2362 constitutione
510 2293 685 2359 Clementis
700 2296 789 2374 vm,
801 2296 977 2379 incipiente
988 2301 1213 2361 sanctissimos.

165 2416 256 2476 Noto.
278 2411 356 2491 Qua
372 2410 405 2473 in
417 2409 480 2473 hoc
491 2408 695 2492 paragrapho
711 2409 798 2476 dicta
818 2418 893 2475 sunt
910 2409 952 2476 dc
972 2419 1141 2495 potestate
1156 2421 1236 2479 nota·

123 2528 188 2591 rios
209 2523 353 2600 creandi,
375 2522 568 2607 applicanda
587 2531 663 2588 sunt
687 2526 905 2591 attuariorum
923 2530 958 2590 et
972 2528 1236 2594 cancellariorum

123 2641 299 2724 creationi3
320 2658 394 2704 cnm
419 2637 508 2704 ethi
540 2640 612 2705 veri
642 2642 759 2706 notarii
793 2642 867 2719 sint,
899 2644 1050 2727 quamvis
1079 2645 1114 2709 in
1136 2646 1236 2730 aliquo

123 2775 220 2824 sensu
232 2768 343 2823 omnes
360 2754 477 2821 notarii
489 2774 554 2820 non
569 2755 634 2821 sint
651 2758 787 2822 actuarii
801 2777 859 2824 sen
874 2760 1074 2825 cancellarii.

639 3009 726 3086 ivl.

193 3235 281 3300 ‚Utrum
292 3233 386 3294 notarii,
402 3240 449 3282 tum
464 3233 527 3294 laici,
538 3239 586 3282 tum
600 3245 615 3280 a
627 3234 733 3282 saculari
745 3242 858 3296 potestate
867 3239 947 3301 creati,
957 3240 1052 3302 possint
1064 3242 1174 3292 incautis

278 3329 441 3377 ecclesiasticis
454 3336 477 3377 ct
490 3327 654 3390 spiritualibus
671 3329 771 3380 officinm
785 3344 853 3381 suum
866 3333 942 3384 aalide
957 3347 1077 3389 exercerc.

176 3557 264 3621 Duas
276 3553 337 3620 sub
352 3556 503 3639 prasenti
518 3554 721 3638 paragrapho
736 3554 942 3625 difficultates
953 3562 1144 3632 enodandas
1154 3568 1242 3634 susci·

132 3671 247 3754 pimus.
265 3671 375 3736 Primo
389 3689 518 3755 nempe,
534 3689 609 3735 cum
623 3672 746 3752 possint
764 3676 867 3740 creari
879 3678 998 3742 notarii
1014 3679 1088 3745 laici
1101 3702 1168 3747 non
1181 3692 1243 3748 tan-

133 3794 202 3851 tum
217 3807 236 3852 a
252 3787 397 3851 saeculari
406 3793 578 3870 potestate,
596 3785 655 3851 sed
671 3794 706 3852 et
719 3787 761 3853 ab
774 3791 999 3874 ecclesiastica,
1019 3794 1160 3863 dubium
1180 3816 1244 3864 esse

134 3911 253 3989 potest,
276 3923 354 3969 num
371 3905 492 3969 laicalis
512 3922 625 3969 eorum
647 3906 848 3971 notariorum
863 3909 1007 3977 conditio
1020 3914 1190 3999 impediat,
1207 3935 1245 3981 ne

135 4023 170 4086 in
194 4021 267 4085 loro
288 4020 506 4085 ecclesiastico
522 4025 556 4084 et
571 4020 606 4083 in
625 4022 728 4086 causis
743 4023 964 4106 spiritualibus
975 4032 1161 4098 cancellarii
1180 4051 1245 4097 mn·
1273 4009 1276 4016 ¹

137 4157 199 4202 nus
212 4135 320 4202 valide
343 4137 477 4220 explere
492 4137 625 4221 possint.
647 4136 806 4216 Secundo,
829 4141 1048 4224 expendenda
1071 4149 1170 4214 etiam
1194 4165 1244 4212 oo-

140 4254 243 4316 currit
262 4253 412 4336 quaestio,
439 4271 479 4315 an
500 4250 656 4315 inhabiles
672 4253 736 4316 sint
751 4252 794 4318 ad
809 4257 1034 4324 exercendum
1051 4265 1168 4328 notarii
1186 4261 1244 4326 offi-

141 4368 225 4431 cium
241 4365 348 4451 quoad
362 4372 453 4430 actus
474 4371 508 4431 et
532 4366 653 4429 curiam
669 4368 872 4448 magistratus
893 4372 1115 4455 ecclesiastici,
1131 4379 1240 4462 iiquia

675 4525 683 4555 i
