2714 4980
535 263 616 312 raus
636 263 798 312 secunus.
1182 248 1244 310 513

117 390 177 476 qui
188 406 315 472 nempe
326 372 539 471 pauperibus,
553 388 589 452 in
598 389 689 453 curia
701 387 878 473 episcopali
892 407 1023 454 causam
1037 385 1245 466 habentibus,

119 527 163 571 ex
178 503 290 571 officio
309 510 346 568 et
358 504 462 588 gratis
479 523 613 587 operam
631 513 801 570 navarent.

164 619 211 686 Id
234 616 481 685 observandum
500 619 536 682 in
553 618 703 684 omnibus
727 619 951 685 ecclesiasticis
972 619 1070 683 curiis
1093 619 1250 702 pracepit

119 735 329 802 Benedictus
347 735 440 817 xll13
454 742 553 816 prout
570 735 710 799 relatum
726 736 871 800 invenies
887 737 921 799 iu
944 733 1128 819 appendice
1143 734 1250 798 couci·

119 852 156 918 lii
166 852 312 918 Romani
322 850 400 914 anni
413 851 497 914 1725
510 849 638 934 (pagina
649 853 713 914 207
726 852 848 928 otili,
858 849 942 916 edit.
956 852 1065 915 Roma
1079 848 1187 933 1725),
1201 850 1252 913 his

122 968 264 1036 verbis:
283 971 457 1048 sapuerim
475 969 692 1029 declarationes
713 971 904 1031 Sanctam
927 973 1050 1032 Domini
1067 972 1173 1032 Nostri
1192 971 1253 1030 Ba-

120 1085 243 1148 aedicti
253 1099 347 1163 papa
364 1082 457 1159 XIII,
480 1099 556 1160 quaa
572 1085 718 1143 sanctitas
737 1101 793 1143 raa
807 1084 846 1144 de
857 1084 982 1144 consilio
997 1089 1027 1143 et
1042 1087 1111 1143 aoto
1131 1099 1253 1161 aarum·

121 1202 264 1278 cationis
287 1198 509 1278 particularis,
537 1197 576 1256 ab
597 1199 724 1275 ipsamet
748 1199 900 1277 &palata
927 1216 1017 1277 super
1041 1199 1254 1275 reformatione

123 1314 334 1375 tribunalium
356 1318 387 1373 et
406 1315 680 1391 concrepationem,
700 1314 865 1374 servandas
885 1319 919 1374 ia
938 1319 1090 1392 posteram
1111 1314 1250 1374 districte

122 1430 259 1514 mandat
276 1434 307 1490 et
318 1431 504 1508 precipit...
526 1428 688 1504 Similiter,
709 1434 745 1489 at
764 1434 841 1489 satis
855 1431 1054 1510 provideatur
1069 1430 1255 1508 pauperatus

124 1543 348 1623 liliqaalilras,
369 1546 465 1621 prout
489 1559 673 1620 rumntcpere
693 1542 903 1603 eackdastioos
914 1545 1035 1622 judices
1046 1544 1144 1620 decet,
1172 1545 1252 1605 sar·

122 1663 221 1720 ctitas
244 1675 304 1718 sua
320 1656 461 1734 mandat,
480 1660 514 1717 ia
527 1656 754 1735 quibuscumque
774 1676 868 1737 supra
885 1659 977 1718 dictis
995 1661 1089 1718 aaa
1108 1659 1252 1739 deputari

121 1778 359 1854 procuratorem
368 1790 538 1852 paapm
550 1777 581 1831 et
594 1772 782 1847 advocatam,
798 1778 852 1851 pai
867 1777 908 1834 iia
920 1777 1066 1834 assumat
1079 1778 1113 1834 iu
1131 1775 1253 1852 quibat-

124 1905 257 1968 cumque
274 1890 376 1948 masis
392 1887 534 1947 cicilibtu
551 1892 581 1946 et
596 1886 815 1964 criminalibus,
833 1891 915 1948 airas
933 1891 1049 1967 pictate
1067 1895 1098 1948 et
1115 1889 1254 1949 doctrina

119 2008 326 2083 praestantes,
345 2019 413 2062 cum
426 2003 630 2080 ordenatione
642 2000 771 2080 alicujus
783 2002 938 2079 warda,
957 2005 986 2062 ri
999 2003 1143 2081 possibile
1155 2005 1255 2081 foret,·

123 2123 156 2178 et
174 2119 274 2179 cleiis
291 2117 393 2177 electis
410 2115 557 2177 meatur
570 2119 651 2175 ratio
665 2118 700 2175 in
708 2118 931 2194 proviriortious
939 2117 1158 2194 beneficiorum.

171 2230 208 2293 Si
228 2247 314 2293 vero
333 2228 367 2291 in
389 2227 497 2310 aliqua
518 2226 675 2308 religione
694 2226 857 2292 rarissime
880 2230 1067 2312 contingant
1093 2230 1255 2315 ejusmodi

124 2341 222 2429 apud
239 2342 367 2406 curiam
385 2341 637 2405 ecclesiasticam
656 2359 838 2424 pauperum
853 2343 939 2421 lites,
960 2363 1025 2408 non
1050 2344 1186 2412 ridetur
1204 2353 1255 2412 te-

122 2460 202 2523 neri
215 2458 402 2541 Episcopus
415 2462 454 2519 nt
469 2463 718 2547 procuratorem
736 2461 771 2519 et
788 2455 983 2522 advocatum
997 2477 1180 2544 pauperum
1194 2480 1256 2545 per

124 2572 271 2640 modum
279 2571 408 2637 stabilis
424 2568 519 2634 officii
532 2567 683 2652 deputet.
703 2570 857 2636 Cessante
875 2574 962 2638 enim
981 2574 1063 2658 legis
1084 2575 1162 2654 fine,
1185 2596 1256 2642 ces-

125 2708 205 2754 sare
224 2688 298 2770 ipsa
312 2685 369 2750 lex
383 2681 548 2749 censenda
559 2690 620 2747 cst.
641 2682 736 2748 Unde
754 2692 832 2750 tunc
846 2687 923 2751 satis
934 2689 998 2752 erit
1012 2686 1051 2767 si,
1068 2689 1146 2756 dato
1162 2710 1251 2769 casu,

125 2810 229 2869 curet
253 2800 495 2889 ecclesiasticus
505 2797 621 2883 judex,
639 2805 678 2862 ut
696 2774 822 2883 pauper
840 2801 932 2867 litem
949 2804 1112 2870 sustinens
1134 2805 1254 2872 idoneo

123 2916 314 3001 patrocinio
332 2934 398 2978 non
417 2912 627 2978 destituatur.
644 2911 695 2977 Ad
716 2913 805 2997 qnod
824 2918 1024 3002 caeteroquin
1037 2939 1079 2983 ex
1095 2920 1167 3003 ipso
1177 2920 1254 3005 jure

122 3033 274 3098 naturali
292 3019 441 3106 tenetur,
457 3047 499 3091 ne
514 3027 593 3091 alias
607 3028 811 3109 opprimatur
826 3048 963 3115 pauper,
980 3034 1038 3119 qui
1059 3036 1102 3102 ch
1128 3043 1254 3120 egesta.

122 3155 196 3214 tem
212 3154 393 3231 patronum
406 3142 469 3207 sibi
483 3160 672 3224 comparare
688 3144 812 3228 nequit.

169 3250 205 3328 2'.
224 3262 309 3326 Cum
324 3259 414 3323 inter
427 3256 507 3320 alias
525 3274 637 3338 poenas
648 3258 749 3338 possit
760 3256 865 3341 judex
872 3261 1106 3330 ecclesiasticus
1114 3267 1254 3333 mulctas

120 3381 311 3461 imponere,
329 3373 364 3436 in
379 3372 451 3454 pios
464 3388 542 3433 usus
555 3368 744 3452 erogandas,
761 3371 845 3438 solet
863 3374 904 3439 ah
921 3375 1082 3462 Episcopo
1098 3379 1252 3464 deputari

117 3492 254 3578 aliquis,
274 3490 308 3552 in
335 3484 431 3570 cujus
446 3481 594 3548 manibus
607 3485 747 3565 pecunia
768 3505 810 3551 ex
828 3485 923 3553 (lictis
936 3493 1041 3572 poenis
1057 3497 1254 3578 proveniens

117 3607 342 3688 consignetur
354 3598 622 3680 anteponatur,
647 3598 768 3682 quique
780 3599 857 3666 ideo
877 3605 1077 3685 ἀεροείιανῑιιε
1095 3629 1251 3690 penarum

116 3724 351 3802 nuncupatur.
370 3714 475 3797 Ipsius
490 3717 600 3775 autem
615 3709 755 3776 officium
777 3722 828 3779 est
852 3714 957 3782 dictas
979 3723 1133 3801 pecunias
1146 3743 1252 3790 asser-

116 3854 214 3912 vare,
236 3851 294 3897 eas
312 3848 354 3893 ex
380 3824 534 3891 mandato
549 3823 699 3906 Episcopi
722 3828 818 3892 variis
831 3830 892 3913 piis
911 3833 1067 3914 operibus
1089 3839 1251 3920 applican-

115 3949 180 4015 das
204 3945 359 4019 tradere,
385 3959 447 4024 pro
461 3937 607 4023 qualibet
634 3956 759 4004 summa
784 3942 830 4005 sic
857 3943 975 4010 tradita
997 3948 1250 4021 instrumentum

113 4062 355 4127 authenticum
374 4054 537 4136 recipere,
557 4059 590 4117 et
609 4061 839 4134 computorum
846 4059 1006 4125 rationem
1024 4062 1180 4133 reddere.

164 4179 201 4243 3.
229 4175 323 4239 Alius
340 4171 441 4235 etiam
459 4166 674 4250 depositarius
690 4166 882 4250 instituitur,
902 4174 960 4258 qui
972 4176 1068 4242 simili
1081 4182 1180 4249 modo
1194 4206 1251 4271 pe·

111 4293 238 4361 cunias
268 4283 450 4372 episcopali
472 4298 590 4347 mensa
607 4279 734 4346 debitas
749 4281 795 4367 (id
810 4293 862 4352 est
882 4305 954 4372 quae
966 4289 1009 4356 de
1026 4289 1102 4376 jure
1117 4299 1161 4366 ad
1175 4303 1251 4390 Epi.

236 4401 257 4460 Ι.
825 4437 828 4442 ·
1109 4409 1145 4470 33
