<?xml version="1.0" encoding="UTF-8"?>
<!DOCTYPE html PUBLIC "-//W3C//DTD XHTML 1.0 Transitional//EN"
    "http://www.w3.org/TR/xhtml1/DTD/xhtml1-transitional.dtd">
<html xmlns="http://www.w3.org/1999/xhtml" xml:lang="en" lang="en">
 <head>
  <title>
</title>
<meta http-equiv="Content-Type" content="text/html;charset=utf-8" />
  <meta name='ocr-system' content='tesseract 3.04.00' />
  <meta name='ocr-capabilities' content='ocr_page ocr_carea ocr_par ocr_line ocrx_word'/>
</head>
<body>
  <div class='ocr_page' id='page_1' title='image "./tractatusdejudi00bouigoog_0532.png"; bbox 0 0 2714 4980; ppageno 0'>
   <div class='ocr_carea' id='block_1_1' title="bbox 548 304 1235 371">
    <p class='ocr_par' dir='ltr' id='par_1_1' title="bbox 548 304 1235 371">
     <span class='ocr_line' id='line_1_1' title="bbox 548 304 1235 371; baseline 0.003 -4"><span class='ocrx_word' id='word_1_1' title='bbox 548 315 627 367; x_wconf 79' lang='lat' dir='ltr'>nans</span> <span class='ocrx_word' id='word_1_2' title='bbox 650 319 808 367; x_wconf 69' lang='lat' dir='ltr'>mcuunn.</span> <span class='ocrx_word' id='word_1_3' title='bbox 1170 304 1235 371; x_wconf 77' lang='grc'>519</span> 
     </span>
    </p>
   </div>
   <div class='ocr_carea' id='block_1_2' title="bbox 112 440 1285 4237">
    <p class='ocr_par' dir='ltr' id='par_1_2' title="bbox 114 440 1237 640">
     <span class='ocr_line' id='line_1_2' title="bbox 114 440 1237 527; baseline 0.01 -27"><span class='ocrx_word' id='word_1_4' title='bbox 114 463 132 500; x_wconf 72' lang='lat' dir='ltr'>a</span> <span class='ocrx_word' id='word_1_5' title='bbox 149 440 198 505; x_wconf 87' lang='lat' dir='ltr'>nit</span> <span class='ocrx_word' id='word_1_6' title='bbox 211 447 323 505; x_wconf 85' lang='lat' dir='ltr'>tamen</span> <span class='ocrx_word' id='word_1_7' title='bbox 336 447 378 505; x_wconf 89' lang='lat' dir='ltr'>nt</span> <span class='ocrx_word' id='word_1_8' title='bbox 391 441 460 523; x_wconf 89' lang='lat' dir='ltr'>ipse</span> <span class='ocrx_word' id='word_1_9' title='bbox 477 461 512 507; x_wconf 90' lang='lat' dir='ltr'>se</span> <span class='ocrx_word' id='word_1_10' title='bbox 531 441 691 508; x_wconf 86' lang='lat' dir='ltr'>abstineat</span> <span class='ocrx_word' id='word_1_11' title='bbox 706 443 796 507; x_wconf 89' lang='lat' dir='ltr'>illam</span> <span class='ocrx_word' id='word_1_12' title='bbox 807 459 951 509; x_wconf 87' lang='lat' dir='ltr'>causam</span> <span class='ocrx_word' id='word_1_13' title='bbox 973 460 1184 527; x_wconf 79' lang='lat' dir='ltr'>cognoscere,</span> <span class='ocrx_word' id='word_1_14' title='bbox 1201 452 1237 511; x_wconf 87' lang='lat' dir='ltr'>et</span> 
     </span>
     <span class='ocr_line' id='line_1_3' title="bbox 115 552 459 640; baseline 0.012 -26"><span class='ocrx_word' id='word_1_15' title='bbox 115 579 131 615; x_wconf 89' lang='lat'>«</span> <span class='ocrx_word' id='word_1_16' title='bbox 149 555 247 621; x_wconf 89' lang='lat' dir='ltr'>alteri</span> <span class='ocrx_word' id='word_1_17' title='bbox 262 552 426 640; x_wconf 78' lang='lat' dir='ltr'>delegare.</span> <span class='ocrx_word' id='word_1_18' title='bbox 442 578 459 618; x_wconf 82' lang='lat' dir='ltr'>n</span> 
     </span>
    </p>

    <p class='ocr_par' dir='ltr' id='par_1_3' title="bbox 114 669 1285 1568">
     <span class='ocr_line' id='line_1_4' title="bbox 157 669 1233 760; baseline 0.003 -21"><span class='ocrx_word' id='word_1_19' title='bbox 157 679 192 739; x_wconf 74' lang='grc' dir='ltr'>2ο</span> <span class='ocrx_word' id='word_1_20' title='bbox 211 695 227 733; x_wconf 82' lang='lat' dir='ltr'>a</span> <span class='ocrx_word' id='word_1_21' title='bbox 243 669 491 739; x_wconf 71' lang='lat' dir='ltr'>advertendum</span> <span class='ocrx_word' id='word_1_22' title='bbox 513 673 549 737; x_wconf 89' lang='lat' dir='ltr'>in</span> <span class='ocrx_word' id='word_1_23' title='bbox 568 672 629 739; x_wconf 88' lang='lat' dir='ltr'>hac</span> <span class='ocrx_word' id='word_1_24' title='bbox 648 675 784 741; x_wconf 88' lang='lat' dir='ltr'>materia</span> <span class='ocrx_word' id='word_1_25' title='bbox 800 673 1040 759; x_wconf 79' lang='lat' dir='ltr'><strong>appellationis,</strong></span> <span class='ocrx_word' id='word_1_26' title='bbox 1062 674 1171 760; x_wconf 89' lang='lat' dir='ltr'>quod,</span> <span class='ocrx_word' id='word_1_27' title='bbox 1190 674 1233 743; x_wconf 87' lang='lat' dir='ltr'>de</span> 
     </span>
     <span class='ocr_line' id='line_1_5' title="bbox 116 787 1227 876; baseline 0.004 -25"><span class='ocrx_word' id='word_1_28' title='bbox 116 812 133 851; x_wconf 70' lang='lat' dir='ltr'>a</span> <span class='ocrx_word' id='word_1_29' title='bbox 147 787 222 874; x_wconf 83' lang='lat' dir='ltr'>jure</span> <span class='ocrx_word' id='word_1_30' title='bbox 237 788 411 853; x_wconf 89' lang='lat' dir='ltr'>novissimo</span> <span class='ocrx_word' id='word_1_31' title='bbox 422 787 509 855; x_wconf 86' lang='lat' dir='ltr'>sacri</span> <span class='ocrx_word' id='word_1_32' title='bbox 518 789 645 857; x_wconf 90' lang='lat' dir='ltr'>concilii</span> <span class='ocrx_word' id='word_1_33' title='bbox 656 787 838 855; x_wconf 75' lang='lat' dir='ltr'>Tridentini</span> <span class='ocrx_word' id='word_1_34' title='bbox 855 789 898 876; x_wconf 92' lang='lat' dir='ltr'>(in</span> <span class='ocrx_word' id='word_1_35' title='bbox 915 807 992 855; x_wconf 88' lang='lat' dir='ltr'>sess.</span> <span class='ocrx_word' id='word_1_36' title='bbox 1013 790 1067 869; x_wconf 80' lang='grc'>24,</span> <span class='ocrx_word' id='word_1_37' title='bbox 1081 808 1153 873; x_wconf 88' lang='lat' dir='ltr'>cap.</span> <span class='ocrx_word' id='word_1_38' title='bbox 1171 792 1227 867; x_wconf 82' lang='grc'>20,</span> 
     </span>
     <span class='ocr_line' id='line_1_6' title="bbox 114 902 1234 989; baseline 0.004 -24"><span class='ocrx_word' id='word_1_39' title='bbox 114 929 131 965; x_wconf 76' lang='lat' dir='ltr'>o</span> <span class='ocrx_word' id='word_1_40' title='bbox 148 902 286 989; x_wconf 63' lang='lat' dir='ltr'>delict),</span> <span class='ocrx_word' id='word_1_41' title='bbox 299 905 333 969; x_wconf 89' lang='lat' dir='ltr'>in</span> <span class='ocrx_word' id='word_1_42' title='bbox 342 904 448 970; x_wconf 88' lang='lat' dir='ltr'>tribus</span> <span class='ocrx_word' id='word_1_43' title='bbox 458 905 585 971; x_wconf 79' lang='lat' dir='ltr'>casibus</span> <span class='ocrx_word' id='word_1_44' title='bbox 595 906 700 971; x_wconf 93' lang='lat' dir='ltr'>solum</span> <span class='ocrx_word' id='word_1_45' title='bbox 707 905 865 989; x_wconf 90' lang='lat' dir='ltr'>appellari</span> <span class='ocrx_word' id='word_1_46' title='bbox 876 911 1013 988; x_wconf 87' lang='lat' dir='ltr'>potesta</span> <span class='ocrx_word' id='word_1_47' title='bbox 1023 904 1234 989; x_wconf 81' lang='lat' dir='ltr'>suffraganeis</span> 
     </span>
     <span class='ocr_line' id='line_1_7' title="bbox 115 1019 1285 1106; baseline 0.003 -24"><span class='ocrx_word' id='word_1_48' title='bbox 115 1044 132 1081; x_wconf 69' lang='grc' dir='ltr'>ε(</span> <span class='ocrx_word' id='word_1_49' title='bbox 150 1019 194 1085; x_wconf 92' lang='lat' dir='ltr'>ad</span> <span class='ocrx_word' id='word_1_50' title='bbox 208 1020 511 1105; x_wconf 82' lang='lat' dir='ltr'>Metropolitanum:</span> <span class='ocrx_word' id='word_1_51' title='bbox 527 1028 637 1104; x_wconf 62' lang='lat' dir='ltr'>mmo,</span> <span class='ocrx_word' id='word_1_52' title='bbox 651 1043 671 1088; x_wconf 90' lang='lat' dir='ltr'>a</span> <span class='ocrx_word' id='word_1_53' title='bbox 683 1019 851 1087; x_wconf 86' lang='lat' dir='ltr'>definitiva</span> <span class='ocrx_word' id='word_1_54' title='bbox 862 1039 934 1106; x_wconf 72' lang='lat' dir='ltr'>quae</span> <span class='ocrx_word' id='word_1_55' title='bbox 941 1021 1081 1105; x_wconf 90' lang='lat' dir='ltr'>imponit</span> <span class='ocrx_word' id='word_1_56' title='bbox 1090 1020 1235 1086; x_wconf 88' lang='lat' dir='ltr'>ultimam</span> <span class='ocrx_word' id='word_1_57' title='bbox 1282 1097 1285 1103; x_wconf 26' lang='lat'><strong>¹</strong></span> 
     </span>
     <span class='ocr_line' id='line_1_8' title="bbox 116 1134 1234 1219; baseline 0.005 -24"><span class='ocrx_word' id='word_1_58' title='bbox 116 1160 132 1195; x_wconf 88' lang='lat'>«</span> <span class='ocrx_word' id='word_1_59' title='bbox 152 1154 285 1200; x_wconf 89' lang='lat' dir='ltr'>manum</span> <span class='ocrx_word' id='word_1_60' title='bbox 301 1135 367 1219; x_wconf 88' lang='lat' dir='ltr'>liti;</span> <span class='ocrx_word' id='word_1_61' title='bbox 384 1140 522 1216; x_wconf 83' lang='lat' dir='ltr'>secando,</span> <span class='ocrx_word' id='word_1_62' title='bbox 550 1136 592 1201; x_wconf 91' lang='lat' dir='ltr'>ab</span> <span class='ocrx_word' id='word_1_63' title='bbox 616 1136 862 1201; x_wconf 88' lang='lat' dir='ltr'>interlocutoria</span> <span class='ocrx_word' id='word_1_64' title='bbox 878 1135 1019 1201; x_wconf 80' lang='lat' dir='ltr'>habente</span> <span class='ocrx_word' id='word_1_65' title='bbox 1036 1136 1103 1201; x_wconf 92' lang='lat' dir='ltr'>vim</span> <span class='ocrx_word' id='word_1_66' title='bbox 1116 1134 1234 1201; x_wconf 84' lang='lat' dir='ltr'>diffini·</span> 
     </span>
     <span class='ocr_line' id='line_1_9' title="bbox 120 1248 1231 1336; baseline 0.004 -25"><span class='ocrx_word' id='word_1_67' title='bbox 120 1275 136 1311; x_wconf 87' lang='lat'>«</span> <span class='ocrx_word' id='word_1_68' title='bbox 156 1253 244 1335; x_wconf 79' lang='lat' dir='ltr'>tivae3</span> <span class='ocrx_word' id='word_1_69' title='bbox 264 1257 365 1332; x_wconf 81' lang='lat' dir='ltr'>tertio,</span> <span class='ocrx_word' id='word_1_70' title='bbox 385 1271 403 1317; x_wconf 91' lang='lat' dir='ltr'>a</span> <span class='ocrx_word' id='word_1_71' title='bbox 420 1253 606 1335; x_wconf 84' lang='lat' dir='ltr'>gravamine</span> <span class='ocrx_word' id='word_1_72' title='bbox 621 1251 836 1336; x_wconf 88' lang='lat' dir='ltr'>irreparabili,</span> <span class='ocrx_word' id='word_1_73' title='bbox 851 1250 947 1329; x_wconf 88' lang='lat' dir='ltr'>idest,</span> <span class='ocrx_word' id='word_1_74' title='bbox 966 1248 1055 1336; x_wconf 89' lang='lat' dir='ltr'>quod</span> <span class='ocrx_word' id='word_1_75' title='bbox 1070 1268 1132 1335; x_wconf 86' lang='lat' dir='ltr'>pen</span> <span class='ocrx_word' id='word_1_76' title='bbox 1147 1249 1231 1316; x_wconf 89' lang='lat' dir='ltr'>defi-</span> 
     </span>
     <span class='ocr_line' id='line_1_10' title="bbox 119 1365 1231 1452; baseline 0.005 -25"><span class='ocrx_word' id='word_1_77' title='bbox 119 1391 136 1428; x_wconf 89' lang='lat'>«</span> <span class='ocrx_word' id='word_1_78' title='bbox 152 1367 286 1433; x_wconf 88' lang='lat' dir='ltr'>nitivam</span> <span class='ocrx_word' id='word_1_79' title='bbox 310 1368 457 1451; x_wconf 88' lang='lat' dir='ltr'>reparari</span> <span class='ocrx_word' id='word_1_80' title='bbox 483 1386 548 1433; x_wconf 90' lang='lat' dir='ltr'>non</span> <span class='ocrx_word' id='word_1_81' title='bbox 572 1375 691 1451; x_wconf 86' lang='lat' dir='ltr'>potest.</span> <span class='ocrx_word' id='word_1_82' title='bbox 724 1366 862 1452; x_wconf 86' lang='lat' dir='ltr'>(Concil.</span> <span class='ocrx_word' id='word_1_83' title='bbox 889 1365 1049 1444; x_wconf 78' lang='lat' dir='ltr'>Trident,</span> <span class='ocrx_word' id='word_1_84' title='bbox 1070 1385 1149 1433; x_wconf 88' lang='lat' dir='ltr'>sess.</span> <span class='ocrx_word' id='word_1_85' title='bbox 1179 1369 1231 1443; x_wconf 83' lang='grc'>13,</span> 
     </span>
     <span class='ocr_line' id='line_1_11' title="bbox 120 1481 431 1568; baseline 0.003 -23"><span class='ocrx_word' id='word_1_86' title='bbox 120 1508 137 1545; x_wconf 86' lang='grc'>((</span> <span class='ocrx_word' id='word_1_87' title='bbox 155 1501 227 1566; x_wconf 81' lang='lat' dir='ltr'>cap.</span> <span class='ocrx_word' id='word_1_88' title='bbox 250 1487 279 1561; x_wconf 86' lang='lat' dir='ltr'>l,</span> <span class='ocrx_word' id='word_1_89' title='bbox 296 1481 431 1568; x_wconf 72' lang='lat' dir='ltr'>dulles.)</span> 
     </span>
    </p>

    <p class='ocr_par' dir='ltr' id='par_1_4' title="bbox 119 1595 1236 1914">
     <span class='ocr_line' id='line_1_12' title="bbox 165 1595 1236 1683; baseline 0.005 -24"><span class='ocrx_word' id='word_1_90' title='bbox 165 1620 182 1658; x_wconf 78' lang='lat' dir='ltr'>a</span> <span class='ocrx_word' id='word_1_91' title='bbox 195 1595 261 1663; x_wconf 87' lang='lat' dir='ltr'>Sed</span> <span class='ocrx_word' id='word_1_92' title='bbox 279 1597 438 1681; x_wconf 79' lang='lat' dir='ltr'>quaritur</span> <span class='ocrx_word' id='word_1_93' title='bbox 451 1596 531 1683; x_wconf 88' lang='lat' dir='ltr'>quid</span> <span class='ocrx_word' id='word_1_94' title='bbox 548 1598 590 1663; x_wconf 85' lang='lat' dir='ltr'>sit</span> <span class='ocrx_word' id='word_1_95' title='bbox 602 1615 777 1682; x_wconf 80' lang='lat' dir='ltr'>gravamen</span> <span class='ocrx_word' id='word_1_96' title='bbox 788 1596 1031 1681; x_wconf 83' lang='lat' dir='ltr'>irreparabile?</span> <span class='ocrx_word' id='word_1_97' title='bbox 1046 1598 1236 1683; x_wconf 84' lang='lat' dir='ltr'>Responde·</span> 
     </span>
     <span class='ocr_line' id='line_1_13' title="bbox 119 1711 1235 1797; baseline 0.005 -23"><span class='ocrx_word' id='word_1_98' title='bbox 119 1737 136 1774; x_wconf 91' lang='lat'>«</span> <span class='ocrx_word' id='word_1_99' title='bbox 157 1722 213 1778; x_wconf 86' lang='lat' dir='ltr'>tur</span> <span class='ocrx_word' id='word_1_100' title='bbox 227 1731 400 1797; x_wconf 80' lang='lat' dir='ltr'>gravamen</span> <span class='ocrx_word' id='word_1_101' title='bbox 417 1713 628 1796; x_wconf 89' lang='lat' dir='ltr'>irreparabile</span> <span class='ocrx_word' id='word_1_102' title='bbox 648 1711 714 1777; x_wconf 91' lang='lat' dir='ltr'>dici</span> <span class='ocrx_word' id='word_1_103' title='bbox 731 1730 861 1778; x_wconf 92' lang='lat' dir='ltr'>omnem</span> <span class='ocrx_word' id='word_1_104' title='bbox 878 1721 991 1778; x_wconf 90' lang='lat' dir='ltr'>actum</span> <span class='ocrx_word' id='word_1_105' title='bbox 1011 1714 1235 1780; x_wconf 88' lang='lat' dir='ltr'>irretractabi-</span> 
     </span>
     <span class='ocr_line' id='line_1_14' title="bbox 120 1827 1232 1914; baseline 0.003 -22"><span class='ocrx_word' id='word_1_106' title='bbox 120 1855 136 1892; x_wconf 74' lang='grc' dir='ltr'><strong>α</strong></span> <span class='ocrx_word' id='word_1_107' title='bbox 157 1830 235 1908; x_wconf 91' lang='lat' dir='ltr'>lem,</span> <span class='ocrx_word' id='word_1_108' title='bbox 253 1838 290 1895; x_wconf 88' lang='lat' dir='ltr'>ut</span> <span class='ocrx_word' id='word_1_109' title='bbox 303 1837 354 1895; x_wconf 88' lang='lat' dir='ltr'>est</span> <span class='ocrx_word' id='word_1_110' title='bbox 362 1829 662 1905; x_wconf 83' lang='lat' dir='ltr'>excommunicatio,</span> <span class='ocrx_word' id='word_1_111' title='bbox 678 1829 867 1907; x_wconf 85' lang='lat' dir='ltr'>carceratio,</span> <span class='ocrx_word' id='word_1_112' title='bbox 886 1836 920 1894; x_wconf 88' lang='lat' dir='ltr'>et</span> <span class='ocrx_word' id='word_1_113' title='bbox 931 1829 992 1894; x_wconf 87' lang='lat' dir='ltr'>aha</span> <span class='ocrx_word' id='word_1_114' title='bbox 1004 1827 1232 1914; x_wconf 90' lang='lat' dir='ltr'>hujusmodi...</span> 
     </span>
    </p>

    <p class='ocr_par' dir='ltr' id='par_1_5' title="bbox 116 1941 1237 3189">
     <span class='ocr_line' id='line_1_15' title="bbox 165 1941 1237 2028; baseline 0.003 -22"><span class='ocrx_word' id='word_1_115' title='bbox 165 1949 225 2011; x_wconf 76' lang='grc' dir='ltr'>«3ο</span> <span class='ocrx_word' id='word_1_116' title='bbox 242 1947 289 2010; x_wconf 83' lang='lat' dir='ltr'>Er</span> <span class='ocrx_word' id='word_1_117' title='bbox 304 1944 510 2028; x_wconf 88' lang='lat' dir='ltr'>supradictis,</span> <span class='ocrx_word' id='word_1_118' title='bbox 522 1951 572 2012; x_wconf 90' lang='lat' dir='ltr'>est</span> <span class='ocrx_word' id='word_1_119' title='bbox 584 1944 678 2012; x_wconf 87' lang='lat' dir='ltr'>valde</span> <span class='ocrx_word' id='word_1_120' title='bbox 693 1943 876 2011; x_wconf 88' lang='lat' dir='ltr'>notandum</span> <span class='ocrx_word' id='word_1_121' title='bbox 887 1941 975 2028; x_wconf 90' lang='lat' dir='ltr'>quod</span> <span class='ocrx_word' id='word_1_122' title='bbox 987 1964 1052 2009; x_wconf 92' lang='lat' dir='ltr'>non</span> <span class='ocrx_word' id='word_1_123' title='bbox 1065 1944 1170 2009; x_wconf 91' lang='lat' dir='ltr'>omnis</span> <span class='ocrx_word' id='word_1_124' title='bbox 1183 1964 1237 2028; x_wconf 89' lang='lat' dir='ltr'>ap·</span> 
     </span>
     <span class='ocr_line' id='line_1_16' title="bbox 119 2059 1234 2148; baseline 0.001 -25"><span class='ocrx_word' id='word_1_125' title='bbox 119 2089 136 2124; x_wconf 88' lang='lat'>«</span> <span class='ocrx_word' id='word_1_126' title='bbox 154 2062 288 2148; x_wconf 81' lang='lat' dir='ltr'>pallatio</span> <span class='ocrx_word' id='word_1_127' title='bbox 303 2069 354 2129; x_wconf 88' lang='lat' dir='ltr'>est</span> <span class='ocrx_word' id='word_1_128' title='bbox 370 2060 602 2129; x_wconf 83' lang='lat' dir='ltr'>admittendae</span> <span class='ocrx_word' id='word_1_129' title='bbox 616 2062 741 2127; x_wconf 86' lang='lat' dir='ltr'>Vicario</span> <span class='ocrx_word' id='word_1_130' title='bbox 753 2060 1016 2146; x_wconf 70' lang='lat' dir='ltr'>archiepiscopi3</span> <span class='ocrx_word' id='word_1_131' title='bbox 1034 2080 1076 2126; x_wconf 92' lang='lat' dir='ltr'>ne</span> <span class='ocrx_word' id='word_1_132' title='bbox 1092 2059 1135 2125; x_wconf 92' lang='lat' dir='ltr'>de</span> <span class='ocrx_word' id='word_1_133' title='bbox 1146 2060 1234 2125; x_wconf 86' lang='lat' dir='ltr'>facili</span> 
     </span>
     <span class='ocr_line' id='line_1_17' title="bbox 118 2177 1235 2263; baseline 0.001 -23"><span class='ocrx_word' id='word_1_134' title='bbox 118 2205 134 2241; x_wconf 87' lang='lat'>«</span> <span class='ocrx_word' id='word_1_135' title='bbox 152 2179 312 2247; x_wconf 89' lang='lat' dir='ltr'>tollantur</span> <span class='ocrx_word' id='word_1_136' title='bbox 333 2198 436 2245; x_wconf 89' lang='lat' dir='ltr'>causae</span> <span class='ocrx_word' id='word_1_137' title='bbox 454 2177 741 2263; x_wconf 81' lang='lat' dir='ltr'>suffragancorum,</span> <span class='ocrx_word' id='word_1_138' title='bbox 765 2185 800 2243; x_wconf 87' lang='lat' dir='ltr'>et</span> <span class='ocrx_word' id='word_1_139' title='bbox 818 2197 933 2243; x_wconf 85' lang='lat' dir='ltr'>eorum</span> <span class='ocrx_word' id='word_1_140' title='bbox 948 2177 1121 2245; x_wconf 87' lang='lat' dir='ltr'>tribunalia</span> <span class='ocrx_word' id='word_1_141' title='bbox 1142 2179 1235 2261; x_wconf 90' lang='lat' dir='ltr'>parvi</span> 
     </span>
     <span class='ocr_line' id='line_1_18' title="bbox 118 2291 1234 2378; baseline 0.002 -24"><span class='ocrx_word' id='word_1_142' title='bbox 118 2320 134 2355; x_wconf 76' lang='lat' dir='ltr'>n</span> <span class='ocrx_word' id='word_1_143' title='bbox 155 2293 361 2378; x_wconf 84' lang='lat' dir='ltr'>pendantur3</span> <span class='ocrx_word' id='word_1_144' title='bbox 388 2301 423 2358; x_wconf 90' lang='lat' dir='ltr'>et</span> <span class='ocrx_word' id='word_1_145' title='bbox 445 2312 486 2358; x_wconf 90' lang='lat' dir='ltr'>ne</span> <span class='ocrx_word' id='word_1_146' title='bbox 506 2292 700 2377; x_wconf 80' lang='lat' dir='ltr'>suffraganei</span> <span class='ocrx_word' id='word_1_147' title='bbox 720 2297 876 2375; x_wconf 87' lang='lat' dir='ltr'>spernant</span> <span class='ocrx_word' id='word_1_148' title='bbox 897 2291 1105 2358; x_wconf 88' lang='lat' dir='ltr'>inhibitiones</span> <span class='ocrx_word' id='word_1_149' title='bbox 1127 2314 1134 2358; x_wconf 94' lang='lat'>:</span> <span class='ocrx_word' id='word_1_150' title='bbox 1159 2310 1234 2357; x_wconf 91' lang='lat' dir='ltr'>nam</span> 
     </span>
     <span class='ocr_line' id='line_1_19' title="bbox 117 2407 1232 2495; baseline -0.002 -22"><span class='ocrx_word' id='word_1_151' title='bbox 117 2437 134 2475; x_wconf 90' lang='lat'>«</span> <span class='ocrx_word' id='word_1_152' title='bbox 150 2417 290 2478; x_wconf 89' lang='lat' dir='ltr'>cavetur</span> <span class='ocrx_word' id='word_1_153' title='bbox 302 2411 433 2476; x_wconf 89' lang='lat' dir='ltr'>insacro</span> <span class='ocrx_word' id='word_1_154' title='bbox 444 2410 578 2477; x_wconf 87' lang='lat' dir='ltr'>concilio</span> <span class='ocrx_word' id='word_1_155' title='bbox 588 2407 779 2475; x_wconf 81' lang='lat' dir='ltr'>Tridentino</span> <span class='ocrx_word' id='word_1_156' title='bbox 791 2407 882 2495; x_wconf 87' lang='lat' dir='ltr'>(sess.</span> <span class='ocrx_word' id='word_1_157' title='bbox 893 2410 944 2486; x_wconf 89' lang='grc'>13,</span> <span class='ocrx_word' id='word_1_158' title='bbox 956 2427 985 2473; x_wconf 93' lang='lat' dir='ltr'>c.</span> <span class='ocrx_word' id='word_1_159' title='bbox 1000 2409 1030 2486; x_wconf 89' lang='grc'>1,</span> <span class='ocrx_word' id='word_1_160' title='bbox 1046 2415 1167 2473; x_wconf 86' lang='lat' dir='ltr'>etsess.</span> <span class='ocrx_word' id='word_1_161' title='bbox 1177 2408 1232 2485; x_wconf 83' lang='grc'>24,</span> 
     </span>
     <span class='ocr_line' id='line_1_20' title="bbox 117 2523 1233 2610; baseline 0.001 -22"><span class='ocrx_word' id='word_1_162' title='bbox 117 2554 134 2590; x_wconf 86' lang='lat'>«</span> <span class='ocrx_word' id='word_1_163' title='bbox 152 2548 184 2593; x_wconf 88' lang='lat' dir='ltr'>c.</span> <span class='ocrx_word' id='word_1_164' title='bbox 194 2531 248 2605; x_wconf 88' lang='grc'>20,</span> <span class='ocrx_word' id='word_1_165' title='bbox 262 2531 299 2592; x_wconf 81' lang='lat' dir='ltr'>dc</span> <span class='ocrx_word' id='word_1_166' title='bbox 313 2523 394 2610; x_wconf 83' lang='lat' dir='ltr'>Res.)</span> <span class='ocrx_word' id='word_1_167' title='bbox 410 2525 498 2610; x_wconf 90' lang='lat' dir='ltr'>quod</span> <span class='ocrx_word' id='word_1_168' title='bbox 510 2544 571 2591; x_wconf 91' lang='lat' dir='ltr'>nec</span> <span class='ocrx_word' id='word_1_169' title='bbox 586 2526 762 2609; x_wconf 78' lang='lat' dir='ltr'>Episcopus</span> <span class='ocrx_word' id='word_1_170' title='bbox 777 2542 839 2589; x_wconf 91' lang='lat' dir='ltr'>nec</span> <span class='ocrx_word' id='word_1_171' title='bbox 853 2523 1000 2589; x_wconf 76' lang='lat' dir='ltr'>vicarius</span> <span class='ocrx_word' id='word_1_172' title='bbox 1013 2529 1170 2589; x_wconf 85' lang='lat' dir='ltr'>tenentur</span> <span class='ocrx_word' id='word_1_173' title='bbox 1183 2542 1233 2589; x_wconf 86' lang='lat' dir='ltr'>as·</span> 
     </span>
     <span class='ocr_line' id='line_1_21' title="bbox 119 2637 1233 2728; baseline 0.001 -24"><span class='ocrx_word' id='word_1_174' title='bbox 119 2670 135 2705; x_wconf 88' lang='lat'>«</span> <span class='ocrx_word' id='word_1_175' title='bbox 156 2644 270 2710; x_wconf 85' lang='lat' dir='ltr'>sentiri</span> <span class='ocrx_word' id='word_1_176' title='bbox 277 2643 535 2728; x_wconf 88' lang='lat' dir='ltr'>quibuscumque</span> <span class='ocrx_word' id='word_1_177' title='bbox 554 2640 817 2718; x_wconf 86' lang='lat' dir='ltr'>inhibitionibus,</span> <span class='ocrx_word' id='word_1_178' title='bbox 840 2645 876 2702; x_wconf 90' lang='lat' dir='ltr'>et</span> <span class='ocrx_word' id='word_1_179' title='bbox 891 2637 1023 2705; x_wconf 86' lang='lat' dir='ltr'>deferre</span> <span class='ocrx_word' id='word_1_180' title='bbox 1038 2639 1233 2725; x_wconf 89' lang='lat' dir='ltr'>cuicumque</span> 
     </span>
     <span class='ocr_line' id='line_1_22' title="bbox 120 2751 1225 2844; baseline -0.002 -24"><span class='ocrx_word' id='word_1_181' title='bbox 120 2786 136 2821; x_wconf 88' lang='lat'>«</span> <span class='ocrx_word' id='word_1_182' title='bbox 155 2759 375 2844; x_wconf 85' lang='lat' dir='ltr'>appellationi,</span> <span class='ocrx_word' id='word_1_183' title='bbox 397 2758 457 2822; x_wconf 90' lang='lat' dir='ltr'>nisi</span> <span class='ocrx_word' id='word_1_184' title='bbox 473 2757 507 2821; x_wconf 93' lang='lat' dir='ltr'>in</span> <span class='ocrx_word' id='word_1_185' title='bbox 525 2757 587 2822; x_wconf 93' lang='lat' dir='ltr'>illis</span> <span class='ocrx_word' id='word_1_186' title='bbox 604 2756 710 2821; x_wconf 90' lang='lat' dir='ltr'>tribus</span> <span class='ocrx_word' id='word_1_187' title='bbox 730 2754 856 2820; x_wconf 90' lang='lat' dir='ltr'>casibus</span> <span class='ocrx_word' id='word_1_188' title='bbox 871 2751 913 2820; x_wconf 92' lang='lat' dir='ltr'>de</span> <span class='ocrx_word' id='word_1_189' title='bbox 935 2753 1054 2838; x_wconf 89' lang='lat' dir='ltr'>quibus</span> <span class='ocrx_word' id='word_1_190' title='bbox 1072 2753 1225 2819; x_wconf 81' lang='lat' dir='ltr'>diximus.</span> 
     </span>
     <span class='ocr_line' id='line_1_23' title="bbox 120 2869 1235 2958; baseline -0.002 -22"><span class='ocrx_word' id='word_1_191' title='bbox 120 2902 136 2936; x_wconf 87' lang='lat'>«</span> <span class='ocrx_word' id='word_1_192' title='bbox 156 2874 252 2958; x_wconf 86' lang='lat' dir='ltr'>Quod</span> <span class='ocrx_word' id='word_1_193' title='bbox 272 2875 371 2940; x_wconf 90' lang='lat' dir='ltr'>etiam</span> <span class='ocrx_word' id='word_1_194' title='bbox 385 2872 569 2958; x_wconf 86' lang='lat' dir='ltr'>disponitur</span> <span class='ocrx_word' id='word_1_195' title='bbox 586 2891 647 2957; x_wconf 89' lang='lat' dir='ltr'>per</span> <span class='ocrx_word' id='word_1_196' title='bbox 662 2870 907 2936; x_wconf 83' lang='lat' dir='ltr'>constitutiones</span> <span class='ocrx_word' id='word_1_197' title='bbox 924 2869 1108 2953; x_wconf 88' lang='lat' dir='ltr'>pontificias</span> <span class='ocrx_word' id='word_1_198' title='bbox 1124 2876 1158 2934; x_wconf 91' lang='lat' dir='ltr'>et</span> <span class='ocrx_word' id='word_1_199' title='bbox 1173 2888 1235 2954; x_wconf 89' lang='lat' dir='ltr'>per</span> 
     </span>
     <span class='ocr_line' id='line_1_24' title="bbox 118 2979 1232 3072; baseline -0.002 -21"><span class='ocrx_word' id='word_1_200' title='bbox 118 3017 135 3053; x_wconf 85' lang='grc'>«</span> <span class='ocrx_word' id='word_1_201' title='bbox 152 2979 389 3056; x_wconf 80' lang='lat' dir='ltr'>declarationes</span> <span class='ocrx_word' id='word_1_202' title='bbox 417 2990 520 3055; x_wconf 77' lang='lat' dir='ltr'>sacra</span> <span class='ocrx_word' id='word_1_203' title='bbox 548 2987 850 3072; x_wconf 78' lang='lat' dir='ltr'>congregationis.»</span> <span class='ocrx_word' id='word_1_204' title='bbox 884 2985 1096 3071; x_wconf 82' lang='lat' dir='ltr'>(Pellegrini,</span> <span class='ocrx_word' id='word_1_205' title='bbox 1122 2985 1232 3069; x_wconf 86' lang='lat' dir='ltr'>praxis</span> 
     </span>
     <span class='ocr_line' id='line_1_25' title="bbox 116 3099 812 3189; baseline -0.01 -15"><span class='ocrx_word' id='word_1_206' title='bbox 116 3108 334 3189; x_wconf 78' lang='lat' dir='ltr'>vicariorum,</span> <span class='ocrx_word' id='word_1_207' title='bbox 352 3107 425 3172; x_wconf 90' lang='lat' dir='ltr'>loco</span> <span class='ocrx_word' id='word_1_208' title='bbox 440 3106 550 3183; x_wconf 89' lang='lat' dir='ltr'>citato,</span> <span class='ocrx_word' id='word_1_209' title='bbox 569 3125 601 3169; x_wconf 90' lang='lat' dir='ltr'>n.</span> <span class='ocrx_word' id='word_1_210' title='bbox 628 3106 665 3169; x_wconf 88' lang='grc'>13</span> <span class='ocrx_word' id='word_1_211' title='bbox 683 3099 812 3186; x_wconf 75' lang='lat' dir='ltr'>etseq.)</span> 
     </span>
    </p>

    <p class='ocr_par' dir='ltr' id='par_1_6' title="bbox 112 3214 1233 4237">
     <span class='ocr_line' id='line_1_26' title="bbox 160 3214 1228 3301; baseline -0.007 -13"><span class='ocrx_word' id='word_1_212' title='bbox 160 3225 195 3288; x_wconf 83' lang='lat'>4⁰</span> <span class='ocrx_word' id='word_1_213' title='bbox 221 3223 357 3289; x_wconf 90' lang='lat' dir='ltr'>Diversa</span> <span class='ocrx_word' id='word_1_214' title='bbox 385 3221 423 3286; x_wconf 89' lang='lat' dir='ltr'>fit</span> <span class='ocrx_word' id='word_1_215' title='bbox 449 3219 592 3285; x_wconf 92' lang='lat' dir='ltr'>conditio</span> <span class='ocrx_word' id='word_1_216' title='bbox 624 3219 742 3283; x_wconf 78' lang='lat' dir='ltr'>vicarii</span> <span class='ocrx_word' id='word_1_217' title='bbox 783 3216 943 3301; x_wconf 85' lang='lat' dir='ltr'>generalis</span> <span class='ocrx_word' id='word_1_218' title='bbox 972 3214 1228 3300; x_wconf 82' lang='lat' dir='ltr'>hrohiepisccpi,</span> 
     </span>
     <span class='ocr_line' id='line_1_27' title="bbox 115 3331 1233 3426; baseline -0.008 -20"><span class='ocrx_word' id='word_1_219' title='bbox 115 3348 217 3426; x_wconf 92' lang='lat' dir='ltr'>prout</span> <span class='ocrx_word' id='word_1_220' title='bbox 232 3340 417 3422; x_wconf 88' lang='lat' dir='ltr'>appellatur</span> <span class='ocrx_word' id='word_1_221' title='bbox 437 3358 455 3402; x_wconf 91' lang='lat' dir='ltr'>a</span> <span class='ocrx_word' id='word_1_222' title='bbox 476 3336 636 3402; x_wconf 85' lang='lat' dir='ltr'>sententia</span> <span class='ocrx_word' id='word_1_223' title='bbox 655 3333 841 3412; x_wconf 89' lang='lat' dir='ltr'>definitiva,</span> <span class='ocrx_word' id='word_1_224' title='bbox 864 3334 918 3399; x_wconf 93' lang='lat' dir='ltr'>vel</span> <span class='ocrx_word' id='word_1_225' title='bbox 939 3331 1142 3398; x_wconf 84' lang='lat' dir='ltr'>dumtaxata</span> <span class='ocrx_word' id='word_1_226' title='bbox 1160 3352 1233 3398; x_wconf 90' lang='lat' dir='ltr'>sen-</span> 
     </span>
     <span class='ocr_line' id='line_1_28' title="bbox 115 3450 1233 3538; baseline -0.01 -13"><span class='ocrx_word' id='word_1_227' title='bbox 115 3456 219 3525; x_wconf 89' lang='lat' dir='ltr'>tentia</span> <span class='ocrx_word' id='word_1_228' title='bbox 234 3454 478 3522; x_wconf 88' lang='lat' dir='ltr'>interlocutoria</span> <span class='ocrx_word' id='word_1_229' title='bbox 497 3461 554 3518; x_wconf 89' lang='lat' dir='ltr'>aut</span> <span class='ocrx_word' id='word_1_230' title='bbox 566 3451 764 3538; x_wconf 78' lang='lat' dir='ltr'>gravamine.</span> <span class='ocrx_word' id='word_1_231' title='bbox 779 3452 860 3517; x_wconf 87' lang='lat' dir='ltr'>Nam</span> <span class='ocrx_word' id='word_1_232' title='bbox 871 3451 904 3516; x_wconf 92' lang='lat' dir='ltr'>in</span> <span class='ocrx_word' id='word_1_233' title='bbox 921 3468 997 3516; x_wconf 90' lang='lat' dir='ltr'>casu</span> <span class='ocrx_word' id='word_1_234' title='bbox 1008 3450 1233 3534; x_wconf 90' lang='lat' dir='ltr'>appellationis</span> 
     </span>
     <span class='ocr_line' id='line_1_29' title="bbox 115 3565 1233 3653; baseline -0.012 -14"><span class='ocrx_word' id='word_1_235' title='bbox 115 3574 158 3639; x_wconf 93' lang='lat' dir='ltr'>ab</span> <span class='ocrx_word' id='word_1_236' title='bbox 173 3570 420 3638; x_wconf 88' lang='lat' dir='ltr'>interlocutoria</span> <span class='ocrx_word' id='word_1_237' title='bbox 438 3570 491 3635; x_wconf 91' lang='lat' dir='ltr'>vel</span> <span class='ocrx_word' id='word_1_238' title='bbox 502 3569 707 3653; x_wconf 82' lang='lat' dir='ltr'>gravamine,</span> <span class='ocrx_word' id='word_1_239' title='bbox 722 3587 787 3632; x_wconf 91' lang='lat' dir='ltr'>non</span> <span class='ocrx_word' id='word_1_240' title='bbox 801 3566 840 3632; x_wconf 90' lang='lat' dir='ltr'>fit</span> <span class='ocrx_word' id='word_1_241' title='bbox 852 3565 954 3652; x_wconf 87' lang='lat' dir='ltr'>judex</span> <span class='ocrx_word' id='word_1_242' title='bbox 970 3586 1066 3629; x_wconf 81' lang='lat' dir='ltr'>cousoe</span> <span class='ocrx_word' id='word_1_243' title='bbox 1074 3570 1233 3648; x_wconf 78' lang='lat' dir='ltr'>principa-</span> 
     </span>
     <span class='ocr_line' id='line_1_30' title="bbox 116 3679 1233 3772; baseline -0.007 -20"><span class='ocrx_word' id='word_1_244' title='bbox 116 3693 167 3768; x_wconf 77' lang='lat' dir='ltr'>lis,</span> <span class='ocrx_word' id='word_1_245' title='bbox 185 3688 247 3751; x_wconf 93' lang='lat' dir='ltr'>nisi</span> <span class='ocrx_word' id='word_1_246' title='bbox 258 3693 430 3772; x_wconf 86' lang='lat' dir='ltr'>postquam</span> <span class='ocrx_word' id='word_1_247' title='bbox 443 3685 665 3768; x_wconf 88' lang='lat' dir='ltr'>pronuntiavit</span> <span class='ocrx_word' id='word_1_248' title='bbox 678 3686 852 3764; x_wconf 73' lang='lat' dir='ltr'>deposuisse</span> <span class='ocrx_word' id='word_1_249' title='bbox 866 3682 1062 3763; x_wconf 83' lang='lat' dir='ltr'>appellatum.</span> <span class='ocrx_word' id='word_1_250' title='bbox 1080 3679 1106 3743; x_wconf 88' lang='lat' dir='ltr'><strong>E</strong></span> <span class='ocrx_word' id='word_1_251' title='bbox 1121 3687 1233 3744; x_wconf 87' lang='lat' dir='ltr'>contra</span> 
     </span>
     <span class='ocr_line' id='line_1_31' title="bbox 114 3794 1231 3890; baseline -0.011 -19"><span class='ocrx_word' id='word_1_252' title='bbox 114 3803 246 3890; x_wconf 86' lang='lat' dir='ltr'>quando</span> <span class='ocrx_word' id='word_1_253' title='bbox 265 3803 465 3886; x_wconf 88' lang='lat' dir='ltr'>appellatum</span> <span class='ocrx_word' id='word_1_254' title='bbox 488 3807 574 3865; x_wconf 90' lang='lat' dir='ltr'>esta</span> <span class='ocrx_word' id='word_1_255' title='bbox 599 3796 760 3864; x_wconf 87' lang='lat' dir='ltr'>sententia</span> <span class='ocrx_word' id='word_1_256' title='bbox 776 3795 960 3871; x_wconf 88' lang='lat' dir='ltr'>definitiva,</span> <span class='ocrx_word' id='word_1_257' title='bbox 979 3794 1089 3858; x_wconf 90' lang='lat' dir='ltr'>statim</span> <span class='ocrx_word' id='word_1_258' title='bbox 1109 3796 1231 3878; x_wconf 88' lang='lat' dir='ltr'>etipsa</span> 
     </span>
     <span class='ocr_line' id='line_1_32' title="bbox 115 3910 1232 4003; baseline -0.013 -15"><span class='ocrx_word' id='word_1_259' title='bbox 115 3923 205 3988; x_wconf 85' lang='lat' dir='ltr'>facto</span> <span class='ocrx_word' id='word_1_260' title='bbox 227 3917 407 4003; x_wconf 80' lang='lat' dir='ltr'>interJ‘ectae</span> <span class='ocrx_word' id='word_1_261' title='bbox 434 3914 658 4001; x_wconf 88' lang='lat' dir='ltr'>appellationis</span> <span class='ocrx_word' id='word_1_262' title='bbox 682 3913 890 3978; x_wconf 89' lang='lat' dir='ltr'>constituitur</span> <span class='ocrx_word' id='word_1_263' title='bbox 915 3928 1017 3975; x_wconf 87' lang='lat' dir='ltr'>causae</span> <span class='ocrx_word' id='word_1_264' title='bbox 1045 3910 1232 3993; x_wconf 89' lang='lat' dir='ltr'>principalis</span> 
     </span>
     <span class='ocr_line' id='line_1_33' title="bbox 112 4025 1232 4125; baseline -0.011 -23"><span class='ocrx_word' id='word_1_265' title='bbox 112 4036 229 4125; x_wconf 84' lang='lat' dir='ltr'>judex,</span> <span class='ocrx_word' id='word_1_266' title='bbox 246 4038 279 4100; x_wconf 93' lang='lat' dir='ltr'>in</span> <span class='ocrx_word' id='word_1_267' title='bbox 295 4053 358 4120; x_wconf 91' lang='lat' dir='ltr'>qua</span> <span class='ocrx_word' id='word_1_268' title='bbox 373 4052 468 4097; x_wconf 88' lang='lat' dir='ltr'>causa</span> <span class='ocrx_word' id='word_1_269' title='bbox 480 4030 649 4116; x_wconf 90' lang='lat' dir='ltr'>principali</span> <span class='ocrx_word' id='word_1_270' title='bbox 661 4027 727 4114; x_wconf 88' lang='lat' dir='ltr'>jam</span> <span class='ocrx_word' id='word_1_271' title='bbox 743 4028 857 4112; x_wconf 88' lang='lat' dir='ltr'>nequit</span> <span class='ocrx_word' id='word_1_272' title='bbox 877 4025 979 4111; x_wconf 81' lang='lat' dir='ltr'>judex</span> <span class='ocrx_word' id='word_1_273' title='bbox 991 4046 1010 4089; x_wconf 87' lang='lat' dir='ltr'>u</span> <span class='ocrx_word' id='word_1_274' title='bbox 1022 4046 1079 4108; x_wconf 82' lang='lat' dir='ltr'>quo</span> <span class='ocrx_word' id='word_1_275' title='bbox 1090 4044 1160 4091; x_wconf 90' lang='lat' dir='ltr'>sese</span> <span class='ocrx_word' id='word_1_276' title='bbox 1176 4027 1232 4091; x_wconf 93' lang='lat' dir='ltr'>im·</span> 
     </span>
     <span class='ocr_line' id='line_1_34' title="bbox 115 4142 1230 4237; baseline -0.012 -18"><span class='ocrx_word' id='word_1_277' title='bbox 115 4156 265 4220; x_wconf 88' lang='lat' dir='ltr'>miscere.</span> <span class='ocrx_word' id='word_1_278' title='bbox 287 4149 380 4237; x_wconf 74' lang='lat' dir='ltr'>(Vide</span> <span class='ocrx_word' id='word_1_279' title='bbox 395 4149 626 4233; x_wconf 77' lang='lat' dir='ltr'>Pellegrinum</span> <span class='ocrx_word' id='word_1_280' title='bbox 648 4153 742 4229; x_wconf 86' lang='lat' dir='ltr'>parte</span> <span class='ocrx_word' id='word_1_281' title='bbox 765 4149 794 4223; x_wconf 84' lang='lat'>1,</span> <span class='ocrx_word' id='word_1_282' title='bbox 809 4144 908 4210; x_wconf 91' lang='lat' dir='ltr'>sectio</span> <span class='ocrx_word' id='word_1_283' title='bbox 926 4146 959 4222; x_wconf 80' lang='grc'>3,</span> <span class='ocrx_word' id='word_1_284' title='bbox 975 4142 1180 4223; x_wconf 75' lang='lat' dir='ltr'>subnectione</span> <span class='ocrx_word' id='word_1_285' title='bbox 1200 4144 1230 4220; x_wconf 86' lang='lat' dir='ltr'>l,</span> 
     </span>
    </p>
   </div>
   <div class='ocr_carea' id='block_1_3' title="bbox 115 4266 1233 4467">
    <p class='ocr_par' dir='ltr' id='par_1_7' title="bbox 115 4266 1233 4467">
     <span class='ocr_line' id='line_1_35' title="bbox 115 4273 224 4335; baseline -0.018 0"><span class='ocrx_word' id='word_1_286' title='bbox 115 4291 150 4335; x_wconf 91' lang='lat' dir='ltr'>n.</span> <span class='ocrx_word' id='word_1_287' title='bbox 170 4273 224 4335; x_wconf 88' lang='grc'>20.</span> 
     </span>
     <span class='ocr_line' id='line_1_36' title="bbox 163 4266 1233 4467; baseline -0.007 -19"><span class='ocrx_word' id='word_1_288' title='bbox 163 4388 196 4448; x_wconf 84' lang='lat'>5⁰</span> <span class='ocrx_word' id='word_1_289' title='bbox 213 4266 350 4466; x_wconf 51' lang='lat' dir='ltr'>Qluurrdc</span> <span class='ocrx_word' id='word_1_290' title='bbox 363 4379 467 4467; x_wconf 79' lang='lat' dir='ltr'>juder</span> <span class='ocrx_word' id='word_1_291' title='bbox 485 4402 504 4444; x_wconf 85' lang='lat' dir='ltr'>o</span> <span class='ocrx_word' id='word_1_292' title='bbox 518 4400 575 4463; x_wconf 82' lang='lat' dir='ltr'>qao</span> <span class='ocrx_word' id='word_1_293' title='bbox 585 4380 653 4465; x_wconf 90' lang='lat' dir='ltr'>ipse</span> <span class='ocrx_word' id='word_1_294' title='bbox 664 4385 778 4465; x_wconf 87' lang='lat' dir='ltr'>sponte</span> <span class='ocrx_word' id='word_1_295' title='bbox 791 4374 909 4444; x_wconf 87' lang='lat' dir='ltr'>detulit</span> <span class='ocrx_word' id='word_1_296' title='bbox 918 4375 1233 4460; x_wconf 88' lang='lat' dir='ltr'>appellationi‚nulla</span> 
     </span>
    </p>
   </div>
   <div class='ocr_carea' id='block_1_4' title="bbox 0 0 1362 4980">
    <p class='ocr_par' dir='ltr' id='par_1_8' title="bbox 0 0 1362 4980">
     <span class='ocr_line' id='line_1_37' title="bbox 0 0 1362 4980; baseline 0 1"><span class='ocrx_word' id='word_1_297' title='bbox 0 0 1362 4980; x_wconf 95' lang='lat' dir='ltr'> </span> 
     </span>
    </p>
   </div>
  </div>
 </body>
</html>
