2714 4980
564 364 644 411 rans
666 364 780 411 rarus.
1168 347 1233 411 229

108 510 211 560 mano
240 492 324 580 (lege
344 496 374 572 1,
396 498 412 572 s
434 488 798 576 admodulanter),
821 498 856 556 et
875 490 910 555 in
930 488 1066 557 decreto
1088 490 1235 556 Gratiani

113 603 200 687 (can.
220 607 253 682 2,
275 623 378 671 causac
393 607 426 682 3,
443 609 557 690 quast.
576 601 620 689 7),
641 603 703 670 hoc
720 602 818 669 modo
839 624 847 668 ι
868 607 925 668 Est
944 610 1045 667 autem
1063 605 1230 687 postulare,

112 720 298 784 desiderium
310 741 397 784 suum
411 721 459 783 val
472 724 563 783 amici
577 726 637 800 sui,
659 726 693 783 iu
707 725 779 804 jure
793 722 876 802 aprcd
888 739 954 782 cum
968 724 1021 800 qui
1025 721 1235 802 jurisdictioni

111 844 235 919 praecst,
247 856 405 918 exponere,
420 839 468 900 ccl
478 839 604 900 ultoriam
613 839 761 901 desiderio
772 841 924 915 resistam
936 854 1007 920 quae
1019 835 1236 900 vetustissima

113 949 263 1016 definitio
271 952 652 1034 Ulpianoiurisconsulto
661 952 828 1017 tribuitur.
838 951 978 1016 invaluit
985 951 1235 1017 autemomnino

112 1083 192 1131 usus
213 1065 449 1132 advocatorum
471 1066 610 1132 officium
630 1086 692 1151 per
713 1066 839 1132 dictum
864 1067 1060 1132 vocabulum
1081 1069 1236 1149 postulare

111 1180 336 1265 exprimend13
355 1181 438 1247 adeo
451 1190 499 1260 ut,
515 1189 549 1247 et
562 1182 595 1245 in
611 1182 724 1259 civilis,
742 1184 820 1246 etin
836 1182 979 1248 canonici
989 1181 1072 1266 juris
1083 1200 1232 1264 corpore,

112 1315 186 1383 quaa
200 1296 245 1362 ad
259 1317 377 1364 munus
388 1298 622 1365 advocatorum
635 1299 812 1382 pertinent,
826 1298 887 1363 sub
901 1297 997 1365 titulo
1009 1302 1047 1363 de
1054 1301 1236 1382 postulando

112 1413 261 1498 reposita
279 1415 353 1479 sint.

157 1527 331 1610 Quomodo
344 1547 424 1594 vero
440 1529 618 1596 advocatus
633 1537 877 1613 aprocuratore
898 1528 1037 1608 differat,
1051 1528 1117 1615 jam
1134 1531 1168 1594 in
1183 1549 1238 1596 su-

112 1645 237 1729 periori
250 1645 355 1727 capite
368 1644 591 1710 indicavimus.
604 1644 699 1726 Quod
711 1644 886 1711 discrimen
900 1646 1056 1711 concinne
1068 1644 1238 1711 adnotavit

115 1761 430 1827 Vinniushisverhis
450 1783 457 1827 :
479 1790 493 1817 «
509 1761 695 1828 Advocatus
706 1780 876 1845 personam
887 1762 1032 1845 suscipit,
1043 1769 1238 1846 procurator

121 1879 315 1962 «negotium
336 1899 344 1943 ε
368 1877 456 1943 unde
478 1877 637 1947 advocato
658 1898 732 1943 meo
757 1897 828 1942 sum
851 1885 1020 1962 susceptus
1044 1880 1097 1945 vel
1118 1878 1234 1963 cliens3

121 1997 351 2078 «procuratori
369 1993 543 2059 mandator
563 1994 618 2058 rel
640 1993 800 2060 dominus.
829 1993 1015 2059 Advocatus
1038 1993 1164 2058 clientis
1188 1994 1238 2058 sui

121 2128 277 2175 ·oausam
297 2117 386 2187 orat,
403 2109 457 2195 jus
471 2111 502 2175 ei
516 2109 715 2194 suppeditat,
734 2110 874 2194 concipit
892 2109 1039 2190 libellos,
1065 2129 1180 2197 preces
1203 2116 1238 2176 et

121 2227 208 2293 «alia
223 2226 259 2293 id
275 2246 395 2311 genus3
418 2235 614 2312 procurator
631 2227 823 2293 administer
837 2232 887 2294 est
907 2235 941 2293 et
963 2222 1119 2294 executor
1138 2227 1239 2294 advo·

121 2344 306 2424 «cationis,
334 2344 493 2413 advocato
511 2347 728 2412 instrumenta
749 2354 785 2412 et
801 2347 1018 2430 cognitionem
1048 2347 1150 2412 totius
1180 2365 1238 2412 ne-

120 2492 132 2513 «
148 2460 228 2546 gotii
246 2459 534 2527 subministrans.»
564 2462 761 2548 (Partitiorws
781 2467 877 2546 juris,
905 2460 982 2527 libri
1002 2465 1034 2541 3,
1053 2463 1158 2546 capite
1183 2464 1234 2542 18,

114 2577 148 2642 in
162 2583 241 2644 nota
255 2573 295 2661 f.)

157 2690 327 2756 Promissa
341 2699 450 2758 autem
463 2692 554 2758 notio
569 2691 637 2758 sive
656 2691 804 2757 definitio
818 2693 971 2759 convenit
991 2691 1161 2760 dumtaxat
1183 2694 1239 2762 ad·

115 2807 239 2873 vocatis
262 2813 366 2872 stricte
392 2814 530 2892 sumptis,
561 2812 596 2873 et
617 2807 799 2874 secundum
812 2807 867 2894 jus
890 2828 1072 2875 commune.
1095 2811 1177 2877 Nam
1199 2830 1239 2877 ea

114 2941 179 2988 vox
209 2922 389 3006 antiquitus
409 2923 613 3007 generalium,
640 2943 678 2990 ac
700 2923 839 3007 proinde
866 2925 963 3009 paulo
985 2923 1116 2991 diverso
1140 2944 1238 2993 sensu

114 3037 260 3104 adhibita
274 3039 353 3122 fnit3
371 3046 405 3105 et
416 3040 450 3104 in
461 3041 550 3105 curia
562 3059 695 3106 romana
707 3059 772 3107 non
782 3040 818 3107 id
827 3041 921 3107 officii
930 3042 1063 3124 explent
1071 3039 1233 3121 advocati,

115 3153 205 3240 quod
226 3161 418 3221 craterarum
440 3157 609 3239 regionum
628 3157 794 3224 advocatis
808 3157 851 3224 de
866 3157 941 3243 juro
960 3159 1122 3224 communi
1146 3178 1237 3226 com·

115 3272 220 3353 petit3
237 3269 318 3334 utin
329 3271 542 3354 sequentibus
553 3271 763 3356 paragraphis
778 3271 965 3339 adnotatur.

159 3385 273 3450 Varias
295 3384 528 3452 advocatorum
556 3388 680 3470 species
700 3388 744 3452 sic
767 3394 917 3454 recenset
947 3387 1237 3475 Schmalzgrueber

117 3499 160 3585 (in
179 3501 314 3565 titulum
335 3503 390 3580 37,
411 3501 488 3568 libri
506 3506 517 3566 l
543 3502 769 3582 decretalium,
791 3525 824 3568 n.
847 3502 879 3589 4)
903 3525 911 3570 ε
933 3527 951 3567 a
973 3508 1006 3571 1ο
1021 3506 1076 3571 alii
1091 3511 1167 3571 sunt
1176 3528 1237 3591 po-

117 3620 229 3698 «bimi,
248 3618 304 3701 qui
317 3618 351 3682 in
364 3619 467 3684 causis
481 3619 618 3704 puhlicis
628 3627 662 3685 et
674 3620 757 3686 Fisci
771 3640 1006 3705 operamsuam
1017 3621 1211 3706 impendunt
1225 3646 1232 3689 :

117 3732 200 3800 «alii
208 3739 340 3816 pocati,
358 3734 416 3818 qui
434 3753 567 3818 operam
582 3754 672 3800 suam
684 3744 840 3818 prestant
849 3737 882 3800 iu
896 3736 1002 3801 causis
1014 3737 1233 3822 privatorum;

116 3851 183 3914 «2⁰
197 3847 254 3913 alii
268 3853 526 3928 anatomicam,
544 3853 600 3935 qui
618 3851 749 3935 publica
778 3851 975 3918 authoritate
990 3852 1033 3919 ad
1052 3871 1164 3918 causas
1178 3872 1237 3937 pe-

116 3961 308 4031 arorandas
326 3963 490 4042 destinati,
510 3967 601 4050 quasi
616 3985 658 4031 ex
672 3965 775 4033 officio
800 3968 1015 4051 patrocinium
1036 3967 1238 4051 litigantibus

113 4103 132 4141 α
146 4080 341 4164 conserunt3
358 4080 439 4146 ethi
460 4083 535 4166 quia
556 4081 635 4148 dum
659 4082 799 4149 officium
820 4083 909 4150 istud
932 4085 1123 4168 suscipiunt,
1146 4081 1238 4169 jura-

113 4204 299 4262 «mentum
318 4196 498 4281 deponunt,
522 4206 558 4263 et
578 4198 612 4262 in
634 4199 744 4265 album
769 4199 1001 4267 advocatorum
1030 4199 1233 4280 referuntur,

112 4338 131 4378 ι
139 4320 259 4401 jurati,
274 4318 504 4407 imputriculuti
520 4314 677 4383 dicuntur
695 4338 702 4382 ε
723 4317 779 4382 alii
794 4337 874 4383 vcro
890 4325 965 4384 suut
980 4321 1232 4399 extraordinarii,

111 4461 130 4498 a
146 4436 206 4524 qui
233 4453 294 4501 nec
316 4436 447 4519 publica
461 4437 655 4502 auctoritate
674 4437 852 4517 constituti,
871 4458 932 4504 nec
946 4440 979 4504 in
995 4457 1166 4505 numerum
1184 4437 1238 4504 ad·
