2714 4980
543 331 622 380 rans
644 331 757 378 sarna.
1146 311 1208 377 179

97 455 166 525 rad
188 455 363 523 Prolatum
387 462 423 522 et
447 456 626 540 capitulum
650 458 814 542 pertineat
840 451 1080 539 communiter),
1109 454 1207 522 etiam

95 574 193 641 «sine
212 590 372 639 consensu
387 573 521 657 capituli
532 574 587 640 vel
604 581 786 640 conventus
804 570 976 658 injudicio
995 590 1092 655 agere
1107 580 1142 638 et
1154 590 1208 638 re

95 688 289 774 «spondere
303 691 444 773 possit...
462 689 557 757 Ratio
573 699 624 756 est
637 691 723 776 quia,
740 690 796 776 qui
808 689 945 755 liberam
961 687 1210 755 administratio·

94 826 200 873 anem
219 807 326 890 alege
341 807 397 873 vel
408 805 482 891 jure
501 806 562 872 sihi
580 826 763 873 concessam
776 805 908 883 habent,
926 804 1095 891 injudicio
1109 825 1207 890 agere

94 948 108 987 a
125 932 160 991 et
173 923 344 990 conveniri
363 931 538 1006 possunt...
557 921 655 1009 Atqui
672 922 830 988 Praelatus
846 922 947 988 habet
960 921 1211 988 administratio·

95 1057 200 1105 anem
214 1057 327 1104 rerum
336 1039 556 1106 communium
566 1039 718 1105 Ecclesiae
732 1038 980 1105 velmouasterii
990 1037 1139 1119 liberam,
1152 1057 1211 1107 seu

95 1179 111 1217 a
122 1154 406 1240 independentem
420 1176 440 1222 a
454 1163 620 1221 conventu
633 1174 692 1221 seu
703 1157 855 1240 capitulo,
869 1152 960 1222 sitia
975 1156 1074 1222 sacris
1086 1155 1215 1222 canoni·

97 1274 187 1341 «bus
203 1291 405 1358 concessam;
422 1292 542 1359 ergo...
559 1275 634 1341 Dixi
649 1277 682 1340 1⁰
697 1279 793 1356 Super
807 1276 891 1338 bortis
906 1281 936 1337 et
946 1276 1069 1358 justius
1084 1293 1213 1338 commet-

97 1394 215 1456 «otlms
239 1411 247 1456 :
271 1388 360 1458 aliud
378 1396 428 1456 est
442 1392 468 1456 si
485 1398 601 1476 agatur
616 1389 658 1457 de
673 1391 767 1457 bouis
782 1397 816 1457 et
829 1388 959 1477 juribus
976 1409 1048 1475 quae
1064 1389 1214 1456 aPraela·

98 1512 210 1573 aturae
221 1507 316 1572 bonis
327 1525 461 1590 prorsus
469 1514 630 1592 separata,
641 1514 676 1574 et
687 1507 830 1592 capitulo
844 1507 1029 1591 specialiter
1040 1505 1209 1589 attributa,

99 1627 227 1691 «edam
248 1621 357 1710 quoad
372 1622 694 1705 administrationem,
712 1632 788 1691 suut
808 1643 815 1688 ε
837 1625 872 1689 in
885 1623 935 1690 his
950 1625 1039 1691 enim
1057 1643 1154 1709 agere
1181 1631 1216 1690 et

101 1741 298 1808 «conveniri
319 1739 421 1809 debet
443 1742 632 1827 capitulum,
657 1760 764 1828 neque
791 1761 874 1826 opus
898 1760 1057 1809 consensu
1086 1743 1218 1808 Praelati

102 1857 269 1924 «habet...
289 1858 365 1923 Dixi
379 1860 413 1922 2⁰
428 1862 498 1923 Nisi
515 1861 607 1922 ardui
623 1866 652 1923 et
664 1863 791 1942 majoris
805 1865 947 1923 monenti
965 1880 1056 1923 causo
1075 1866 1136 1923 sit:
1159 1859 1219 1925 Su·
1283 1880 1288 1891 ’

103 1994 186 2060 sper
205 1973 394 2059 huJusmodi
417 1975 505 2041 enim
525 1975 630 2041 causis
644 1993 708 2040 nec
720 1975 879 2042 Praelatus
896 1977 964 2041 sine
984 1976 1137 2060 capitulo,
1155 1996 1218 2042 neo

102 2091 306 2176 «capitulum
320 2092 387 2158 siue
407 2092 547 2159 Praelato
568 2090 769 2158 contendere
787 2099 822 2158 et
835 2091 1036 2177 respondere
1051 2094 1082 2159 in
1094 2091 1217 2179 judicio

99 2226 113 2267 s
122 2216 277 2294 potest...
295 2209 370 2274 Dixi
388 2212 424 2275 3⁰
440 2214 509 2274 Nisi
522 2213 749 2274 administratio
765 2217 798 2274 in
809 2213 910 2292 aliquo
921 2231 993 2274 caso
1005 2214 1128 2294 speciali
1144 2231 1219 2274 eont-

96 2333 260 2391 tmmtiter
276 2332 429 2408 pertineat
449 2329 492 2390 ad
508 2329 676 2391 Proeiotom
694 2334 724 2391 et
742 2331 938 2411 capitutum:
961 2348 1036 2394 nam
1057 2328 1116 2394 tali
1142 2347 1219 2396 essu

95 2444 250 2511 vitarum
267 2443 426 2510 Prolatus
441 2442 604 2527 indigeret
625 2462 785 2510 consensu
804 2445 948 2529 capituli.
968 2473 983 2505 a

129 2562 184 2627 Ex
208 2559 383 2645 utriusque
405 2560 576 2625 sententie
599 2562 801 2646 expositione
824 2561 902 2628 satis
923 2569 1017 2645 patet
1036 2580 1101 2627 nou
1122 2579 1217 2645 posse

95 2676 205 2763 egula
219 2675 363 2762 generali
377 2674 600 2756 determinari,
610 2679 729 2764 quibus
742 2678 775 2743 in
792 2678 920 2744 casibus
930 2679 1032 2763 possit
1045 2679 1215 2759 Praelatus,

95 2792 216 2880 lisque
234 2811 392 2859 consensu
407 2793 552 2877 capituli,
572 2793 740 2880 injudicio
752 2814 812 2879 pro
826 2796 1024 2862 monasterio
1036 2796 1090 2864 vel
1104 2796 1218 2863 Eccle-

95 2911 298 2994 iulitigare3
314 2908 373 2975 sed
382 2928 443 2994 pro
456 2911 591 2994 siugulis
601 2912 804 2977 monasteriis
818 2919 852 2978 et
871 2913 1023 2978 Ecclesiis
1036 2912 1218 2980 videndum

95 3036 150 3108 st,
173 3033 290 3092 utrum
310 3027 369 3106 rei,
390 3024 431 3092 de
447 3045 510 3112 qua
523 3027 714 3111 litigandum
735 3035 803 3108 est,
832 3027 1079 3109 administratio,
1097 3050 1139 3096 ex
1154 3038 1219 3096 sta·

96 3145 172 3211 utis
190 3142 406 3225 autlegitima
423 3143 624 3226 possessione
636 3144 812 3227 pertineat,
828 3145 882 3210 vel
898 3143 1061 3211 exclusive
1074 3144 1117 3212 ad
1129 3147 1221 3212 Prae-

96 3269 208 3337 utum,
224 3258 279 3324 vel
291 3258 454 3323 exclusive
469 3258 511 3324 ad
524 3261 714 3344 capitulum,
733 3261 786 3327 vel
798 3259 841 3327 ad
854 3270 1031 3348 utrumque
1044 3264 1137 3330 simul
1155 3287 1162 3331 :
1186 3266 1218 3332 Si

96 3376 261 3444 exclusive
282 3373 325 3441 ad
345 3375 531 3454 Praelatum,
549 3377 671 3460 poterit
686 3378 845 3443 Praelatus
867 3379 902 3443 in
921 3377 1046 3464 judicio
1064 3400 1163 3465 agere
1183 3391 1218 3449 et

96 3491 297 3579 espondere
316 3492 438 3578 absquo
459 3512 616 3559 consensu
635 3495 770 3578 capituli
785 3517 792 3560 ε
809 3495 836 3560 si
850 3496 1017 3563 exclusive
1035 3496 1077 3563 ad
1093 3499 1218 3584 capitu-

96 3632 172 3691 um,
204 3611 328 3694 poterit
357 3611 536 3695 capitulum
560 3631 620 3696 per
643 3620 892 3695 procuratorem
916 3613 949 3679 in
969 3613 1094 3699 judicio
1114 3623 1212 3697 stare,

96 3728 175 3817 quin
196 3728 384 3812 requiratur
414 3746 590 3794 consensus
622 3728 750 3794 Praelati
772 3751 779 3794 ε
802 3730 829 3795 si
843 3729 887 3796 ad
908 3739 1086 3818 utrumque
1105 3736 1211 3816 simul,
1341 3769 1343 3774 ·

96 3866 156 3915 aec
172 3844 333 3911 Praelatus
351 3844 472 3930 absque
492 3864 651 3912 consensu
666 3847 810 3931 capituli,
823 3867 885 3914 uec
901 3849 1079 3933 capitulum
1091 3851 1214 3938 absque

96 3981 259 4031 eonsensu
272 3960 403 4027 Praelati
417 3961 544 4046 litigare
558 3965 692 4046 poterit.

138 4081 230 4147 Dum
245 4086 356 4144 autem
367 4077 421 4145 hic
433 4079 596 4163 loquimur
611 4078 652 4145 de
661 4084 816 4163 Praetatis,
836 4082 1045 4168 intelligimus
1058 4085 1215 4155 Prolatos

96 4197 299 4283 praeipu0s3
314 4195 351 4261 id
364 4204 435 4263 est:
455 4200 486 4262 1ο
501 4197 695 4280 Episcopum
704 4198 841 4265 relative
860 4198 903 4266 ad
919 4201 1139 4272 cathedralem
1155 4208 1216 4274 Ec-

97 4315 231 4382 clesiam
243 4321 279 4381 et
297 4314 485 4382 cathedrale
501 4315 696 4399 capitulum;
710 4317 744 4380 2⁰
754 4315 931 4383 Prolatum
945 4320 1002 4405 qui
1018 4319 1216 4405 jurisdictio-

97 4450 175 4501 nem
191 4433 514 4520 quasi-episcopalem
527 4431 627 4499 habet
639 4433 673 4498 in
687 4434 794 4518 aliqua
805 4434 960 4518 Ecclesia,
977 4439 1012 4505 in
1022 4456 1085 4526 qua
1099 4451 1150 4510 est
1164 4464 1218 4511 ca·
