2714 4980
562 333 643 384 raas
664 333 779 383 rurus.
1167 318 1231 383 325

155 466 190 530 i.
217 463 334 546 Quoad
347 463 624 548 impugnationem
633 463 842 530 instrumenti
851 481 909 546 per
923 469 1021 543 testes,
1037 460 1235 547 distinguen-

111 579 216 646 dum:
235 581 289 645 rel
308 587 411 646 testes
431 580 487 664 qni
505 580 695 663 impugnant
714 587 789 645 sunt
808 579 939 662 ipsimet
955 585 1058 644 testes
1079 576 1233 663 adscripti

108 696 328 760 instrumento
360 695 426 782 (qui
454 695 576 760 scilicet
607 701 728 778 negant
750 713 785 758 se
803 694 889 758 illius
914 693 1108 758 confectioni
1132 693 1234 758 inter-

108 808 232 887 fuisse,
259 810 314 875 vel
336 809 450 875 dicunt
473 811 725 876 instrumentum
746 810 843 875 aliter
863 809 962 875 fuisse
986 807 1228 892 conscriptum),

108 925 163 992 vel
180 925 341 992 extranei.
364 930 401 991 St
418 931 519 1008 price,
538 927 602 991 vim
620 927 740 991 amittit
761 927 1031 1008 instrumentum;
1051 924 1141 1010 quod
1154 943 1232 1008 pro-
1323 974 1326 981 .

108 1038 201 1106 cedit
220 1040 345 1107 etiamsi
360 1059 446 1106 unus
458 1046 585 1106 tantum
600 1061 641 1108 ex
658 1040 753 1107 dictis
769 1041 909 1107 testibus
919 1042 965 1106 ita
978 1048 1111 1119 asserat,
1126 1042 1153 1106 si
1164 1059 1229 1104 non

104 1154 172 1222 fuit
186 1155 352 1222 adhibitus
364 1157 425 1221 nisi
438 1157 568 1223 omnino
578 1157 779 1224 necessarius
793 1176 948 1222 numerus
965 1157 1109 1222 testium.
1127 1161 1163 1221 St
1172 1176 1229 1238 po-

104 1278 230 1352 umas,
244 1270 280 1336 id
289 1278 349 1351 est,
362 1273 388 1338 si
400 1278 503 1338 testes
516 1272 579 1338 sint
594 1273 648 1338 alii
658 1292 696 1338 ac
706 1272 923 1338 instrumento
938 1272 1105 1355 adscripti,
1122 1271 1228 1337 adhuc

104 1404 169 1472 per
182 1386 301 1453 horum
315 1387 540 1453 testimonium
560 1387 730 1472 reprobari
743 1395 853 1472 potest
871 1389 1122 1453 instrumentum
1142 1385 1228 1452 :sed

103 1503 195 1569 inter
216 1500 367 1569 doctores
386 1506 642 1570 controvertitur
654 1503 696 1571 de
712 1505 871 1591 requisito
888 1512 967 1570 tunc
983 1522 1097 1570 eorum
1112 1522 1226 1569 nume-

103 1636 155 1686 ro.
182 1617 278 1705 (vide
301 1619 609 1704 schmalzgrueber,
634 1622 667 1686 in
689 1623 741 1687 tit.
770 1624 828 1699 22,
853 1621 929 1687 libri
954 1624 974 1686 2
1000 1619 1223 1696 decretalium,

104 1753 139 1800 n.
159 1732 252 1818 106.)

150 1853 183 1916 5.
200 1851 248 1916 Ex
256 1852 353 1918 variis
363 1853 496 1936 insuper
507 1851 635 1919 indiciis
641 1855 823 1938 impugnari
831 1858 941 1936 potest
952 1853 1203 1918 instrumentum
1216 1873 1222 1915 :

101 1965 248 2049 exempli
262 1967 376 2048 gratia,
393 1966 419 2030 si
434 1973 524 2031 cartu
538 1968 670 2052 antiqua
681 1969 732 2045 sit,
748 1969 907 2050 scriptura
920 1974 1029 2032 autern
1043 1963 1152 2050 quoad
1161 1982 1226 2029 mo-

103 2077 185 2146 dum
201 2080 365 2146 scribendi
379 2080 531 2148 videatur
545 2086 728 2167 recentium
749 2085 776 2149 si
790 2058 1043 2148 instrumentum
1055 2083 1115 2146 alia
1127 2101 1225 2146 manu

101 2197 273 2280 scriptum,
291 2197 351 2262 alia
362 2198 579 2283 suscriptum3
598 2200 652 2265 vel
668 2199 798 2266 diverso
812 2206 1004 2276 atramento,
1025 2205 1060 2263 et
1073 2197 1121 2261 his
1137 2197 1224 2261 sirni-

99 2313 160 2398 lia;
174 2331 248 2398 quoe
271 2313 430 2398 prudenti
448 2314 567 2401 judicis
583 2316 787 2381 aestimationi
800 2315 1041 2399 relinquuntur.

143 2434 236 2496 Noto.
263 2430 296 2494 Si
308 2431 561 2497 instrumentum
579 2432 614 2496 in
632 2428 738 2516 aliqua
752 2437 847 2514 parte
864 2430 981 2495 falsum
993 2429 1164 2513 probetur,
1181 2448 1222 2494 an

99 2543 176 2611 ideo
197 2551 304 2610 totum
330 2549 483 2644 corruat?
508 2547 634 2611 —Alii
654 2545 823 2622 affirmant,
841 2552 961 2627 negant
982 2544 1046 2622 alii,
1063 2551 1097 2608 et
1112 2544 1222 2624 plures

100 2659 323 2745 distinguunt3
340 2662 523 2727 itascilicet
546 2670 585 2728 ut
605 2661 765 2727 affirment
778 2662 806 2726 si
821 2662 962 2743 capitula
980 2661 1043 2723 sint
1062 2677 1216 2732 connexa,

98 2781 220 2860 negant
242 2777 270 2841 si
292 2778 355 2840 siut
380 2775 555 2859 disparata.
582 2776 676 2864 (Vide
699 2775 999 2858 Schmalzgrueber,
1018 2775 1116 2839 citato
1132 2774 1215 2847 loco,

98 2911 130 2954 n.
152 2888 244 2973 113.)

552 3177 683 3242 CAPUT
707 3178 761 3241 lv.

462 3437 506 3482 DE
528 3435 845 3484 PRAESUMPTIOMBUS.

131 3710 290 3790 Qumlo
316 3706 502 3792 ¹¹1-Qm‘d
523 3711 552 3766 ct
573 3706 737 3784 pantaptem
752 3709 794 3764 sit
804 3709 1012 3783 proesomptio,
1026 3711 1055 3765 ct
1068 3707 1211 3785 quomodo

95 3827 219 3908 iifferat
229 3823 268 3884 ab
279 3823 391 3884 indicio
407 3827 437 3883 et
451 3840 471 3882 o
486 3819 605 3898 fictione
613 3821 798 3901 jesisi-I.
816 3840 832 3878 c
848 3817 1060 3899 Praesumptio
1075 3824 1125 3882 est
1135 3836 1211 3883 con-

95 3939 259 4027 tieotara
283 3954 341 4001 seu
357 3933 514 4020 judicium
536 3954 577 4000 ex
598 3933 706 4018 aliquo
726 3933 818 4016 signo
844 3933 899 3998 vel
920 3931 1038 3997 indicio
1061 3940 1149 4011 orta,
1176 3940 1210 3997 et

95 4078 103 4120 ι
125 4053 335 4142 probationis
343 4051 415 4118 loco
424 4051 571 4134 allegata,
587 4056 673 4115 nuta
682 4049 792 4134 judice
807 4057 969 4132 assumpta
981 4047 1022 4113 ad
1039 4047 1208 4114 adstruen-
1290 4124 1292 4129 ⁴
1348 4096 1350 4100 .

95 4197 103 4237 r
125 4171 210 4238 dam
228 4169 279 4234 rei
298 4167 404 4234 dubiae
426 4167 560 4233 fidem»
588 4166 907 4254 (Schmulzgrueber,
930 4165 964 4228 in
988 4165 1122 4229 titulum
1141 4168 1202 4241 23,

95 4287 165 4356 ibri
191 4287 214 4350 2
239 4282 472 4362 decretalium,
499 4303 532 4347 n.
554 4280 601 4367 1);
634 4287 668 4347 et
694 4282 739 4346 ita
764 4279 872 4366 quoad
896 4299 1025 4346 sensum
1054 4279 1205 4348 doctores

95 4403 317 4476 ommuniter.
