2714 4980
153 305 193 368 76
497 318 684 368 rnlcrrrus
705 320 749 367 nn
770 318 918 367 runicus.

148 446 366 514 necessarium
381 450 431 509 est
446 451 505 510 ant
517 453 739 528 opportunum
759 452 798 510 ut
810 442 909 510 finem
936 443 997 512 sibi
1019 446 1192 531 proprium
1204 446 1265 514 Ec·

148 563 245 630 clesia
270 561 504 628 convenienter
527 561 628 646 possit
648 580 854 646 promovere.
888 561 969 628 Inde
992 580 1092 647 porro
1117 564 1265 649 sequitur

148 678 329 763 spirituales
351 695 464 744 causas
489 678 718 744 ecclesiastice
736 677 953 764 jurisdictioni
968 678 1086 764 subjici
1106 677 1261 747 debere:

147 815 223 863 nam
239 795 383 861 Ecclesia
393 794 494 861 finem
506 794 569 860 sibi
583 795 762 880 proprium,
780 794 919 861 salutem
932 814 1051 879 nempe
1065 796 1260 874 animamm,

148 913 313 999 precipue
339 920 511 996 promovet
534 931 595 996 per
613 932 724 978 rerum
743 929 909 979 sacrarum
935 910 1214 995 dispensationem
1229 921 1264 980 et

149 1027 384 1096 ordinationem
408 1048 493 1094 :eas
520 1049 599 1096 vero
624 1037 715 1095 recte
742 1027 893 1095 ordinare
921 1033 955 1092 et
980 1027 1172 1113 dispensare
1198 1049 1263 1096 non

148 1151 268 1230 posset,
288 1146 349 1210 nisi
363 1146 458 1212 simul
470 1164 581 1211 causas
594 1152 628 1212 et
650 1146 725 1210 lites
743 1144 785 1211 de
801 1144 916 1211 iisdem
935 1153 1024 1211 ortas
1037 1146 1108 1230 ipsa
1128 1145 1262 1215 dirime·

147 1272 211 1341 ret,
228 1269 267 1328 ut
284 1265 362 1330 satis
375 1281 436 1346 per
454 1281 488 1330 se
501 1270 605 1346 patet.
935 1268 937 1272 “

193 1379 358 1446 Probatur
368 1385 468 1458 tertio,
487 1398 528 1444 ex
542 1380 656 1447 ultimo
668 1399 686 1445 e
698 1385 816 1464 quator
830 1380 995 1464 principiis
1008 1379 1069 1445 sub
1086 1382 1194 1465 capite
1208 1401 1261 1447 su-

74 1573 77 1579 ,
147 1496 268 1582 periuri
304 1496 469 1579 expositis.
503 1496 553 1562 Ibi
592 1497 678 1563 enim
714 1514 775 1580 pro
815 1496 928 1581 regula
962 1494 1254 1565 discernendarum

147 1613 317 1697 utriusque
335 1611 399 1678 fori
417 1631 598 1691 causarum,
626 1614 786 1696 assignata
810 1619 861 1677 est
879 1613 1058 1678 communis
1082 1611 1258 1681 doctorum

148 1730 382 1797 cathobcorum
405 1734 566 1797 sententia
584 1752 591 1796 ε
608 1732 661 1797 isti
674 1751 783 1816 porro,
803 1730 844 1797 ad
866 1730 975 1798 forum
996 1731 1256 1801 ecclesiasticum

146 1848 329 1934 spirituales
342 1868 454 1916 causas
463 1849 643 1932 pertinere,
662 1849 805 1913 unanimi
824 1866 982 1914 consensu
998 1855 1125 1914 tenent.

185 1967 383 2034 Puorosmro
391 1969 551 2033 tlt-Au
563 1970 664 2047 sorum
674 1969 903 2031 ecclesiasticum
912 1972 1064 2049 pertinent
1074 1961 1256 2049 spirituales

143 2105 249 2165 muse,
267 2091 386 2149 etiamst
396 2088 569 2167 temporalis
586 2089 737 2148 societatis
752 2089 893 2147 iuteresse
912 2090 1078 2165 attingunt.
1094 2119 1142 2135 —
1158 2086 1252 2171 Saepe

143 2203 253 2269 evenit
267 2208 304 2266 ut
321 2220 424 2266 causae
439 2201 624 2285 spirituales
639 2199 747 2266 dirimi
760 2208 925 2285 nequeant
943 2200 985 2266 ab
999 2200 1155 2280 Ecclesia,
1173 2204 1254 2288 quin

142 2318 256 2404 aliquis
273 2337 314 2383 ex
332 2317 495 2383 decisione
510 2316 675 2383 redundet
688 2319 723 2380 in
740 2317 930 2382 societatem
954 2317 1085 2382 civilem
1100 2317 1249 2399 effectus,

142 2444 177 2503 et
201 2436 280 2522 quin
308 2433 443 2519 proinde
472 2435 650 2519 attingatur
676 2432 833 2500 interesse
869 2435 1039 2518 potestatis
1070 2437 1250 2503 saecularis.

141 2551 287 2636 Quando,
306 2551 398 2617 verbi
413 2552 525 2635 gratia,
547 2551 862 2616 ventilanturoausae
875 2548 963 2629 fidei,
979 2559 1013 2616 et
1031 2548 1180 2619 Ecclesia
1192 2572 1251 2638 po-

140 2676 295 2735 testatem
307 2688 397 2734 suam
402 2666 604 2752 judiciariam
612 2666 717 2733 exerit
729 2668 764 2732 in
777 2674 946 2751 suspectos
961 2666 1003 2733 de
1017 2668 1132 2734 boeresi
1145 2670 1202 2735 vel
1216 2671 1250 2734 in
1265 2745 1269 2751 ,

140 2787 368 2864 schismaticos,
386 2804 508 2871 eosque
535 2792 572 2851 ut
596 2785 678 2851 tales
697 2783 839 2863 damnat,
866 2791 900 2850 et
915 2784 1063 2852 vitandos
1085 2784 1249 2867 decernit,

139 2925 206 2971 non
222 2905 382 2971 tantumii
394 2903 567 2983 ordinaria,
591 2921 655 2988 qua
672 2902 758 2969 forte
772 2910 869 2969 antea
883 2904 1088 2983 fruebantur,
1109 2906 1253 2972 aestima·

138 3023 226 3088 tione
253 3020 342 3106 apud
367 3021 539 3088 catholicos
564 3018 697 3099 cadunt,
716 3019 822 3085 sedet
846 3019 1053 3104 abrumpitur
1078 3039 1153 3087 eum
1175 3023 1252 3106 ipsis

138 3146 331 3205 consuetum
344 3139 554 3216 salutationis,
573 3137 804 3216 collocutionis,
820 3155 937 3202 mensae
962 3144 996 3203 et
1012 3137 1147 3203 aliarum
1166 3139 1252 3206 rela-

137 3256 263 3322 tionum
278 3256 524 3340 commercium;
539 3255 596 3341 qui
607 3254 743 3322 effectus
760 3263 916 3322 externus
928 3261 989 3332 est,
1010 3262 1045 3321 et
1059 3256 1250 3323 societatem

138 3372 353 3458 temporalem
369 3367 519 3457 eo'magis
534 3372 712 3459 efficitque
731 3375 818 3439 cives
837 3373 883 3439 sio
898 3372 1041 3438 damuati
1059 3372 1177 3438 altiora
1195 3394 1252 3460 ge·

139 3498 217 3558 runt
229 3489 394 3557 secutam
413 3510 560 3558 munera.
576 3492 706 3557 Pariter
721 3489 852 3577 quando
871 3489 1088 3558 ecclesiastica
1106 3495 1254 3573 potestas

138 3609 278 3696 aliquem
291 3608 412 3675 librum
428 3609 470 3675 ob
493 3627 628 3693 pravam
651 3593 750 3692 ipsius
777 3607 959 3674 doctrinam
983 3605 1125 3685 damnat,
1147 3607 1255 3692 impe·

137 3727 228 3795 ditur
249 3728 311 3795 hoc
337 3727 407 3811 ipso
426 3728 502 3794 libri
521 3728 614 3792 istius
630 3725 717 3811 apud
733 3725 908 3793 catholicos
927 3724 1053 3791 diffusio
1083 3731 1118 3791 et
1136 3725 1254 3793 vendi-

136 3847 183 3914 tio
197 3868 210 3913 ι
223 3848 280 3932 qui
294 3853 449 3912 externus
467 3845 602 3911 effectus
617 3846 804 3927 nuperrime
823 3845 857 3907 in
878 3843 980 3908 Gallia
992 3843 1103 3908 locum
1118 3842 1249 3911 habuit.

136 3963 268 4031 Gonlixo
290 3982 409 4048 nempe
429 3982 448 4027 a
466 3981 558 4028 sacra
576 3961 697 4028 Indicis
711 3960 965 4045 congregatione
981 3978 1082 4043 opere
1099 3959 1248 4045 quodam

136 4080 256 4148 domini
266 4082 416 4158 Guettee,
432 4079 601 4146 Blaesensis
614 4077 765 4144 dioeoesis
777 4077 974 4162 presbyteri,
991 4076 1135 4141 tribunal
1152 4095 1255 4143 sacu-

135 4199 203 4265 lare
214 4178 394 4263 Parisinum
407 4197 630 4281 pronuntiavit
642 4215 707 4261 non
719 4194 827 4262 valere
840 4200 974 4279 pactum
988 4192 1150 4259 editorem
1162 4193 1253 4261 inter

135 4323 170 4383 et
188 4313 428 4400 typographum
442 4313 484 4379 de
499 4314 560 4380 boc
575 4313 659 4380 libro
679 4312 815 4396 initum3
838 4330 878 4377 ea
889 4310 957 4377 sola
970 4308 1011 4376 de
1032 4327 1139 4388 causa,
1159 4309 1251 4395 quod

132 4431 295 4519 predictae
323 4431 587 4517 Congregationis
612 4430 848 4516 superueniens
876 4428 1050 4508 sententia,
1082 4426 1250 4515 objectum

1273 3125 1313 3150 V
