2714 4980
126 283 187 347 204
458 298 646 347 macrinus
670 298 714 346 on
738 296 885 347 runrcus.

124 424 231 490 ctione
250 447 257 488 ε
274 429 343 490 Non
357 426 417 487 silet
435 428 552 487 licitum
567 435 612 488 est
621 428 779 506 postulare
796 424 879 509 (cap.
902 428 934 503 3,
954 424 1046 491 tituli
1059 428 1116 504 37,
1136 426 1219 492 libril
1323 461 1357 500 o:

123 537 283 623 decret.);
302 547 337 603 et
357 538 549 605 confirmant
560 541 685 605 ratione
705 540 924 623 alegislatore
942 538 1099 617 adducta,
1117 563 1179 605 com
1190 562 1225 606 so-
1321 560 1357 611 to

122 658 250 731 cerdote's
266 662 307 718 sit
324 656 454 735 officium
474 658 554 719 colli
573 676 687 735 cocere,
709 659 845 719 omuibus
869 663 971 719 eutem
988 659 1065 720 celle
1075 661 1225 739 prodesse.
1320 690 1357 734 ς.

124 790 196 861 ques
210 771 303 847 ratio,
318 773 419 849 aiunt,
437 777 534 854 urget
552 773 650 837 etiam
665 770 774 856 quoad
783 769 907 856 judicia
920 772 1148 839 ecclesiastica.
1166 773 1227 838 Gon
1326 827 1327 830 ,
1353 802 1357 827 ι

124 888 243 953 trarins
257 894 366 952 tamen
380 886 454 950 huic
469 888 636 952 sententia
648 886 710 951 fuit
726 886 866 953 celebris
880 888 1045 953 canonista
1056 889 1224 965 Hostiemis
1341 920 1345 934 ‹

126 1005 182 1093 qui
200 1003 327 1088 putavit
343 1002 506 1069 sacerdoti
521 1003 670 1069 illicitum
689 1021 756 1068 nnn
775 1023 846 1069 esse
868 1023 976 1070 coram
995 1002 1110 1089 judice
1140 1005 1227 1071 eccle·
1326 1022 1333 1050 a

126 1120 251 1185 siastico
268 1117 417 1183 advocati
436 1117 586 1196 officium,
609 1118 706 1184 modo
725 1119 794 1184 sine
818 1119 934 1185 salario
964 1128 1172 1187 exerceatur.
1193 1118 1229 1185 lo
1337 1123 1346 1149 “

125 1253 222 1321 quam
236 1235 419 1319 opinionem
431 1254 483 1299 me
499 1236 656 1313 inclinari,
678 1236 739 1299 nisi
754 1222 928 1301 doctorum
945 1237 1128 1302 communis
1141 1237 1231 1302 obsta·
1342 1235 1357 1330 ’ᾗ

127 1359 181 1417 ret
197 1353 387 1428 auctoritas
409 1350 532 1416 faterer
557 1360 733 1435 :putarem
757 1371 875 1436 nempe
904 1371 1035 1417 sensum
1054 1353 1136 1436 legis
1154 1371 1232 1437 posse

126 1469 263 1552 intelligi
287 1468 329 1533 de
346 1468 496 1533 advocati
514 1468 629 1547 officio,
658 1475 757 1551 prout
781 1478 831 1536 est
850 1469 1019 1554 publicum
1036 1488 1097 1536 seu
1118 1469 1235 1552 publica

127 1583 276 1671 quedam
285 1581 442 1666 professio
457 1590 491 1648 et
505 1583 669 1649 ordinaria
678 1585 883 1662 exercitatio,
901 1605 942 1650 ex
955 1603 1020 1669 qna
1033 1584 1167 1649 lucrum
1177 1602 1237 1667 per-

128 1698 191 1781 cipi
212 1697 329 1781 soleot;
355 1717 419 1783 quo
440 1718 536 1764 sensu
556 1719 617 1764 nec
637 1717 747 1765 coram
764 1700 982 1765 ecclesiastico
1000 1697 1114 1783 jndice
1132 1698 1238 1764 liceret

126 1811 287 1878 sacerdoti
303 1813 507 1880 advocatiam
524 1834 695 1880 exercere.
710 1815 831 1880 Atvero
848 1813 978 1899 quando
998 1815 1085 1898 queis,
1112 1831 1239 1897 praeser-

125 1927 184 1993 tim
199 1929 360 2010 sacerdos,
376 1951 484 1996 coram
494 1929 603 2014 judice
616 1931 834 1997 ecclesiastico
851 1930 1056 2007 convenitur,
1074 1948 1142 1994 non
1156 1947 1241 2013 posse

124 2067 200 2117 cum
212 2046 253 2111 ab
269 2047 510 2113 aliosacerdote
524 2048 670 2126 defendi,
686 2068 750 2113 non
766 2048 844 2112 mihi
858 2046 992 2113 videtur
1007 2066 1048 2112 ex
1060 2054 1158 2112 textu
1169 2047 1243 2130 legis

124 2166 267 2250 rigorose
283 2163 399 2228 fluere.
422 2164 464 2228 Et
481 2172 573 2229 certe
592 2163 786 2229 sacerdotali
800 2162 950 2246 dignitati
964 2163 1067 2245 magis
1083 2162 1240 2250 congruit,

124 2287 162 2370 ut
178 2299 238 2363 pro
250 2279 420 2346 sacerdote
438 2280 480 2345 ad
495 2280 639 2345 tribunal
653 2279 802 2363 Episcopi
823 2287 949 2356 vocato,
974 2278 1200 2360 procuratoris
1213 2284 1244 2342 et

124 2395 275 2463 advocati
288 2395 427 2461 officium
441 2397 549 2478 potius
560 2404 715 2461 exerceat
732 2394 895 2473 sacerdos,
916 2413 1014 2479 quam
1028 2393 1168 2460 inferior
1184 2394 1244 2458 cle

125 2512 222 2590 ricus,
245 2519 280 2577 et
297 2512 478 2594 praesertim
498 2512 616 2596 laicus3
633 2511 674 2576 ad
691 2530 772 2597 quos
789 2520 901 2576 tamen
919 2530 1094 2577 recurrere
1112 2518 1245 2594 cogetur

125 2627 222 2708 Reus,
242 2629 269 2691 si
289 2629 377 2692 inter
393 2627 641 2693 consacerdotes
661 2627 869 2694 defensorem
884 2646 978 2694 snum
998 2628 1121 2710 eligere
1142 2625 1245 2709 prohi-

125 2744 253 2809 beatur.
265 2743 329 2808 Sed
345 2742 505 2827 quidquid
518 2745 561 2808 sit
575 2742 617 2809 de
630 2743 691 2808 hac
703 2744 891 2828 quaestione,
910 2748 1037 2807 certum
1051 2742 1183 2807 omnino
1200 2747 1246 2806 est

96 2920 102 2930 .
125 2860 296 2927 nonnullos
322 2859 393 2925 dari
420 2878 512 2924 casus
537 2858 714 2943 inquibus
738 2860 837 2923 etiam
863 2857 1025 2922 sacerdoti
1048 2857 1175 2922 licitum
1198 2861 1246 2920 est

125 2997 234 3044 coram
246 2975 356 3062 jndice
374 2974 591 3041 ecclesiastico
609 2973 805 3039 advocatum
822 2982 856 3038 et
873 2978 1123 3056 procuratorem
1137 2990 1242 3056 agere,

124 3100 266 3177 nempe}

172 3214 205 3274 7⁰
227 3211 265 3274 In
285 3209 355 3291 ipso
374 3207 534 3274 decretali
558 3211 699 3291 quatuor
719 3202 928 3290 prohibitioni
948 3202 1160 3286 exceptiones
1173 3201 1246 3268 sule

126 3332 324 3393 nectuntur:
350 3329 454 3388 Primo
469 3323 602 3409 quidem
614 3321 793 3388 advocatus
808 3326 1001 3404 potestesse
1020 3316 1176 3384 sacerdos
1188 3336 1244 3401 pro
1325 3339 1332 3342 ·

127 3443 233 3527 seipso
253 3462 311 3508 seu
331 3444 517 3526 inproprie
540 3460 650 3523 causa3
674 3470 688 3494 «
705 3439 739 3503 in
752 3457 831 3523 qna.
853 3437 897 3502 ait
916 3435 1078 3519 Pirrhing‚
1095 3435 1245 3501 sacerdos
1336 3461 1350 3481 ·

131 3563 214 3627 «vel
234 3563 314 3628 alius
335 3562 472 3627 clericus
486 3581 551 3626 non
567 3559 697 3643 cogitur
717 3560 966 3640 procuratorem
981 3552 1034 3618 vel
1053 3554 1153 3618 alium
1173 3571 1246 3618 con·
1323 3573 1352 3587 ⁴

131 3710 144 3734 «ι
159 3679 307 3755 stituere‚
325 3676 384 3742 scd
399 3684 507 3760 potest
521 3695 582 3759 per
597 3670 736 3756 seipsum
747 3690 857 3755 agere,
876 3669 930 3735 vel
943 3687 1074 3733 causam
1087 3687 1180 3733 suam
1192 3665 1245 3733 de
1320 3686 1354 3700 ‘-

126 3792 292 3859 fondere»
315 3792 358 3878 (in
370 3790 503 3855 titulum
516 3792 570 3866 37,
589 3787 668 3853 libri
684 3789 694 3850 1
714 3785 855 3862 decret,
871 3803 905 3847 n.
926 3778 992 3865 10).
1010 3783 1156 3860 Seecodo,
1170 3781 1245 3845 item
1314 3782 1356 3829 1

126 3911 160 3975 in
181 3928 276 3975 causa
295 3926 360 3973 suae
381 3906 542 3972 Ecclesiae.
564 3909 675 3982 Tertio,
697 3922 758 3986 pro
776 3900 922 3983 personis
936 3895 1134 3982 conjunctim
1160 3893 1245 3981 quod

126 4025 169 4093 de
191 4025 372 4112 conjunctis
389 4022 551 4108 usquead
570 4028 722 4106 quartum
745 4016 883 4101 gradum
903 4011 1154 4096 intelligendum
1177 4029 1244 4078 esse
1311 4011 1356 4058 Ε

125 4149 241 4210 tenent
256 4142 408 4209 doctores
420 4139 647 4216 communiter,
662 4145 701 4202 ut
717 4135 830 4201 videre
840 4140 890 4198 est
901 4129 1150 4215 apudPirrhing
1164 4128 1244 4217 (loco
1301 4127 1355 4173 ⁴

127 4257 251 4344 citato).
269 4262 326 4326 list
339 4261 419 4326 item
433 4256 610 4324 communis
621 4253 795 4321 doctorum
806 4249 977 4328 sententia,
994 4246 1096 4312 verba
1108 4244 1178 4312 lroec
1193 4243 1244 4310 de
1291 4258 1353 4281 ”

128 4377 270 4454 crotalis,
290 4398 347 4460 pro
364 4382 501 4459 persoots
523 4377 697 4455 conjeceris,
720 4371 800 4436 licat
818 4369 960 4452 rigorose
982 4383 1049 4431 non
1066 4362 1242 4448 significent
1302 4360 1346 4408 ἵν’
