2714 4980
454 311 475 349 .·
541 305 621 354 rans
645 305 760 352 aalma.
1149 290 1212 353 w

97 433 230 497 rutulis
244 429 399 515 deniquet
414 426 547 514 qnando
561 434 702 513 negatur
714 429 824 514 aliqua
837 427 974 512 qualitas
991 428 1024 492 in
1040 426 1189 512 subirato
1206 451 1216 494 :

97 570 120 609 a
129 565 206 633 quas
224 545 363 630 raptos
376 546 505 630 generis
519 549 588 610 e'sse
603 553 711 629 potest
726 566 734 611 :
755 564 830 610 narn
844 545 959 628 aliquae
974 544 1085 610 insunt
1097 543 1218 610 homini

98 688 118 725 a
129 664 351 731 summonitor
365 667 402 728 et
414 663 608 728 naturaliter
621 661 728 748 (verbi
748 662 862 746 gratia,
879 661 1019 746 aliquem
1042 680 1112 726 esse
1131 679 1212 726 eom

99 789 247 866 ripotem
265 781 392 858 mantia
409 779 561 863 probum,
577 776 670 863 eta.);
686 778 754 844 aliae
772 779 876 844 solum
894 776 1222 844 insamtaoaidentalid

100 905 186 963 oter
203 905 240 962 e't
251 914 318 962 non
335 895 551 962 communiter
563 895 668 981 (verbi
682 896 795 978 gratia,
814 895 953 980 aliquem
969 913 1039 960 esse
1051 892 1227 960 doctorem·

102 1011 322 1096 otheoloqiaee
337 1008 432 1096 eta).
447 1033 464 1072 a
482 1011 540 1076 liis
556 1012 740 1094 suppositis,

147 1133 305 1195 «certum
326 1135 371 1193 eat
401 1133 445 1206 1⁰,
468 1127 497 1191 si
519 1128 699 1210 propositio
722 1127 764 1192 sit
789 1126 940 1210 negativa
963 1126 1131 1211 qualitatis
1150 1145 1225 1211 quar

103 1257 125 1309 <t
134 1244 361 1332 sommuniter
381 1251 419 1311 et·
433 1242 627 1309 naturaliter
643 1245 729 1308 inest
750 1241 909 1320 omuibus,
931 1251 1003 1308 eam
1018 1242 1152 1326 probari
1166 1242 1226 1308 ‹le-

105 1361 222 1431 abore
240 1367 418 1445 erogante
435 1359 529 1425 illam·
546 1360 779 1445 qualitatem...
801 1358 896 1425 Ratio
917 1367 969 1425 est
990 1359 1064 1444 quia
1086 1359 1230 1444 qualitas

107 1496 212 1564 «qum
227 1477 444 1544 communiter
461 1481 496 1541 et
515 1475 709 1542 naturaliter
725 1476 810 1540 inest
830 1474 968 1553 homini,
986 1475 1135 1543 adesset
1151 1475 1229 1560 jure

108 1617 127 1655 a
139 1611 276 1676 semper
290 1591 511 1676 presumiturr

119 1742 128 1755 ν
153 1709 228 1775 «lt
249 1708 276 1773 si
294 1692 436 1791 negetur
453 1706 607 1793 qualitas,
627 1718 698 1793 quas
720 1707 824 1772 s'olum
844 1705 1091 1775 accidentaliter
1110 1716 1145 1775 et
1161 1728 1232 1775 non·

108 1824 361 1892 «communiter
378 1823 473 1901 inest,
497 1821 763 1906 distinguendum
776 1830 843 1902 est,
864 1838 907 1888 an·
923 1830 1039 1907 agatur
1056 1823 1099 1890 de
1120 1824 1227 1911 aliquo

107 1965 129 2004 a«
139 1938 368 2027 promovendo
377 1939 429 2006 rel
439 1937 642 2005 admittendo
653 1938 695 2006 ad
708 1938 910 2022 dignitatem,
922 1939 1129 2019 beneficium,
1143 1948 1223 2018 eto„

107 2057 174 2121 aiu
194 2074 263 2140 quo
275 2055 414 2140 qualitas
428 2032 481 2120 illa
495 2055 693 2140 requiritur;
709 2074 751 2120 au
764 2073 844 2121 vero
859 2053 902 2120 de
916 2074 966 2134 eo,
986 2058 1042 2141 qui
1060 2063 1228 2140 promotus

108 2173 199 2249 uvel
210 2171 376 2239 admissus-
384 2178 447 2248 est,
457 2169 501 2236 ob
514 2171 690 2237 carentiam
703 2172 802 2255 ipsius
813 2171 1025 2239 removendo.
1036 2173 1068 2239 Si
1076 2180 1225 2256 primam,

108 2288 336 2355 affimativa
358 2288 536 2371 propositio
557 2287 727 2372 probanda
748 2295 798 2355 est
817 2289 859 2354 ah
882 2289 1043 2373 allegante
1059 2289 1124 2378 (i);
1152 2292 1230 2358 etsi

108 2424 208 2471 anon
223 2403 403 2488 probetur,
422 2422 487 2468 non
502 2404 708 2486 praesumitur
723 2402 880 2470 adesse...
899 2404 932 2469 st
946 2409 1126 2488 senodum,
1146 2425 1229 2472 onus

109 2536 132 2584 «τ
140 2519 306 2606 probandi
327 2516 495 2585 defectum
519 2519 593 2584 talis
617 2519 780 2602 qualitatis
804 2521 936 2604 neganti
957 2521 1130 2606 incumbis
1153 2542 1228 2589 eum

108 2636 353 2705 aadvarsarins
382 2634 454 2721 ejus
481 2654 543 2720 per
569 2636 806 2720 possessionem
828 2638 991 2715 muneris,
1014 2638 1103 2723 quod
1129 2640 1228 2707 talem

107 2754 343 2841 ‹equalitatem-
352 2752 502 2837 requirit,
521 2752 737 2818 constituatur
755 2753 854 2819 etiam
869 2754 903 2818 in
917 2755 1008 2839 quusi
1028 2757 1228 2840 possessione

108 2870 247 2956 o--ipsius
262 2867 438 2954 qualitatis.

157 3010 175 3048 a
191 2990 373 3050 norom-est
392 2982 481 3061 2⁰‚si
501 2983 681 3067 propositio
696 2984 737 3049 sit
750 2986 902 3067 negativa
918 2983 1015 3069 juris,
1034 2995 1068 3052 et
1086 2987 1123 3054 id
1140 2987 1229 3072 quod

107 3109 285 3186 «;negatnr
302 3101 346 3166 sit
361 3099 404 3165 de
418 3112 524 3182 praere
539 3107 764 3183 permissorem,
788 3120 860 3165 eam
880 3103 1135 3185 propositionem
1152 3122 1229 3188 pro·

107 3244 125 3282 «
136 3217 285 3291 hundam
298 3236 317 3282 a
328 3223 466 3300 negante
480 3215 563 3302 (lege
575 3218 620 3281 Ab
634 3236 668 3278 aa
674 3223 776 3298 porte,
788 3215 822 3280 n.
837 3219 875 3280 do
885 3217 1139 3304 Probotiooibaa);
1154 3222 1229 3305 quia

106 3335 253 3401 «omnia
271 3338 515 3416 presumuntur
539 3329 581 3396 de
603 3329 678 3415 jure
693 3331 780 3396 lieita
795 3350 877 3410 esse,
895 3332 957 3397 nisi
971 3333 1135 3416 prohibita
1158 3356 1228 3404 esse

107 3476 126 3514 a
140 3449 339 3536 probentur.
356 3447 397 3514 At
411 3446 542 3532 quaudo
555 3453 717 3529 negantur
731 3466 769 3513 ea
782 3465 854 3531 quae
869 3456 945 3514 sunt
957 3453 994 3513 de
1006 3471 1112 3533 ponere
1121 3455 1229 3534 proti·

110 3593 129 3631 «
144 3571 281 3633 tttmnm
300 3563 455 3652 (exempli
469 3564 581 3646 gratia,
599 3561 730 3648 quando
752 3572 893 3647 negatur
911 3566 1073 3633 hominem
1088 3571 1228 3654 aliquem

110 3684 219 3771 «jure
233 3679 344 3749 ooeidi
352 3676 520 3764 potuisse),
538 3698 604 3744 nou
616 3697 738 3761 negans
753 3698 844 3744 snam
857 3683 1052 3765 negativam,
1070 3684 1130 3750 sed
1145 3685 1229 3752 affir-

111 3816 242 3867 «mans
251 3795 475 3863 affirmativam
493 3793 633 3876 probare
651 3792 764 3860 debet.
782 3795 864 3860 Nam
879 3797 913 3860 in
929 3799 1065 3864 materia
1086 3820 1229 3868 eommu-

112 3917 233 3982 «ulter
246 3911 412 3998 prohibita
427 3910 594 3976 observari
613 3909 713 3978 debet
731 3912 866 3994 regula:
886 3917 972 3993 Quod
986 3933 1151 4002 conoessum
1170 3939 1231 3985 noo

113 4059 130 4099 r
143 4040 309 4119 reperitur,
327 4053 360 4096 oo
376 4037 441 4114 ipso
450 4033 639 4113 prohibitum
650 4038 764 4095 censeri
777 4036 872 4099 debet.

139 4200 147 4207 ..
159 4175 177 4214 a
191 4149 427 4217 Controversia
436 4147 542 4215 solum
557 4156 607 4215 est
623 4146 666 4216 de
680 4150 900 4232 propositione
913 4158 1150 4237 monasterti.
1167 4157 1233 4226 Sed

149 4413 185 4477 (l)
202 4412 231 4461 id
246 4417 292 4470 est,
307 4409 348 4471 qni
360 4406 446 4470 aliegat
461 4422 485 4457 se
498 4406 633 4471 requisitam
645 4408 779 4471 qualitatem
791 4410 887 4472 hahere,
902 4413 947 4462 hoa
959 4415 1059 4475 probaro
1071 4414 1147 4467 dohet:
