2714 4980
116 266 183 331 sto
458 276 646 325 Tenemus
668 279 712 325 un
735 276 884 326 tumens.

112 394 136 467 's
150 393 335 490 relinquere
360 403 457 481 valet,
475 402 532 488 qui
546 402 634 468 vices
648 396 800 486 suppleat
814 402 992 486 suiipsius.
1014 425 1030 463 »
1050 393 1156 489 (Apud
1168 403 1224 468 llo

114 521 244 600 uacelli,
260 521 332 586 loco
345 519 458 597 citato,
479 517 642 584 decisione
660 521 692 596 4,
711 538 744 581 u.
763 516 810 603 2.)

544 863 545 866 Ν
627 777 722 856 arv.

299 980 430 1041 Quotuplax
444 981 552 1030 constitui
567 982 643 1043 possit
653 988 693 1031 aut
706 981 788 1032 debeat
801 981 910 1030 vicarius
923 980 1051 1044 generalis.

161 1221 406 1285 Proeootcodcm.
425 1217 579 1300 —Quod
594 1219 627 1283 iu
645 1238 710 1284 una
727 1217 871 1298 dioecesi,
889 1219 1102 1304 quantumvis
1119 1218 1229 1302 ampla,

115 1336 216 1420 possit
238 1333 415 1419 Episcopus
438 1334 571 1400 unicum
588 1333 759 1400 dumtaxat
773 1335 938 1399 Vicarium
955 1335 1148 1421 generalem
1165 1351 1233 1399 con-

117 1451 265 1529 stituere,
292 1455 385 1514 extra
407 1448 663 1514 controversiam
686 1457 745 1528 est,
766 1458 799 1515 et
815 1450 973 1535 sequitur,
994 1469 1013 1512 a
1034 1448 1177 1527 fortiori,
1196 1468 1233 1514 ex

116 1586 157 1635 eo
181 1566 269 1653 quod
290 1553 414 1651 posset
432 1572 469 1631 ut
484 1566 704 1650 probavimus,
723 1567 847 1631 nullum
867 1585 1046 1632 assumere.
1071 1566 1234 1649 Excipitur

114 1691 245 1750 tantum
270 1684 452 1749 rarissimus
483 1701 595 1762 casus,
621 1702 686 1768 quo
710 1690 862 1748 extarent
883 1683 918 1747 in
941 1681 1077 1748 dioecesi
1101 1680 1233 1748 diversa

116 1798 232 1884 llnguoe
248 1799 434 1884 diversique
454 1801 537 1866 ritus
552 1801 681 1884 populi;
698 1801 878 1884 quietum,
895 1799 936 1866 ob
952 1817 1143 1881 expressam
1159 1797 1235 1883 juris

117 1914 362 1999 dispositionem
376 1933 473 1998 supra
488 1923 715 1994 memoratam,
742 1922 876 1982 tenetur
899 1917 1081 1998 Episcopus
1095 1933 1159 1997 pro
1174 1915 1236 1978 istis

118 2033 246 2116 populls
268 2032 465 2098 constituere
487 2033 651 2098 Vicarium
674 2032 871 2116 generalem,
894 2039 928 2097 et
946 2029 1082 2116 quidem
1109 2030 1236 2113 Episco

118 2167 208 2232 pum.
234 2148 315 2213 Hinc
331 2146 402 2212 duaa
420 2147 620 2214 solummodo
644 2156 814 2213 remanent
830 2147 881 2212 hic
902 2146 1070 2213 solvendae
1091 2145 1236 2232 quaestio

118 2282 192 2330 nes:
214 2267 246 2329 1⁰
260 2283 302 2328 au
316 2265 418 2348 possit
436 2265 613 2349 Episcopus
634 2267 744 2349 plures
758 2266 904 2332 Vicarios
926 2265 1096 2349 generales
1121 2265 1235 2330 consti·

117 2388 229 2465 tuere3
246 2384 280 2445 2⁰
293 2400 334 2446 an
344 2383 378 2447 in
389 2401 466 2447 casu
478 2381 615 2447 duarum
628 2381 814 2448 dioeceseon
824 2381 1048 2466 principaliter
1060 2381 1231 2455 unitarum,

120 2515 220 2562 unum
234 2497 397 2563 vicarium
413 2498 447 2562 in
465 2517 657 2585 unaquaque
677 2500 876 2565 constituere
891 2505 1057 2563 teneatur.

163 2613 314 2696 Qucsmo
339 2617 381 2680 1⁸.
400 2652 446 2662 -
465 2620 513 2681 Aa
522 2623 620 2699 possit
637 2620 801 2699 Episcopus
814 2619 916 2698 plores
934 2620 1071 2679 Viccrios
1089 2616 1234 2697 generales

119 2734 152 2794 a'o
165 2750 227 2794 coc
242 2733 359 2795 dioeccsc'
376 2737 577 2796 constituere?
595 2771 641 2780 —
662 2735 693 2796 1⁰
713 2733 846 2798 Certum
869 2739 919 2796 est
940 2730 1124 2796 concordes
1146 2732 1180 2795 in
1202 2749 1233 2796 ea

120 2863 157 2911 re
176 2844 329 2912 doctores
344 2867 409 2913 non
431 2847 660 2933 fuisse‚.pr0ut
674 2856 815 2914 testatur
833 2848 1030 2913 Monacellus
1042 2847 1093 2912 his
1105 2848 1230 2914 verbis:

123 2982 138 3024 u
151 2963 201 3028 An
222 2964 334 3048 plures
354 2965 473 3030 Vicarii
498 2965 667 3048 generales
681 2966 715 3030 in
733 2964 848 3031 eadem
872 2963 1005 3030 dioeoesi
1022 2964 1066 3030 ab
1082 2966 1232 3048 Episcopo

122 3082 305 3146 «constitui
333 3082 476 3164 possint?
510 3081 677 3147 Affirmant
704 3083 872 3160 lerchios,
909 3081 1050 3159 Riccius,
1085 3081 1229 3155 Barbosa,

122 3219 138 3257 u
152 3196 402 3274 Par-Jordanus,
412 3198 573 3282 Pirrhing.
585 3201 711 3282 Negant
722 3199 785 3278 ulii,
795 3216 877 3284 quos
886 3198 1032 3282 sequitur
1040 3197 1230 3276 Nicolius...;

123 3334 139 3374 a
152 3313 212 3378 nisi
231 3313 360 3381 adesset
377 3316 410 3378 in
428 3314 501 3382 loco
518 3316 730 3388 consuetudo.
747 3317 801 3381 vel
813 3323 928 3399 agatur
945 3313 987 3380 de
1011 3316 1175 3399 Episcopo
1187 3311 1232 3398 qul

124 3430 272 3496 «habeut
289 3433 395 3497 unitas
410 3431 491 3499 duas
507 3433 675 3499 dioeceses.
695 3433 736 3498 At
751 3452 863 3499 omnes
884 3433 918 3498 in
941 3433 1002 3496 hoc
1027 3432 1229 3503 conueniunt,

123 3568 141 3607 u
154 3545 242 3631 quod
260 3547 436 3632 Episcopus
449 3568 512 3614 nou
533 3549 634 3631 possit
646 3549 767 3614 habere
782 3549 894 3631 plures
908 3547 1052 3619 vicarios
1066 3547 1120 3611 vel
1139 3545 1233 3611 tribu·

123 3685 139 3723 a
153 3663 237 3728 nalia
248 3661 341 3748 juxta
354 3681 527 3729 numerum
543 3662 760 3730 dominiorum
772 3663 1009 3746 temporalium,
1025 3660 1068 3726 ad
1080 3679 1153 3745 quae
1166 3660 1232 3726 dice

123 3795 139 3840 u
157 3780 239 3845 cesis
253 3799 288 3846 se
305 3780 464 3846 extendit.
486 3804 501 3842 a
521 3781 630 3868 (Parte
647 3784 675 3859 1,
696 3782 748 3846 tit.
775 3783 803 3858 l,
821 3779 963 3844 formula
981 3780 1011 3855 l,
1029 3797 1064 3840 n.
1088 3775 1159 3861 34.)

70 3947 72 3951 2
165 3900 199 3962 2⁰
221 3896 446 3963 Abstrahendo
469 3918 487 3962 a
511 3898 682 3963 Sacrarum
706 3895 1000 3980 congregationum
1030 3901 1231 3959 romanarum

120 4014 205 4098 stylo
222 4021 256 4080 et
274 4014 557 4092 declarationibus,
583 4014 660 4080 mihi
680 3980 825 4080 videtur⁴
834 4011 1070 4089 sustinendum,
1090 4028 1184 4093 posse
1197 4006 1231 4072 cl)

121 4130 280 4214 Episcopo
295 4131 406 4214 plures
419 4131 570 4197 constitui
583 4131 727 4198 Vicarios
752 4129 931 4215 generales,
950 4129 1048 4193 etiam
1067 4126 1149 4191 citra
1162 4125 1230 4189 titu-

121 4245 191 4319 lum
211 4246 464 4320 consuetudinis.
493 4250 573 4320 llam
597 4254 724 4317 certum
748 4254 799 4314 est
825 4246 897 4337 (per
916 4244 1051 4314 titulum
1076 4246 1113 4307 cte
1136 4241 1229 4321 officio
