2714 4980
125 331 191 394 178
471 338 659 387 emortuus
680 339 725 386 nn
747 339 895 387 runicus.

125 466 273 536 Acrota»
296 469 378 557 (cap.
395 471 450 546 21,
474 467 561 532 tituli
575 470 608 545 3,
622 466 698 531 libri
720 466 732 530 1
757 459 998 548 decretalium).
1022 463 1111 528 Dum
1127 463 1159 529 in
1175 463 1224 530 hae

118 585 277 653 decretali
292 585 422 663 dieitur,
434 604 501 648 curn
515 585 661 664 euoffiu'o
672 589 890 647 conteneantur
901 586 1226 663 concrepationnnsuo

117 724 184 768 run
199 708 321 785 neqotio
328 721 503 784 procurare,
523 707 636 784 aperte
654 706 809 783 tunquam
821 697 936 781 regula
949 697 1111 781 generalis
1126 716 1228 782 suppo

116 821 206 886 nitur
219 828 254 885 et
268 818 430 896 firmatur,
443 818 573 902 negotia
585 817 856 882 monasteriorum
870 834 930 898 per
943 816 1101 883 Praelatos
1117 796 1228 882 comm·

116 935 192 1003 dem
222 954 293 1002 esse
329 934 495 1019 gerenda3
522 934 583 998 nisi
612 952 653 998 ex
676 934 746 1016 ipsa
779 933 965 998 monasterii
1008 932 1228 998 constitutione

116 1060 301 1131 caveretur,
316 1053 417 1136 ipsius
428 1051 559 1134 negotia
572 1069 633 1134 per
647 1050 879 1117 monasterium
890 1049 1008 1134 ipsum,
1024 1050 1186 1135 privative
1196 1047 1228 1116 ad

116 1169 305 1248 Praelatum,
324 1169 397 1234 fore
416 1166 571 1252 gerenda.

160 1286 254 1352 Idem
269 1292 396 1352 constat
412 1303 454 1350 ex
468 1285 574 1368 cupite
590 1288 713 1350 Nullan
726 1289 758 1364 9,
776 1303 880 1350 causae
898 1288 949 1363 18,
965 1285 1153 1370 questionis
1163 1285 1227 1364 bin

117 1422 182 1489 quo
199 1405 245 1468 sic
262 1401 466 1486 disponitur:
489 1430 503 1456 «
517 1401 675 1468 Universa
687 1420 770 1487 qum,
785 1399 894 1466 velud
909 1400 1010 1466 divini
1027 1402 1138 1467 cultus
1151 1419 1227 1468 reve

123 1551 136 1574 «
151 1521 311 1597 rentiam,
335 1519 389 1584 vel
410 1514 453 1582 ad
474 1517 649 1584 utilitatem
675 1517 822 1604 ejusdem
846 1518 1035 1583 monasterii
1060 1518 1223 1602 pertinent

120 1635 273 1702 «abbatis
291 1633 488 1714 sollicitudo,
506 1633 549 1699 ad
565 1653 663 1719 quem
681 1641 827 1719 potestas
842 1642 911 1701 tot'c
926 1635 1099 1719 pertinere
1123 1652 1224 1702 conve

122 1781 136 1806 «
149 1752 208 1830 nit,
229 1751 350 1817 debeat
367 1749 560 1835 adimplere.
582 1779 595 1807 »
615 1751 664 1815 Ex
676 1752 739 1815 illis
757 1738 902 1816 textibus
928 1752 1147 1816 communiter
1164 1769 1225 1816 con·

56 1873 59 1879 '
115 1867 254 1934 cludunt
279 1867 462 1944 canonista,
483 1885 577 1948 posse
605 1867 781 1933 Praelatum
808 1868 995 1934 monasterii
1017 1875 1051 1932 et
1074 1867 1220 1944 Ecclesia,

114 1988 238 2072 praevio
253 1985 369 2051 saltem
383 1991 563 2048 conventus
578 1985 633 2049 vel
649 1986 782 2068 capituli
804 2004 974 2063 consensu,
988 1983 1160 2070 injudicio
1176 2002 1221 2067 pro

115 2102 314 2168 monasterio
329 2107 363 2166 et
377 2099 520 2164 Ecclesia
541 2117 639 2183 agere
661 2108 696 2166 et
717 2100 931 2189 respondere.
962 2099 1056 2188 (vide
1082 2099 1221 2165 Sebmalr

116 2218 270 2303 grueber,
288 2218 322 2281 in
337 2216 470 2281 tilulum
489 2218 501 2280 l
523 2219 560 2278 de
573 2219 716 2296 Iudiciis,
737 2216 847 2281 libri2
864 2215 1091 2295 decretalium,
1112 2237 1146 2281 n.
1165 2209 1217 2296 tl.)

161 2335 300 2401 uncum
313 2335 359 2397 2³.
373 2367 419 2380 -
432 2335 460 2395 U
460 2340 541 2394 trun
555 2335 707 2396 Praelctus
721 2340 897 2396 monosterii
911 2336 1019 2415 absque
1029 2335 1218 2398 rnonucloruu

116 2452 270 2529 consensu,
287 2453 384 2530 possit
400 2450 563 2531 injudicio
582 2455 663 2511 sture
679 2468 737 2529 pro
758 2454 949 2529 monasterio,
968 2457 996 2513 et
1022 2448 1220 2516 Praelutusuli

117 2572 203 2650 crpus
210 2567 350 2630 Ecclesiae
369 2567 449 2628 idern
460 2570 560 2646 possit
568 2584 627 2645 pro
643 2567 699 2627 illa
713 2568 858 2645 Ecclesia,
878 2569 1008 2648 ejusdem
1025 2569 1161 2631 Ecclesiu
1176 2579 1218 2627 nou

116 2661 315 2748 consentiente
333 2685 476 2764 capitulo,
504 2688 765 2746 controvertitur:
789 2687 976 2765 siupulornrn
998 2691 1184 2748 conuentuuu
1197 2682 1218 2739 cl

117 2804 308 2866 eeclesiarum
328 2800 589 2862 constitutionibus
603 2805 632 2860 et
642 2803 739 2879 pruni
760 2803 903 2862 standum
922 2803 1055 2863 uidetur.
1071 2836 1117 2849 -—
1131 2798 1218 2865 Glnsa

115 2919 149 2982 in
166 2917 298 2983 citatum
309 2913 510 2979 decretalem
522 2917 659 2994 Educeri,
676 2914 757 2979 etin
773 2920 951 2999 caputAlic
964 2919 993 2994 l,
1010 2919 1048 2980 ele
1062 2917 1218 2982 Pronrur

118 3036 213 3113 ribus,
234 3032 350 3097 asserit
366 3030 513 3096 debonis
528 3032 670 3114 utrique,
689 3030 724 3096 id
737 3037 797 3110 est,
809 3039 877 3097 tam
891 3034 1029 3098 Praelato
1041 3053 1138 3119 qnam
1154 3025 1219 3111 eupi-

119 3151 190 3216 tulc
209 3149 445 3226 communibus,
461 3166 527 3213 non
545 3166 639 3232 posse
651 3148 828 3214 Praeletum
844 3151 911 3214 sine
930 3169 1091 3216 consensu
1110 3140 1220 3232 capituli

119 3267 154 3331 in
164 3264 288 3351 judicio
298 3266 352 3329 vel
365 3265 540 3342 conveniri,
556 3265 611 3329 vel
626 3267 813 3330 convenire.
828 3269 988 3333 Doctores
1000 3286 1083 3334 vero
1093 3265 1219 3352 quibant

121 3384 316 3451 sententiam
330 3389 534 3467 sequuntur,
556 3402 627 3448 enm
650 3383 782 3449 firmant
796 3385 1043 3451 hoc'ratiocinio
1066 3407 1074 3450 ε
1099 3383 1220 3470 quinon

120 3506 231 3586 potest
244 3518 316 3566 rem
331 3500 486 3578 alienare,
505 3517 614 3584 neque
624 3508 734 3584 potest
749 3503 867 3567 camin
880 3500 1041 3586 judicium
1057 3499 1218 3573 deducere3

120 3619 211 3704 atqui
220 3618 372 3683 Ecclesiae
391 3622 448 3680 aut
461 3619 649 3682 monasterii
662 3637 716 3683 res
729 3619 924 3698 immobiles
941 3625 999 3683 eut
1012 3619 1149 3684 mobiles
1157 3626 1222 3700 pru

122 3738 231 3816 tiosos,
248 3735 362 3819 nequit
383 3734 543 3799 Praelatus
562 3735 684 3821 absque
706 3755 865 3801 consensu
879 3737 1012 3820 capituli
1034 3737 1173 3801 alienare
1186 3729 1222 3815 lul

121 3859 296 3939 patettoto
309 3850 405 3916 titulo
425 3853 462 3915 de
481 3853 568 3914 rebus
583 3855 723 3916 Ecclesiae
742 3873 802 3917 non
820 3849 1024 3937 alienandis);
1043 3860 1222 3937 ergoneqlle

124 3978 234 4055 potest
248 3969 291 4036 de
310 3966 428 4033 iisdem
442 3968 564 4053 absque
579 3970 712 4052 capituli
728 3988 887 4036 consensu
899 3971 1038 4054 litigare.

171 4112 188 4153 a
206 4085 271 4153 Sed
287 4087 336 4153 his
350 4105 416 4151 non
430 4084 645 4165 obstantibus
661 4088 706 4152 ait
717 4086 1010 4172 Schmulzgrucber
1026 4079 1218 4174 (intituluml

126 4211 190 4272 «uc
202 4209 343 4285 virtuts,
360 4203 438 4269 libri
456 4207 476 4268 2
493 4203 633 4282 decret,
654 4225 686 4269 n.
705 4203 774 4290 39),
792 4204 969 4271 dicendum
982 4203 1073 4290 quod
1087 4202 1223 4268 Praelatus

125 4335 148 4386 «ἰ
155 4336 255 4408 super
269 4321 428 4408 ejusmodi
441 4322 534 4388 bonis
546 4329 581 4387 et
599 4321 727 4407 juribus
749 4322 974 4389 communibus
992 4322 1064 4409 (nisi
1082 4321 1123 4386 sit
1145 4327 1222 4384 cautu

126 4440 288 4528 «majoris
307 4444 474 4520 momenti,
494 4441 547 4506 vel
566 4439 802 4507 administratio
821 4443 855 4507 in
876 4460 953 4507 casu
976 4441 1086 4526 aliquo
1110 4424 1221 4524 speciali
