2716 4988
132 272 193 337 186
473 285 661 337 rancrnrns
683 289 729 336 nn
750 272 900 334 rnnmns.

126 413 360 498 integritatem.
377 411 484 479 Inhoc
496 415 583 479 enim
601 431 679 480 casn
696 413 810 480 adesse
825 411 1058 478 necessitatem
1071 409 1160 496 juris
1170 428 1244 478 com

126 533 270 596 muniter
288 537 403 596 tenent
420 531 604 596 canonista.

172 652 306 728 Quartus
322 667 428 710 casus:
441 649 467 711 si
486 649 617 725 veritas,
640 645 757 712 melius
772 645 915 729 perspici
936 646 1038 728 possit
1057 662 1244 728 perpenso

125 763 231 828 nalem
242 761 369 827 Actoris
378 769 412 827 et
421 762 482 828 Rei
489 764 728 828 enarrationem
740 783 747 827 :
758 759 847 846 quod
858 760 1010 826 accidere
1019 760 1106 827 solet
1117 760 1244 845 quand«

125 879 164 944 lis
181 885 333 943 versatur
359 879 445 943 circa
472 879 596 944 facium
610 877 743 963 aliquod
761 899 768 944 :
787 883 825 942 ut
840 895 959 960 nempe
975 875 1161 960 detegatur
1176 877 1244 943 iaci

127 996 258 1073 veritas,
273 994 409 1078 expedit
422 1013 507 1077 saepe
523 993 606 1059 illud
618 995 738 1077 exponi
746 1013 808 1078 per
820 994 984 1077 litigantes
997 994 1097 1077 ipsos,
1115 995 1244 1079 quime

125 1111 188 1175 lius
199 1129 295 1195 quam
307 1118 539 1193 procuratores
552 1128 678 1187 eorum,
695 1110 950 1174 circumstantias
964 1129 1078 1174 omnes
1091 1117 1244 1192 poterim

126 1228 299 1310 explicare.
317 1229 406 1291 Tunc
422 1226 559 1303 scilicet,
577 1246 619 1292 ex
638 1225 801 1292 communi
816 1224 991 1291 doctorum
1017 1226 1244 1293 estimatione

126 1351 279 1409 censetur
291 1341 405 1408 adesse
421 1340 581 1407 sufficiens
594 1342 676 1427 juris
687 1343 873 1420 necessitas,
886 1350 924 1407 ut
934 1343 1035 1425 possit
1048 1341 1159 1427 judex
1172 1361 1244 1426 pra!

124 1461 262 1524 sentiam
275 1460 481 1543 personalem
495 1461 638 1543 exigere.

128 1581 131 1585 '
169 1581 394 1658 minturnensis
411 1599 418 1643 :
435 1577 463 1641 si
476 1577 553 1643 talia
565 1578 628 1642 sint
646 1583 760 1643 contra
774 1575 879 1642 Reum
895 1574 1023 1653 indicia,
1035 1582 1075 1641 ut
1091 1582 1244 1658 speretu.

125 1711 218 1777 posse
235 1696 408 1759 veritatem
427 1693 538 1778 detegi
558 1714 600 1759 ex
620 1695 821 1777 inspectione
840 1693 952 1759 vultus
974 1692 1086 1776 ipsius,
1116 1701 1181 1758 aut
1210 1713 1244 1760 e:

124 1810 346 1894 personalibus
360 1810 430 1895 ejus
445 1813 618 1894 responsis

168 1926 288 1993 Omnes
303 1933 413 1992 autem
433 1946 530 2010 supra
546 1926 626 1992 dicti
641 1945 738 1992 casus
751 1926 794 1993 ad
808 1929 941 1992 unicum
961 1925 1079 1992 reduci
1095 1936 1244 2010 possunt

122 2041 166 2107 nd
184 2063 293 2108 casum
314 2062 431 2127 nempe
455 2063 519 2130 quo
538 2043 640 2129 juder
660 2064 701 2109 ex
719 2042 825 2128 aliqua
842 2043 935 2127 gravi
953 2044 1080 2108 ratione
1096 2064 1244 2113 necessa.

122 2159 204 2225 nam
220 2160 383 2226 existimat
401 2162 598 2245 litigantium
612 2162 816 2245 personalem
830 2161 1048 2245 presentiam,
1067 2166 1107 2224 ut
1125 2162 1244 2229 verita

122 2273 235 2362 detegi
256 2283 292 2341 et
311 2275 398 2361 justa
421 2278 583 2343 sententia
598 2277 680 2343 ferri
694 2278 806 2362 possit.
831 2277 895 2359 Qui
915 2295 1008 2341 casus
1023 2276 1085 2342 sub
1100 2279 1244 2362 general

122 2389 262 2457 formula
276 2398 461 2456 necessitatis
465 2399 550 2476 juris
566 2394 707 2477 exprimi
724 2392 821 2458 solet.

166 2509 305 2574 Brenni
316 2511 361 2574 4⁸.
377 2546 424 2561 -
438 2511 469 2574 Si
481 2509 584 2595 judex
598 2510 745 2588 inferior,
763 2510 861 2576 idest
877 2530 897 2574 a
915 2510 1060 2593 principe
1078 2508 1238 2578 diversus

122 2631 233 2707 partes
252 2633 348 2691 vocet
366 2624 410 2691 ad
423 2627 641 2710 personaliter
661 2626 925 2710 comparendum,
950 2634 985 2692 et
1000 2645 1134 2693 causam
1150 2629 1189 2694 in
1204 2630 1244 2694 ci·

120 2740 242 2807 tatione
260 2761 327 2807 non
338 2743 510 2826 exprimat,
529 2744 639 2810 citatio
657 2744 831 2821 uonvalet,
849 2762 912 2808 nec
926 2749 1060 2808 tenetur
1075 2745 1244 2811 citatusit

120 2859 253 2940 propria
279 2876 419 2942 persona
447 2860 570 2924 venire.
598 2859 722 2924 -Ita
753 2879 828 2924 cum
856 2860 967 2924 multis
1001 2859 1071 2924 aliis
1103 2861 1244 2927 sustinet

121 2972 409 3058 Scbmalzgrueber
422 2975 466 3062 (in
478 2976 640 3041 tituluml
662 2979 699 3039 dc
714 2979 854 3053 Iudiciis,
873 2976 950 3041 libri
969 2978 988 3040 2
1008 2972 1244 3056 decretalium

121 3111 154 3157 n.
171 3089 240 3176 45).
262 3093 415 3178 Sequitur
423 3093 492 3158 haec
511 3094 675 3158 conclusio
688 3113 730 3159 ex
741 3092 1002 3176 precedentibus
1015 3111 1022 3153 :
1035 3112 1112 3158 curn
1121 3112 1244 3180 nempe

119 3208 203 3274 tales
215 3206 343 3292 judices
356 3216 564 3292 potestatem,
582 3216 620 3274 ut
635 3208 786 3286 diximus,
802 3228 868 3275 non
880 3209 1020 3275 habeant
1031 3213 1244 3293 personalem

120 3325 324 3407 presentiam
343 3324 504 3408 exigendi,
522 3327 583 3390 nisi
600 3325 635 3390 id
650 3327 796 3409 postulet
812 3325 893 3410 juris
907 3326 1092 3404 necessitas,
1116 3328 1145 3393 si
1160 3327 1244 3394 hanc

120 3438 349 3508 necessitatem
364 3441 447 3527 juris
469 3443 505 3507 in
531 3444 682 3508 citatione
705 3462 769 3508 non
795 3445 994 3526 exprimant,
1015 3444 1138 3510 merito
1166 3465 1244 3510 cen-

119 3565 234 3624 sentur
246 3561 415 3644 potestatis
431 3577 496 3625 suae
514 3561 599 3626 fines
614 3559 789 3639 excedere,
808 3570 843 3628 et
859 3579 920 3643 pro
931 3560 1018 3627 nulla
1031 3560 1180 3628 habetur
1195 3583 1244 3631 ee

119 3695 193 3742 rum
212 3674 254 3742 de
274 3676 436 3760 personali
454 3678 626 3760 praesentia
640 3677 811 3763 injunctio.

162 3794 247 3861 XVI.
261 3801 334 3878 Quor
347 3799 389 3860 ad
401 3800 515 3878 factam
524 3802 687 3878 pertineret,
705 3817 766 3861 ooo
775 3817 832 3878 per
845 3797 1014 3874 aduocatos,
1030 3798 1083 3860 sed
1093 3817 1155 3879 per
1166 3805 1244 3881 ipsas

112 3933 258 3995 perscore
288 3917 472 3996 principales
500 3917 682 3995 reputaritcr
706 3919 833 3996 properti
859 3915 976 3977 deberit.
1008 3948 1054 3960 -·-
1079 3914 1244 3981 Probatur

117 4049 159 4094 ex
179 4029 340 4096 decretali
360 4030 528 4115 pastoralis
545 4032 725 4097 Innocentii
742 4032 801 4108 III,
820 4030 944 4096 tenoris
970 4032 1157 4114 sequentis:
1176 4038 1244 4098 Sto·

118 4152 229 4210 luimus
238 4156 387 4230 pretereo
398 4157 433 4211 ut
439 4153 625 4230 principales
638 4169 773 4230 persone
786 4169 846 4212 ooo
856 4169 912 4230 per
931 4152 1104 4228 aduocatos,
1124 4154 1180 4215 sed
1190 4170 1244 4233 par

117 4271 229 4346 mrprsus
247 4269 360 4345 factoro
383 4272 646 4348 propulsabimini
672 4271 751 4347 forte
771 4273 832 4329 slot
849 4269 925 4329 aceo
942 4269 1124 4343 indiscretae,
1143 4276 1181 4331 ast
1198 4289 1244 4331 eu

117 4400 183 4447 roro
194 4385 326 4464 defectae
338 4387 375 4447 cle
382 4387 498 4466 judicis
514 4386 636 4448 licentio
646 4404 703 4466 per
721 4388 799 4448 ulios
813 4388 990 4466 suppleatur
1008 4384 1120 4471 (capnt
1133 4391 1244 4451 Pusio-
