2714 4980
521 306 600 355 raas
622 306 735 352 rarus.
836 314 839 320 ·
1121 291 1184 353 273

111 453 209 520 quam
228 435 263 499 in
283 434 345 500 alio
366 431 607 517 moretur3'sed
622 432 865 516 magnam‘anni
882 439 1020 514 partem,
1038 430 1187 517 adeoque

97 550 212 617 ferme
226 550 436 635 aqualitertn
450 550 685 641 utroqueloco,
698 530 845 614 babitare
858 547 960 614 soleat
977 570 986 614 :
1003 555 1082 614 tunc
1099 549 1189 613 euim

102 666 294 733 censebitur
312 668 347 732 in
369 676 510 753 utroque
525 668 609 746 loco,
631 667 684 732 vel
697 667 730 731 in
749 664 970 730 omnibusillis
988 663 1187 742 domicilium

98 782 241 849 babere.
268 806 284 843 »
312 783 487 870 (Pirrhing,
500 784 534 847 in
545 783 598 848 tit.
616 785 647 860 2,
664 782 741 847 libri
754 784 774 847 2
788 780 929 860 decret,
951 790 985 846 n.
1009 779 1075 866 13.)
1180 813 1182 816 >

114 901 152 965 2⁰
175 898 347 981 Quomodo
370 919 411 964 ex
430 897 590 965 domicilio
603 897 807 963 habitationis
829 898 961 981 proprie
976 896 1064 963 dicto
1080 897 1191 964 deter-

95 1016 216 1081 rinatus
233 1021 400 1081 remaneat
418 1017 508 1083 forus
529 1035 587 1082 seu
610 1014 712 1100 judex
727 1023 927 1098 competens.
952 1051 998 1064 -
1024 1038 1040 1077 c
1064 1016 1120 1080 Vis
1131 1014 1193 1080 do·

105 1130 219 1197 micilii
235 1131 441 1199 habitationis
461 1132 620 1216 generalis
642 1138 703 1209 est,
728 1137 766 1196 ut
786 1133 910 1197 ratione
932 1132 1017 1197 illius
1036 1133 1193 1196 sortiatur
1321 1217 1324 1223 Ι

108 1248 182 1333 quis
197 1247 308 1312 forum
320 1247 428 1333 quoad
441 1249 624 1313 universam
640 1245 910 1332 iurisdictionem,
927 1256 995 1313 tam
1013 1248 1194 1313 contentio·

111 1378 192 1440 sam,
207 1380 305 1446 quam
320 1362 552 1446 voluntariam3
573 1368 623 1426 est
640 1362 727 1426 enim
748 1361 907 1445 generalis
922 1370 956 1427 et
970 1363 1132 1445 praecipua
1143 1360 1195 1447 ju-

114 1477 309 1543 risdictionis
335 1496 449 1561 causa3
465 1479 511 1542 ita
524 1485 562 1542 ut
576 1477 636 1543 soli
653 1477 701 1541 illi
719 1479 775 1562 qui
792 1475 988 1542 domicilium
1004 1477 1124 1544 alicubi
1138 1477 1196 1543 ha·

117 1593 196 1660 bent
209 1600 243 1660 et
256 1595 367 1660 incolae
383 1602 470 1672 sunt,
488 1595 619 1677 proprie
633 1612 671 1658 ac
687 1593 874 1676 simpliciter
887 1594 952 1658 sint
966 1592 1100 1659 subditi.
1114 1594 1197 1659 Hinc

118 1729 191 1776 cum
216 1710 366 1776 omnibus
389 1711 459 1776 aliis
481 1708 562 1776 foris
584 1710 761 1787 concurrit,
778 1710 843 1773 imo
857 1710 895 1773 iis
909 1710 1075 1792 potentius
1088 1717 1195 1787 est...,

118 1834 254 1911 excepto
265 1809 338 1892 foro
357 1826 407 1891 rei
421 1826 501 1904 sita,
518 1824 560 1891 de
576 1844 642 1910 quc
652 1823 747 1889 infra.
765 1824 815 1889 Ita
832 1824 1011 1889 communis
1025 1822 1204 1889 doctorum-

118 1944 289 2009 sententia.
317 1971 330 1996 »
361 1939 674 2030 (Schmalzgrueber,
693 1943 726 2004 in
742 1943 793 2005 tit.
809 1942 840 2018 2,
854 1939 1195 2018 librtrdocretalium,
1264 1947 1268 1952 “

95 2057 197 2144 ..15.)

114 2176 225 2242 ¹cPer
243 2175 352 2240 forum
370 2173 534 2251 domicilii,
554 2171 642 2257 quod
664 2172 866 2238 contrabitur
883 2173 1011 2237 ratione
1029 2171 1207 2237 habitatio--

95 2294 166 2358 :nis
187 2292 422 2377 permanentis,
442 2289 480 2356 tit
496 2290 568 2375 quis
584 2288 732 2355 absolute
748 2287 899 2354 subditus
914 2287 1017 2374 judici
1031 2308 1090 2355 seu
1105 2290 1204 2374 magi·

95 2410 232 2479 tstratui
243 2409 317 2487 loci,
324 2409 435 2473 tamin
447 2406 551 2472 causis
561 2405 710 2470 civilibus
720 2424 814 2491 quam
823 2405 1201 2487 criminalibus...Quare

95 2524 216 2611 rjudex
237 2524 391 2590 domicilii
408 2542 615 2607 cognoscere,
640 2528 674 2587 et
692 2521 843 2588 subditus
863 2523 987 2588 ratione
1010 2523 1096 2589 illius
1113 2524 1202 2607 apud

95 2640 270 2711 reumdem
289 2641 455 2708 conveniri
476 2646 602 2724 potest;
619 2660 686 2705 non
698 2646 826 2705 tantum
845 2638 888 2705 de
907 2641 1127 2706 contractibus
1143 2649 1211 2727 aut

95 2757 246 2827 rdelictis
256 2758 291 2822 iu
307 2758 380 2822 loco
395 2755 560 2833 domicilii,
578 2754 752 2821 sedetiam
770 2755 855 2832 alibi,
877 2757 943 2820 sive
961 2764 1055 2823 extra
1070 2758 1207 2821 territo·

95 2877 200 2943 trium
209 2875 306 2952 illius,
320 2873 494 2938 celebratis
504 2880 561 2936 aut
572 2872 759 2950 commissis
767 2873 820 2937 vel
829 2870 872 2936 de
883 2891 921 2937 re
929 2871 1005 2936 alibi
1016 2873 1087 2956 sita3
1100 2880 1137 2937 ut
1148 2871 1204 2938 do·

95 2997 167 3059 icet
182 2989 292 3056 Abbas
316 2989 361 3075 (in
376 2989 429 3054 tit.
448 2990 480 3066 2,
499 2987 576 3053 libri
593 2990 612 3052 2
633 2986 775 3066 decret,
793 3007 826 3051 n.
849 2984 916 3071 38),
938 2986 995 3051 ubi
1018 2987 1075 3066 ait,
1094 2987 1202 3052 forum

95 3105 268 3173 rdomicilii
288 3125 358 3170 esse
381 3105 491 3170 forum
510 3102 711 3169 ordinarium
727 3109 761 3167 et
776 3102 927 3186 generale
946 3102 1054 3188 quoad
1072 3104 1179 3169 omnia
1191 3127 1209 3188 3·

95 3247 101 3287 r
113 3221 201 3288 adeo
215 3230 254 3286 ut
267 3221 508 3305 quissortiatur
522 3220 630 3286 lorum
648 3220 682 3283 in
695 3220 769 3285 loco
785 3217 950 3299 domicilii,
969 3221 1038 3285 sive
1049 3220 1096 3286 ibi
1106 3239 1202 3303 repe-

95 3342 223 3407 criatur
238 3345 274 3403 et
288 3339 416 3416 existat,
433 3339 500 3403 sive
524 3358 599 3404 non.
617 3335 720 3422 quue
741 3338 879 3401 sumitur
898 3355 939 3402 ex
957 3336 1030 3421 lege
1050 3340 1080 3416 l,
1096 3357 1124 3402 c.
1145 3341 1203 3402 Ubi

95 3460 152 3523 cde
173 3461 300 3519 crimine
317 3460 369 3537 coi
387 3462 538 3536 oporteat·
558 3452 750 3518 ubidicitur
766 3451 855 3536 quod
875 3454 923 3518 rei
941 3455 1111 3519 criruiuum
1129 3474 1212 3538 pos·-

95 3581 192 3641 [sunt
209 3572 356 3638 coerceri
370 3570 428 3635 ubi
442 3568 562 3635 delicta
576 3570 742 3633 commissa
754 3568 808 3635 vel
821 3569 971 3634 inchoata
986 3579 1072 3650 sunt,
1092 3579 1126 3636 et
1143 3571 1201 3636 ubi

95 3690 330 3775 [reperiuntur
350 3686 471 3752 habere
491 3685 732 3751 domicilium...
754 3685 983 3767 Quamobrem,
1003 3688 1080 3753 licet
1098 3686 1213 3772 judex-

95 3806 271 3873 rdomicilii
293 3824 358 3870 nou
377 3804 476 3886 possit
494 3802 662 3867 subditum
684 3802 863 3881 absentem,
884 3813 976 3869 entra
998 3802 1211 3870 territorium

95 3942 211 4014 cauum
226 3940 345 4004 capere
368 3920 454 4007 (cum
472 3921 532 3985 istc
550 3921 591 3983 sit
613 3927 704 3984 actus
718 3918 879 4003 judicialis
898 3908 960 4004 per
980 3940 1078 4006 quem
1095 3921 1201 3987 aliena

95 4067 100 4107 c
109 4038 297 4127 jurisdictio
318 4033 521 4120 violaretur),
543 4043 651 4118 potest
669 4044 781 4102 tamen
801 4035 955 4102 eumdem
975 4038 1215 4120 percuntium

95 4158 171 4224 ivel
192 4156 321 4221 litteras
340 4154 461 4236 citare3
482 4153 629 4236 quamvis
654 4154 741 4218 enim
763 4173 835 4218 ecm
855 4154 1042 4219 citationem
1066 4156 1200 4223 nuntius

95 4274 198 4341 [foris
215 4279 399 4357 exequatur
414 4279 448 4335 et
466 4270 594 4334 intimet
616 4289 685 4348 reo,
705 4269 774 4334 hacc
791 4279 902 4336 tamen
921 4271 1081 4337 intimalio
1096 4275 1201 4342 nuntii

95 4411 183 4460 cnon
205 4397 256 4456 est
276 4394 367 4453 actus
386 4384 557 4470 judicialis,
575 4391 608 4450 ct
625 4384 702 4450 ideo
727 4387 824 4451 etiam
845 4387 879 4450 in
905 4388 1073 4456 territorio
1095 4391 1213 4458 alieno

194 4504 214 4562 1.
896 4553 898 4555 .
1063 4507 1097 4563 18
