2714 4980
464 334 468 345 ,
561 303 642 353 runs
663 302 778 351 rmus.
1167 284 1224 349 ill

109 451 175 497 non
189 437 306 514 peccat,
328 432 487 494 senodum
501 431 634 512 alloquia
646 437 676 493 et
686 431 817 512 probas
833 432 1010 492 sententium
1024 430 1145 508 ferens‚·
1159 433 1232 509 putu

108 555 176 632 ipsc
194 569 257 614 coo
274 551 383 612 oceidit
397 554 597 628 innuentem,
615 551 668 612 sed
691 528 745 611 titt
759 553 813 629 qui
833 567 900 610 eum
922 553 1061 610 assentiet
1081 553 1231 610 nocentem

114 663 159 752 (2,
178 668 211 743 2,
231 683 263 750 q.
283 666 338 742 64,
360 684 389 729 a.
408 667 441 742 6,
463 662 505 729 ad
523 662 569 749 3).
587 666 628 729 Et
647 665 693 731 ita
714 664 859 729 sentiunt
881 663 975 728 multi
998 682 1071 727 cum
1095 662 1231 730 doctore

113 780 278 865 Angelico.
306 784 442 846 Secunda
466 781 644 858 sententia,
667 781 743 845 huic
766 780 898 845 omnino
919 781 1095 858 contraria,
1115 785 1226 860 tenet,

113 916 282 982 nunquam
302 896 405 982 judici
428 897 478 962 fas
500 917 571 964 esse
591 899 803 980 pronuntiare
829 903 942 961 contra
965 897 1128 979 propriam
1155 916 1232 962 con·

115 1015 299 1098 scientiam;
316 1013 404 1079 unde
418 1033 584 1100 nunquam
593 1015 655 1098 ipsi
664 1014 742 1079 licet
756 1012 984 1090 condemnare,
994 1031 1091 1097 quem
1104 1014 1232 1097 privata

114 1131 251 1197 scientia
266 1139 358 1196 certo
378 1131 471 1196 novit
483 1130 699 1208 innocentem,
722 1130 929 1214 quantumvis
943 1148 1004 1212 per
1017 1129 1156 1213 allegata
1173 1148 1233 1194 no-

115 1267 192 1313 cens
214 1247 388 1330 probetur.
409 1247 504 1312 Ratio
526 1254 594 1324 est,
611 1248 686 1330 quia
700 1247 912 1330 pronuntiare
935 1251 1047 1310 contra
1067 1246 1233 1329 propriam

111 1365 304 1441 scientium,
329 1371 380 1429 est
398 1364 550 1446 mentiri3
567 1362 773 1428 mendacium
794 1381 875 1426 vero
892 1369 943 1426 est
960 1362 1040 1446 quid
1058 1363 1233 1428 intrinsece

114 1480 240 1545 malum
262 1486 298 1544 et
319 1497 486 1563 nunquam
508 1479 645 1544 licitum.
662 1479 829 1544 Praeterea
846 1485 1011 1561 praecepto
1030 1477 1141 1544 divino
1158 1496 1235 1562 pro-

109 1594 251 1661 hibetur
277 1595 383 1662 occidi
410 1597 640 1661 innocentem:
670 1601 817 1659 insontem
845 1602 874 1658 et
893 1599 1012 1677 justum
1039 1614 1100 1659 con
1122 1599 1237 1660 occides

116 1712 229 1799 (exod.
247 1710 315 1797 23);
326 1731 404 1796 ergo
416 1710 623 1796 etiumaijura
634 1710 772 1776 humana
783 1710 1033 1794 praescriberent
1042 1713 1236 1777 sententiam

113 1827 198 1894 ferri
216 1827 310 1914 juxta
333 1830 466 1910 albqatc
483 1836 514 1891 et
530 1830 678 1910 potato,
696 1847 763 1892 non
785 1829 848 1905 eis,
870 1826 929 1892 sed
943 1834 1109 1911 praecepto
1123 1827 1237 1894 divino

117 1945 348 2028 obtemperare
364 1943 466 2010 debet
479 1942 593 2028 judex,
606 1962 682 2011 casu
697 1962 772 2028 quo,
785 1942 961 2029 judicando
974 1943 1067 2029 juxta
1083 1945 1231 2028 allegata,

120 2060 161 2126 ad
175 2079 292 2126 necem
307 2058 461 2127 damnare
478 2058 617 2125 deberet
631 2061 808 2126 innoxium.
828 2066 930 2125 Tertia
944 2062 1105 2127 sententia
1122 2060 1235 2127 distin-

121 2176 190 2259 guit
207 2176 270 2242 hoc
285 2175 405 2241 modo:
424 2183 534 2260 potest
552 2181 587 2241 et
603 2174 705 2242 debet
724 2175 828 2261 judex
845 2183 959 2241 contra
976 2178 1140 2261 propriam
1159 2197 1236 2244 con-

123 2294 288 2358 scientiam
305 2294 518 2377 pronuntiare
534 2297 694 2358 secundom
714 2297 846 2376 ulleqato
866 2302 895 2358 et
910 2297 1058 2376 promta,
1076 2295 1110 2360 in
1133 2296 1236 2361 causis

124 2409 267 2475 civilibus
278 2417 313 2474 et
328 2409 547 2474 criminalibus
559 2408 738 2475 minoribus
753 2417 961 2476 :nouantem
971 2411 1004 2474 in
1016 2408 1237 2477 criminalibus

124 2525 307 2612 majoribus,
325 2526 359 2588 in
374 2525 494 2609 quibus
507 2525 616 2608 agitur
632 2523 674 2590 de
690 2543 786 2608 poena
805 2526 918 2591 mortis
940 2527 995 2591 vel
1013 2528 1234 2595 mutilationis.

125 2640 268 2708 liabetur
281 2649 393 2706 autem
404 2639 472 2706 haec
487 2643 649 2706 sententia
660 2643 841 2724 generatim
855 2649 893 2706 ut
906 2640 1125 2727 probabilior;
1138 2649 1237 2732 atque

125 2774 189 2825 eam
206 2759 360 2826 doctores
375 2758 421 2822 sic
435 2756 622 2822 defendunt
638 2778 645 2822 :
663 2757 739 2823 ideo
753 2757 856 2842 judex
873 2759 906 2822 in
925 2759 1073 2824 civilibus
1086 2766 1120 2825 et
1132 2760 1240 2825 crimi-

122 2876 248 2942 nalibus
263 2873 442 2940 minoribus
456 2881 591 2939 tenetur
608 2879 722 2938 contra
738 2874 898 2956 privatam
914 2874 1080 2940 scientiam
1095 2894 1240 2959 pronun-

119 2988 200 3058 tiare
227 2989 412 3056 secundum
430 2989 569 3072 allegata
589 2997 624 3054 et
650 2988 798 3073 probata,
824 2990 899 3073 quia
916 2990 1060 3055 Ecclesia
1081 2991 1127 3078 (et
1147 2990 1238 3057 idem

115 3101 254 3174 dicatur
267 3104 311 3171 de
323 3105 492 3190 republica
506 3104 616 3189 quoad
626 3104 771 3190 judicem
787 3103 983 3190 sucularum)
1001 3114 1109 3191 potest
1124 3107 1167 3172 ob
1180 3108 1239 3176 bo-

109 3234 198 3290 uum
213 3221 392 3307 publicum,
414 3241 455 3287 ne
477 3221 600 3287 scilicet
610 3219 805 3306 judiciorum
825 3221 1032 3305 publicorum
1047 3223 1239 3290 fornacum

102 3339 236 3426 populi
251 3336 402 3403 scandalo
417 3345 598 3414 evertatur,
619 3335 792 3420 disponere
812 3345 850 3402 ut
869 3338 1030 3405 bonorum
1056 3338 1098 3406 de
1122 3341 1241 3426 quibus

99 3458 230 3544 &gitur
245 3454 478 3520 detrimentum
492 3453 641 3530 subeant,
660 3455 726 3538 qui,
736 3439 832 3537 josto
844 3458 987 3538 alienato,
1002 3456 1240 3524 condemnandi

95 3573 290 3641 videntur.
309 3571 391 3635 Nam
407 3571 443 3634 in
456 3568 642 3655 hujusmodi
655 3569 742 3635 bona
756 3571 858 3636 altum
873 3570 1050 3655 dominium
1065 3572 1164 3640 babet
1180 3547 1240 3640 lic-

95 3691 217 3760 elesia
236 3689 331 3776 (sicut
345 3696 380 3753 et
394 3673 579 3772 respublica
594 3689 620 3753 si
636 3688 678 3754 de
691 3687 814 3774 judicio
829 3691 976 3756 saeculari
987 3689 1126 3776 agatur).
1145 3692 1241 3758 Unde

98 3824 157 3876 ex
173 3807 305 3874 ratione
324 3805 402 3871 boui
415 3806 575 3889 generalis
591 3814 626 3871 et
641 3805 774 3889 publici,
794 3806 956 3872 censenda
971 3815 1021 3872 est
1037 3807 1180 3872 Ecclesia
1195 3810 1240 3873 ita

100 3927 317 4010 disponere3
335 3943 373 3987 ac
389 3921 527 4007 proinde
544 3920 646 4006 judex
658 3923 865 3988 innocentem
880 3923 915 3987 in
928 3921 989 3988 boc
1000 3942 1075 3987 casu
1088 3922 1242 3989 condem-

100 4038 243 4117 nando,
258 4037 448 4122 injustitiam
461 4058 526 4102 non
540 4040 723 4104 committit.
741 4039 863 4104 Atvero
879 4040 905 4104 si
917 4048 1031 4123 agatur
1044 4039 1086 4105 de
1098 4058 1242 4123 pronun-

103 4155 235 4226 manda
248 4156 362 4220 mortis
377 4155 431 4220 vel
451 4154 660 4220 mutilationis
676 4173 773 4237 poena
794 4153 861 4239 (qui
882 4174 974 4219 casus
988 4156 1177 4221 saecularem
1189 4155 1242 4242 ju-

110 4275 247 4351 dicem,
266 4291 332 4337 non
353 4270 607 4337 ecclesiasticum
627 4267 785 4354 respicit),
810 4270 918 4334 locum
945 4270 1128 4337 nonhabet
1154 4273 1243 4340 dicta

114 4393 228 4478 rati03
247 4390 323 4476 quia
340 4406 459 4472 nempe
477 4386 663 4472 respublica
676 4404 742 4453 uon
758 4384 859 4455 habet
873 4386 908 4452 in
926 4387 1025 4455 vitam
1043 4396 1078 4455 et
1096 4389 1242 4457 membra
