2714 4980
571 297 651 346 rous
673 297 786 345 rmus.
1173 285 1236 351 159

115 417 345 506 exequendam
359 419 513 506 maudet3
532 423 606 507 quin
626 422 792 506 perillum
805 421 923 489 melius
938 421 1012 489 fieri
1026 429 1143 506 potest,
1161 442 1237 491 oum

116 535 270 603 officiales
281 536 417 608 idoneos
428 537 559 615 habeat,
577 538 689 622 quales
704 539 898 623 plerumque
913 557 979 604 non
992 537 1093 605 habet
1105 539 1174 623 ipse
1183 537 1237 624 ju·

119 651 182 719 dex
196 652 378 738 delegatus.
390 655 462 736 Quo
473 672 550 719 cusu
561 655 719 738 queritur
737 674 779 719 nn
797 653 981 720 ordinarius
995 662 1235 738 pareretenea-

113 775 180 849 tur,
201 769 239 835 id
255 777 317 849 est,
338 769 480 853 delegati
496 768 657 835 Pontifioii
671 772 865 836 sententiam
880 770 1022 855 exequi?
1036 769 1234 841 Affirmative

106 885 316 971 respondent
336 885 488 955 doctores
515 888 749 954 communiter:
773 888 914 954 «Potest
940 887 1109 972 delegatus
1137 889 1233 972 Papae

111 999 199 1088 «psit
211 999 374 1087 Pirrhing)
384 1003 611 1070 executionem
621 1005 789 1069 sententie
801 1023 820 1069 a
830 1023 864 1069 se
874 1004 947 1069 lutae
958 1003 1058 1070 etiam
1069 1002 1172 1089 judici
1181 1023 1234 1071 or·

111 1117 269 1185 «tlinnrio
284 1119 502 1202 demandare3
523 1120 576 1185 eui
594 1117 777 1184 ordinarius
800 1118 935 1186 obedire
954 1119 1066 1199 debet,
1086 1126 1121 1186 et
1134 1140 1154 1185 n
1168 1139 1232 1205 quo

113 1237 291 1320 «oompelli
308 1244 418 1320 potest
438 1235 481 1303 od
500 1234 683 1319 parendum
706 1243 741 1300 et
762 1235 1011 1320 exequendum
1031 1238 1150 1322 quippe
1176 1239 1232 1322 qui

113 1351 209 1435 «ipso
219 1351 385 1419 ordinario
398 1353 430 1416 in
443 1351 503 1417 huo
517 1369 613 1417 muso
622 1348 726 1435 maj0r
736 1356 770 1415 et
785 1353 935 1434 superior
945 1359 995 1419 est
1014 1376 1031 1414 o
1047 1353 1092 1439 (in
1105 1353 1156 1419 tit.
1173 1356 1227 1435 29,

106 1463 181 1535 libri
203 1471 216 1535 l
241 1466 382 1546 decret,
399 1473 478 1533 sect.
498 1468 530 1545 4,
550 1472 566 1545 ἕ
586 1471 618 1544 3,
639 1487 672 1531 n.
699 1463 767 1552 93).
794 1466 834 1532 Id
850 1475 960 1533 tamen
980 1468 1230 1552 intelligendum

113 1586 368 1666 estrepotartto:
386 1601 461 1651 nom
473 1583 503 1649 si
517 1581 702 1649 ordinarius
723 1582 802 1648 sciat
818 1581 972 1667 injustam
994 1603 1067 1650 esse
1088 1582 1231 1671 delegati

110 1694 270 1765 Pontifioii
277 1699 481 1776 sententiam,
495 1699 603 1782 aliquo
611 1698 718 1763 oritur
728 1698 815 1763 inter
826 1696 979 1764 doctores
988 1701 1207 1765 controversia
1218 1720 1225 1783 3

111 1827 203 1895 quum
221 1814 299 1883 vide
315 1814 405 1898 apud
423 1812 712 1897 Schmolzgrueber
736 1813 779 1899 (in
798 1813 850 1879 tlt.
871 1817 924 1893 29,
948 1813 1025 1881 libri
1046 1817 1058 1879 l
1083 1814 1225 1895 decret,

107 1942 140 1992 11·
152 1928 224 2015 38).

146 2052 180 2116 8.
203 2046 409 2132 «Delegntus
423 2046 516 2112 Sedis
529 2045 720 2129 Apostolioae
735 2045 779 2113 ad
793 2045 962 2111 sententie
977 2067 996 2112 a
1011 2065 1045 2113 se
1061 2046 1135 2113 latre
1150 2067 1227 2114 exe·
1252 2125 1256 2130 ⁸

95 2164 380 2240 «ontionemmon
388 2169 516 2227 tantum
527 2162 681 2239 censuris,
693 2161 825 2244 aliisque
837 2160 992 2227 similibus
1001 2161 1164 2241 remediis,
1177 2164 1226 2229 uti

95 2278 289 2345 radversus
307 2285 514 2345 contumaees
530 2284 565 2343 et
580 2277 667 2342 illam
678 2274 896 2360 impedientes
906 2284 1025 2360 potest,
1041 2277 1221 2359 sedetiam,

95 2396 160 2463 :si
177 2397 223 2461 ito
245 2396 462 2463 necessarium
480 2394 591 2471 luerit,
609 2394 733 2460 brachii
751 2393 911 2459 secularis
934 2395 1088 2461 auxilium
1108 2396 1225 2479 implo-

95 2524 226 2579 'rerez
247 2510 337 2598 quod
360 2513 469 2590 etiam,
485 2512 513 2577 si
530 2512 673 2594 legitime
693 2509 778 2576 illud
797 2501 1035 2594 imploraverit,
1062 2511 1218 2597 denegari

110 2629 238 2701 eidem
255 2649 322 2695 non
338 2635 468 2712 potest3
483 2636 518 2694 et
532 2629 559 2693 si
572 2627 633 2695 hoe
650 2626 753 2713 judex
766 2628 927 2696 secularis
944 2627 1090 2695 indebite
1111 2639 1220 2717 neget,

110 2745 174 2811 ad
186 2745 222 2812 id
232 2745 453 2812 exhibendum
467 2765 486 2810 a
502 2743 653 2828 delegato
673 2744 898 2811 ecelesiasticis
911 2746 1057 2813 censuris
1072 2749 1223 2831 compelli

108 2863 263 2942 poterin·
282 2863 455 2946 Colligitur
468 2881 510 2927 ex
527 2878 650 2927 oenone
664 2864 936 2927 Administratores
954 2862 1020 2948 (26,
1042 2882 1144 2929 enusae
1164 2867 1219 2944 23,

105 2986 241 3060 quest.
267 2975 312 3062 5).
338 2976 558 3062 Proceditque
583 2977 655 3054 hoo,
682 2985 720 3042 ut
742 2977 948 3056 aurilioisto
982 2979 1031 3042 uti
1052 2977 1222 3062 delegatus

102 3093 236 3170 possit,
247 3094 371 3159 etiamsi
378 3113 444 3167 non
454 3094 496 3158 sit
502 3094 646 3159 munitus
656 3092 787 3174 speciali
794 3092 949 3170 clausula,
962 3111 1027 3177 qua
1036 3092 1221 3178 hujusmodi

100 3198 307 3291 imploratio
324 3208 434 3275 eidem
443 3209 687 3294 permittatur.»
705 3207 1019 3294 (Sehmalzgrueber,
1036 3209 1071 3274 in
1088 3210 1139 3274 tit.
1160 3213 1216 3291 29,

95 3309 184 3388 ho
203 3322 430 3403 decretolium,
449 3345 482 3391 n.
500 3321 572 3407 39.)

622 3564 693 3630 VII.

342 3793 476 3859 Quomodo
490 3797 566 3844 oron
570 3792 670 3856 judicis
677 3792 789 3858 delopatt
791 3795 960 3859 jurisdictio.

147 4014 172 4079 l.
196 4021 307 4088 Cessat
313 4039 376 4106 per
383 4027 523 4088 mortem
536 4018 688 4106 delegati,
704 4025 730 4088 si
739 4022 902 4105 delegatio
910 4023 971 4106 ipsi
982 4027 1209 4107 personaliter,

95 4111 133 4185 'ld
148 4145 206 4215 est,
227 4154 385 4221 expresso
402 4138 535 4220 proprio
558 4135 628 4222 ejus
648 4140 889 4217 nominetenus
907 4139 960 4204 sit.
977 4141 1066 4223 Tune
1089 4143 1212 4213 seilicet

95 4223 237 4338 delegati
245 4253 430 4339 jnrisdieno
443 4272 550 4339 neque
560 4253 605 4321 ud
618 4253 689 4340 ejus
704 4254 863 4334 heredes,
883 4258 1044 4341 nequead
1058 4259 1212 4344 eJussuo·

95 4358 237 4439 ⁰0⁸⁸ores
258 4373 387 4439 transit.
412 4373 462 4437 De
483 4390 555 4456 quo.
570 4373 659 4437 nullo
681 4379 731 4439 est
749 4373 981 4452 controversie.
1008 4377 1211 4465 Quodjuris-
