2714 4980
124 213 186 274 224
464 229 651 276 rmcrurus
672 229 718 275 au
738 230 886 278 ruarmo.

122 355 228 434 quidm
252 372 310 434 per
324 359 422 434 ipsum
444 357 484 416 lis
508 357 603 435 merit
625 363 695 419 cate
716 363 841 418 mortem
866 356 1039 439 masam
1052 332 1220 420 'wamiam

125 468 247 554 (Capite
265 471 297 545 4,
315 470 402 534 tituli
424 473 474 547 10,
491 471 567 536 libri
590 474 601 535 1
622 469 923 556 clementinorum.)
938 473 986 536 Ex
1007 490 1073 556 qua
1091 470 1225 537 Clemen-

120 584 189 650 tiua
203 585 361 668 sequitur,
381 586 478 649 etium
492 593 670 651 contestata
680 587 750 664 lite,
770 606 896 653 cessare
910 572 1136 670 procuratoris
1147 595 1227 670 pote·

119 706 237 764 statem
252 719 311 782 per
330 707 467 765 mortem
482 701 716 777 constituentis,
737 702 764 766 si
777 703 976 768 constituens
991 703 1085 768 illum
1100 701 1228 785 deputa-

124 817 209 881 verit
223 834 282 898 pro
296 817 394 882 rebus
407 820 546 880 Ecclesiae
561 838 632 897 snoe,
652 820 700 880 cet
714 820 849 896 benefiat
862 826 920 882 sat.

164 941 195 997 7.
209 933 340 1014 Expirat
351 934 571 1015 procuratoris
580 940 723 1015 potestas
735 953 795 1016 per
805 934 1054 1017 ipsiusohitum3
1068 953 1111 1000 eo
1121 950 1229 1017 nempe

119 1066 224 1124 seusu,
240 1046 328 1132 quod
340 1046 381 1112 ad
392 1046 542 1112 haeredes
556 1048 657 1130 ipsius
668 1068 733 1112 nou
744 1057 897 1114 trauseat.
912 1048 1017 1133 quue
1030 1049 1075 1114 nb
1089 1048 1257 1115 omuibus„

118 1166 296 1227 ut'certum
310 1160 505 1240 admittitur,
517 1182 558 1227 ea
570 1182 608 1228 ea
619 1164 745 1229 ratione
756 1162 845 1247 quod
859 1164 892 1228 in
905 1169 1124 1247 procuratore
1138 1163 1257 1247 eliga—

119 1285 174 1343 tur
192 1278 369 1362 personalis
389 1275 558 1343 industria.
579 1276 778 1361 Applicauda
794 1287 904 1345 autem
923 1280 1016 1345 veuit
1032 1279 1103 1345 haec
1124 1278 1257 1362 regui·

120 1395 221 1458 etiarn
238 1395 272 1458 iu
284 1412 361 1458 casu
373 1394 512 1476 incepta
524 1392 590 1477 jam
604 1413 719 1459 causas.

635 1648 713 1725 5Χ.

165 1870 198 1917 lte
206 1869 398 1931 procuratoribus
410 1869 600 1917 camanunitotum
615 1881 656 1916 seu
671 1868 855 1929 universitatum,
870 1869 946 1930 quiet
960 1867 1051 1931 syndici
1066 1876 1181 1918 vomatur.

161 2101 200 2164 lu
219 2099 441 2182 superioribus
459 2099 668 2182 paragraphis
686 2099 809 2181 egimus
824 2096 866 2163 de
881 2103 1109 2180 procuratore,
1122 2104 1221 2182 quate·

117 2233 178 2280 aus
202 2235 220 2279 a
241 2215 374 2298 privatis
398 2216 544 2298 personis
569 2215 755 2280 constituto.
782 2215 873 2279 Nunc
899 2213 942 2279 de
968 2212 1218 2298 procuratoribus

116 2348 198 2414 quos
209 2329 269 2395 sibi
287 2332 486 2396 constituunt
504 2337 727 2410 universitates,
747 2329 984 2395 disserendum.
1008 2328 1217 2396 Universitatit

117 2454 225 2511 autem
259 2448 386 2511 nomine
408 2446 459 2510 hic
480 2446 689 2530 intelligimus
716 2446 885 2531 quodlibet
906 2465 1026 2530 corpus
1047 2447 1169 2511 morale
1188 2458 1216 2509 ex

117 2561 225 2626 multis
240 2563 385 2644 personis
397 2563 595 2646 coalesceus;
611 2562 723 2646 quoles
735 2570 821 2641 sunt,
836 2562 930 2628 verbi
941 2563 1056 2644 gratia,
1074 2562 1213 2631 civitates,

116 2677 248 2743 ordines
266 2679 426 2761 religiosi,
452 2678 661 2755 monasteria,
686 2678 851 2755 Ecclesiae,
881 2678 1014 2760 collegia
1035 2675 1213 2748 studiorum,

115 2793 250 2878 collegia
264 2794 427 2877 opiticum.
449 2792 641 2878 llujusmodi
661 2810 740 2860 vero
761 2793 1009 2859 universitatum
1021 2812 1082 2859 seu
1096 2806 1217 2861 commu

115 2910 252 2974 uitatum
276 2918 523 2994 procuratores,
549 2910 681 2992 proprio
709 2910 838 2974 uomiue
865 2908 991 2992 syndici
1012 2911 1122 2975 vocati
1143 2911 1213 2974 suut.

115 3024 219 3090 Hodie
234 3033 345 3090 tamen
359 3025 429 3091 fore
441 3026 525 3091 solet
539 3027 700 3090 reservari
713 3025 889 3108 appellatio
899 3024 958 3088 ista
968 3022 1216 3107 procuratoribus

115 3142 200 3224 quia
216 3144 348 3222 collegiis
363 3144 532 3204 studiorum
548 3139 760 3224 deputantur.
777 3141 979 3205 Ceterarum
994 3159 1075 3206 vero
1094 3155 1217 3208 commu·

115 3255 253 3319 uitatum
271 3255 398 3339 syndici
412 3274 580 3321 commuue
596 3264 843 3339 procuratorum
860 3258 976 3321 nomeu
989 3257 1146 3322 retinent.
1160 3256 1215 3337 Quo

115 3381 295 3455 praenotato
318 3375 498 3456 praecipuas
517 3373 599 3458 juris
623 3374 705 3437 sacri
729 3372 964 3457 dispositiones,
982 3372 1026 3438 od
1049 3365 1216 3459 hujusmodl

115 3494 342 3570 procuratores
357 3496 554 3572 spectantes,
572 3488 632 3555 hoc
647 3488 743 3554 modo
760 3489 878 3573 exponi
893 3507 986 3573 posse
1002 3490 1079 3554 visae
1097 3497 1191 3554 suut:

164 3608 192 3667 1.
219 3605 263 3669 Ut
278 3605 340 3669 rite
360 3606 578 3669 constituatur
589 3603 725 3689 alicujus
739 3605 960 3671 univcrsitatis
978 3624 1037 3670 seu
1059 3601 1215 3671 commuui-

114 3720 191 3785 totis
202 3727 405 3804 procurator,
423 3718 651 3785 vocandisuat
668 3720 854 3804 omnesqui
871 3718 924 3804 jus
944 3718 1089 3806 suffragii
1100 3720 1211 3790 habeut,

117 3835 209 3919 juxta
223 3837 367 3920 regulam
383 3835 464 3920 juris
476 3839 518 3902 29
534 3837 568 3900 iu
582 3845 667 3900 sexto
682 3858 693 3900 :
709 3841 901 3917 Ouodontaes
917 3844 1028 3919 tangit,
1043 3841 1083 3901 od
1100 3837 1214 3900 omniuo

118 3954 203 4016 debet
216 3955 387 4035 approbari.
399 3953 519 4037 Estque
535 3961 628 4018 extra
641 3971 769 4018 omnem
780 3954 1047 4032 controversiam,
1060 3951 1212 4019 invalidior

118 4067 190 4134 fore
216 4070 436 4152 procuratoris
462 4069 675 4147 electionem,
702 4071 729 4133 si
755 4079 868 4135 vocata
889 4089 954 4134 nou
981 4070 1106 4137 fuerint
1128 4062 1212 4134 omnin

118 4187 353 4251 communitatis
369 4187 525 4264 membra,
537 4187 654 4271 quihus
670 4186 854 4271 suffragium
871 4185 1051 4253 decisivum
1063 4181 1208 4271 competit·

163 4303 193 4364 t.
212 4301 253 4381 si,
267 4303 390 4366 vocatis
405 4302 553 4369 omnibus
567 4301 729 4382 vocandis,
748 4304 846 4388 aliqui
859 4320 923 4367 non
939 4305 1084 4385 veniant,
1100 4297 1209 4389 passati
