2714 4980
119 258 183 325 ulo
464 273 652 331 moranus
673 275 719 333 nn
740 271 889 321 tumetis.

118 397 418 494 marmaredae
433 415 528 497 quam
543 397 672 479 nudum
684 396 910 479 musterium.
921 416 981 475 scu
995 413 1119 479 ueram
1130 395 1169 467 at
1180 417 1220 463 aa·

118 515 251 591 lituum
273 514 425 609 Episcopi
445 513 700 611 delegationem‚;
718 533 790 601 quae
811 511 907 579 brevi
928 520 1058 591 umen,
1075 532 1118 580 ex
1140 530 1222 599 gene

117 629 177 705 ruli
197 628 433 705 consuetudine
452 630 519 707 vim
536 630 618 715 legis
638 630 818 709 obtinente,
834 630 871 694 in
884 627 1025 697 officium
1041 634 1223 721 perpetuum

117 746 301 830 transierim
319 746 364 810 ita
383 753 421 811 ut
445 747 514 832 ipsa
540 746 608 811 sola
634 742 676 811 ad
699 743 993 820 archidiaconatum
1016 743 1221 828 promotione,

116 859 273 958 praedicta
283 858 510 949 jurisdictione
524 860 747 937 Archidiaconi
760 860 957 957 potirentur.
976 857 1076 946 (Vide
1090 858 1223 928 Thomas

117 976 235 1057 sinum,
253 984 348 1061 parte
367 982 397 1065 l,
412 979 436 1043 l.
455 981 487 1055 2,
511 998 542 1045 c.
562 981 614 1057 19,
632 997 665 1042 n.
688 974 755 1061 12.)

161 1093 226 1159 Diu
247 1101 357 1160 autem
373 1092 681 1171 Archidiaconorum
696 1092 878 1180 jurisdictio
891 1092 975 1162 citra
990 1088 1163 1161 ferendam
1180 1110 1223 1157 ex·

118 1209 416 1281 communicationis
431 1210 624 1279 sententiam
639 1216 762 1275 arctata
778 1215 848 1293 est;
864 1205 1025 1293 siquidem
1045 1205 1222 1277 duodecimo

116 1325 216 1403 etiam
239 1324 356 1389 saeculo
380 1324 425 1389 sic
450 1325 616 1399 statuebat
639 1323 823 1391 Alexander
844 1322 911 1393 111:
927 1324 1157 1399 Amommcmu
1176 1344 1223 1391 mo

116 1442 237 1511 videtur
258 1443 295 1505 de
315 1442 524 1507 Ecclesiastico
548 1447 737 1506 tmtitmtiomc
761 1443 860 1521 licere,
884 1445 946 1505 msc·
970 1446 1139 1504 auctorum
1162 1443 1222 1523 Epi·

116 1575 269 1638 scaporum
283 1563 450 1638 accesserit,
473 1563 506 1629 im
524 1561 641 1641 aliquos
658 1563 836 1625 smtcmtc’om
848 1559 1046 1640 promulqorc
1067 1556 1181 1649 (capite
1197 1558 1220 1633 5,

116 1671 204 1741 tituli
223 1674 278 1751 23,
295 1672 372 1738 libri
397 1677 409 1739 l
440 1672 681 1760 decretalium).
698 1675 737 1739 In
756 1692 821 1760 qua
844 1671 1003 1740 decretali
1023 1673 1148 1739 locutio
1168 1671 1222 1738 hac

116 1795 294 1852 amtemc'cm
306 1793 499 1873 prommlpcm
516 1808 577 1874 pro
595 1791 680 1875 stylo
693 1789 790 1879 hujus
804 1790 972 1874 temporis,
989 1789 1081 1855 idem
1095 1794 1186 1855 sonat
1195 1807 1223 1854 ac

116 1912 447 1975 excommunicationem
467 1913 686 1990 prmumtiore;
708 1912 808 1991 prout
832 1905 1030 1981 unanimiter
1053 1905 1224 1989 intelligunt

118 2023 289 2089 canonista
308 2021 395 2111 (vide
410 2024 498 2096 inter
513 2024 592 2089 alios
605 2023 790 2103 Ganzalem,
807 2023 841 2087 in
861 2022 1095 2099 commentario
1107 2023 1141 2087 in
1156 2021 1224 2088 hanc

117 2136 340 2229 decretalem),
359 2148 393 2208 et
406 2140 483 2215 satis
494 2147 585 2227 patet
600 2160 642 2207 ex
657 2140 788 2207 rubrica
801 2139 946 2225 praefixa,
963 2158 1036 2225 quae
1054 2139 1100 2205 sic
1116 2139 1222 2217 habet:

116 2255 350 2331 Archidiaccmus
364 2259 480 2339 dejure
497 2263 645 2322 commum
657 2278 717 2323 mom
726 2265 826 2340 potest
845 2262 1114 2321 cmcommum'cmc.
1135 2257 1225 2339 Quum

117 2376 227 2441 autem
242 2390 283 2443 ex
294 2370 369 2456 jure
383 2373 545 2439 communi
557 2391 623 2438 non
638 2369 802 2445 habehant
816 2371 1041 2438 Archidiaconi
1054 2391 1225 2443 excommu-

117 2484 246 2559 nicandi
269 2495 480 2571 potestatem,
503 2507 575 2553 eam
591 2489 701 2553 multis
719 2489 753 2552 in
769 2487 851 2555 locis
872 2487 969 2552 titulo
991 2487 1225 2565 consuetudinis

117 2599 340 2683 obtinuerunt,
352 2611 390 2670 ut
401 2610 493 2679 notat
504 2611 539 2669 et
550 2603 668 2688 prohat
680 2604 778 2669 citato
787 2602 860 2670 loco
872 2603 1047 2669 Ganzalez.
1063 2601 1224 2685 Visitcndae

117 2724 226 2782 autem
240 2716 418 2785 dioeccseos
431 2726 586 2802 potestas
597 2721 723 2785 nonnisi
731 2720 906 2787 recentiori
915 2738 985 2786 aevo
995 2719 1030 2785 iu
1041 2717 1225 2789 ordinarium

116 2831 354 2924 Archidiaconis
369 2841 523 2909 cesserat.

162 2951 208 3025 lla
231 2970 311 3036 ergo
328 2950 395 3027 luit
415 2971 434 3029 a
456 2959 583 3021 remota
604 2953 795 3038 antiquitate
818 2951 1058 3038 Episcopulium
1073 2952 1225 3017 curiarum

116 3067 231 3151 forma,
249 3075 297 3146 ut,
315 3074 437 3152 pnaeter
450 3069 654 3152 Episcopum,
674 3068 756 3145 alius
767 3069 924 3135 existeret
934 3065 1051 3153 judex,
1069 3064 1226 3134 drchidic

117 3202 219 3261 conus
236 3202 364 3266 nempe,
378 3183 636 3273 jurisdictionem
655 3183 795 3263 habens,
812 3202 878 3250 non
892 3182 1088 3270 delegatam,
1108 3181 1170 3251 sed
1183 3199 1226 3247 or

116 3297 285 3379 dinarium,
303 3299 414 3379 idest,
431 3321 451 3373 a
468 3300 541 3385 lege
560 3308 594 3365 et
612 3320 654 3366 ex
667 3300 763 3367 titulo
777 3301 847 3385 ipso
865 3299 959 3373 officii
972 3300 1039 3384 sui;
1055 3300 1114 3385 qui
1127 3307 1227 3365 tamen

116 3416 187 3481 vice
203 3416 366 3501 Episcopi,
378 3420 413 3485 et
429 3415 530 3501 ipsius
545 3415 673 3483 nomine
690 3435 728 3482 ac
746 3416 950 3493 auctoritate,
962 3413 1017 3500 jus
1030 3413 1144 3483 dicere
1162 3432 1228 3527 cep-

115 3540 256 3609 seretur.

160 3650 218 3717 llI.
238 3654 347 3717 Formo
362 3653 550 3735 Episcopalts
562 3657 664 3731 mrim,
680 3669 720 3723 cc·
733 3670 791 3732 quo
804 3653 918 3715 Vicarii
930 3652 1084 3733 qmcrolcs
1098 3655 1134 3715 iu
1146 3653 1231 3715 cmm

115 3768 399 3842 Archidiccomcmm
415 3787 586 3831 successere.
607 3766 825 3831 «summatim
840 3763 923 3830 illud
937 3773 1066 3831 constat
1085 3765 1145 3853 (ait
1158 3764 1232 3832 Tho-

118 3880 327 3969 amassinus),
344 3882 615 3961 Archidiaconum
631 3883 805 3969 perplura
823 3880 938 3948 saecula
959 3887 1119 3949 extremae
1142 3884 1230 3959 edam

119 4025 135 4069 a
148 4002 245 4092 hujus
257 4003 361 4077 aetatis
378 4001 507 4091 (nempe
522 4007 596 4086 post
612 4019 731 4077 annum
746 4000 845 4077 etium
860 3996 1093 4085 millesimum),
1112 4003 1231 4085 specta·

119 4128 219 4185 atum
234 4118 335 4184 fuisse
356 4126 395 4185 ut
417 4119 580 4184 Vioarium
603 4117 788 4201 generalem
811 4116 975 4201 Episcopi;
992 4113 1052 4181 sed
1074 4114 1230 4183 vicarium

118 4257 135 4296 a
148 4240 362 4329 perpetuum
380 4239 533 4305 Vc'ccrmm
545 4252 605 4305 coc
623 4236 661 4309 od
678 4236 823 4329 Episcopo
836 4236 1035 4315 assumptum,
1058 4233 1112 4295 scd
1133 4251 1154 4295 a
1166 4235 1230 4323 με

119 4353 267 4433 amcam
281 4356 319 4427 ut
332 4351 508 4445 loquamur
521 4349 704 4433 moesta·
724 4349 770 4429 no
784 4366 884 4441 porro
898 4347 1028 4431 ramim
1044 4366 1147 4445 penes
1161 4361 1228 4425 eam
