2714 4980
526 334 605 383 anus
627 321 741 383 enimn.
845 320 848 325 ’
1152 316 1195 380 25

84 467 213 532 emulto
227 470 304 531 ante
326 463 500 531 damnatus
519 468 570 529 est
590 482 610 528 a
630 462 752 528 Ioanne
774 462 864 528 Xlill
878 455 1194 527 constitutionelicet

84 611 97 636 a
104 576 205 670 juxto
217 575 396 648 doctrinam
412 577 511 667 (apud
526 577 742 664 Ruynaldum,
758 586 785 644 t.
803 580 834 657 5,
849 596 882 662 p.
897 578 974 655 347,
986 560 1071 643 edit.
1086 573 1193 660 Lucu)

84 698 253 765 «llorinus
269 696 313 784 (in
331 715 431 782 opere
444 693 483 762 de
496 691 696 762 Ponitootio
707 676 996 772 administratione,
1007 694 1031 759 1.
1048 694 1078 772 i,
1096 712 1125 758 c.
1140 690 1192 777 10)

86 816 220 882 «forum
239 815 477 881 contentiosum
489 813 639 879 Ecclesioe
650 831 716 879 non
729 811 899 896 distinguit
914 832 933 877 a
948 809 1022 878 lom
1035 810 1195 894 poenitenss

86 933 191 1010 «timi,
208 940 307 1017 atque
320 931 414 996 illum
423 937 551 996 tantum
568 936 643 1014 post
657 930 703 995 XI
715 929 844 994 autllll
855 928 1007 994 seculum
1022 926 1196 993 Ecclesium

87 1047 263 1115 «hubmsse
277 1054 382 1132 putat.
402 1047 483 1113 (lum
496 1047 622 1112 Morino
636 1047 734 1112 sentit
751 1046 822 1110 Van
835 1045 993 1129 llapenius
1008 1039 1079 1130 (las
1093 1038 1192 1109 erclen

87 1160 218 1245 «colu,
237 1163 261 1229 l.
278 1166 311 1242 3,
325 1164 377 1229 tit.
396 1161 440 1248 1).
462 1162 605 1230 Ferretii
622 1160 753 1229 celebre
769 1166 820 1227 est
834 1178 916 1244 opus
932 1156 971 1225 de
987 1155 1109 1238 Adora,
1129 1176 1196 1245 quo

88 1282 177 1365 uipse
192 1280 444 1347 ecclesiasticam
457 1278 715 1366 jurisdictionem
730 1287 766 1345 et
781 1276 982 1363 judiciarium
1000 1281 1195 1360 potestatem

88 1416 100 1457 ἰ
112 1399 231 1467 acriter
245 1400 441 1466 insectatu.-
453 1397 537 1465 -Inde
550 1399 730 1465 Du-Pinins
744 1394 793 1485 (de
808 1393 952 1485 Antiqua
969 1377 1115 1463 Ecclesia
1129 1390 1197 1461 dia·

90 1514 242 1607 «ciphos,
262 1516 393 1584 dissert.
409 1516 488 1594 llll,
509 1523 524 1596 5
539 1514 615 1601 ult.)
628 1514 788 1601 judicium
802 1512 1055 1581 ecclesiasticum
1068 1510 1103 1578 in'
1118 1488 1196 1578 civi·

91 1635 197 1702 «libus
204 1642 240 1700 et
249 1633 467 1700 criminalibus
476 1632 672 1699 clericorum
682 1633 785 1698 causis
794 1639 828 1697 et
838 1636 1045 1716 potestatem,
1057 1627 1197 1713 exprin-

90 1753 188 1835 «cipis
194 1750 355 1835 permissu
364 1752 496 1834 repetit.
507 1747 829 1815 PetrusGiannonius
837 1742 998 1835 (Historia
1007 1741 1097 1812 cicili
1104 1739 1197 1834 repsi

91 1862 333 1956 nNaopolitooi
347 1867 405 1932 lib.
423 1868 455 1944 2,
471 1884 500 1930 c.
517 1865 593 1943 ult,
611 1844 693 1931 tom.¹
709 1862 752 1949 1),
763 1864 864 1932 hostis
876 1865 1109 1931 infensissimus
1120 1881 1197 1931 con·

90 1987 252 2054 «tentioso
267 1985 416 2051 Ecclesiae
432 1983 516 2063 foro,
536 2001 666 2051 omnem
684 1981 967 2069 ejuspotestatem
981 1983 1016 2047 in
1032 1979 1193 2062 docendo,

89 2100 245 2194 «tonando,
263 2101 442 2180 suadendo,
460 2109 495 2167 et
509 2090 571 2184 per
587 2119 740 2167 censuras
753 2098 947 2185 corrigendo
961 2086 1063 2183 ponit,
1081 2105 1115 2165 et
1127 2099 1196 2167 Mo·

90 2221 181 2286 «rino
196 2220 384 2286 assentitur.
401 2216 541 2285 lacobus
555 2235 685 2304 quoque
700 2198 928 2283 (lothoiredus¹
940 2215 995 2304 (ad
1008 2217 1031 2282 l.
1049 2217 1090 2284 47
1109 2210 1198 2281 codi-

90 2333 154 2404 ·ca'a
166 2332 364 2402 diomede
374 2331 484 2424 Epioe.
494 2329 683 2412 elclcrie.‚t‚
694 2337 768 2418 6‚p.
784 2330 1194 2418 105‚edit.1n·psioe1743),

90 2463 146 2521 «et
161 2454 301 2521 lacobus
316 2452 464 2539 Gujacius
483 2449 531 2540 (io
550 2447 687 2541 puratit.
707 2448 776 2518 cod.
799 2447 837 2517 da
851 2446 1022 2541 episcopali
1037 2442 1196 2531 audierat,

90 2585 251 2657 «operum
261 2577 341 2637 tom.
357 2574 388 2649 2,
410 2570 473 2637 col.
487 2573 542 2649 30,
560 2568 641 2636 edit.
658 2569 802 2636 Venetiae
818 2566 915 2654 1758)
924 2567 1128 2655 judiciariam
1139 2570 1200 2636 llo·

90 2716 101 2743 «
113 2687 217 2755 clesiae
225 2694 420 2772 potestatem
427 2694 579 2770 negant.»
593 2687 687 2753 lluuo
697 2704 908 2757 erroneorum
915 2686 1100 2770 opinionum
1110 2687 1200 2755 elen-

87 2804 176 2873 chum
191 2804 453 2890 transcripsimus
470 2823 512 2869 ex
525 2805 647 2870 Devoti
662 2799 891 2891 (Instructam
902 2799 1069 2884 conculco,
1087 2804 1145 2872 lib.
1163 2808 1196 2884 3,

85 2920 436 3008 tit.l‚§l,innota).
1190 2928 1195 2935 “

124 3044 174 3108 lle
188 3041 229 3107 iis
248 3040 437 3107 auctoribus
450 3041 508 3125 qui
524 3041 685 3107 sustinent
701 3040 824 3105 nullam
839 3038 990 3106 Ecclesioe
1009 3043 1198 3124 competere

87 3157 291 3224 coercitivam
305 3163 512 3240 potestatem,
527 3157 574 3223 sic
589 3157 687 3222 sentit
701 3155 910 3222 doctissimus
917 3156 1064 3223 zaccaria
1081 3178 1089 3222 ε
1111 3184 1126 3211 «
1140 3156 1201 3223 Pe·
1253 3235 1255 3238 y

92 3275 290 3342 «riculosum
310 3271 546 3364 estejusmodi
568 3280 751 3365 tentameu3
774 3279 884 3359 atque,
906 3281 944 3339 ut
966 3280 1091 3340 semoto
1113 3273 1200 3340 omni

92 3390 302 3458 «adulatione
321 3391 451 3476 loquar,
472 3390 775 3474 protestantismum
801 3391 962 3476 tantisper
986 3389 1135 3475 redolet3
1158 3391 1200 3457 si-

93 3506 251 3593 «quidem
273 3505 334 3572 hac
355 3506 407 3572 via
429 3504 605 3574 devenitur
627 3504 672 3573 ad
690 3504 882 3593 ejiciendam
903 3507 1079 3574 Ecclesiam
1094 3526 1114 3574 o
1127 3526 1201 3576 oon·

94 3621 239 3689 «ditione
254 3630 359 3689 status
373 3642 432 3689 seu
442 3623 606 3690 societatis
618 3621 787 3709 perfecte,
807 3622 850 3690 ad
865 3623 1086 3697 conditionem
1107 3621 1200 3692 collo·

94 3736 176 3828 «pii.
195 3740 227 3806 si
241 3758 322 3824 ergo
338 3740 548 3825 impugnandi
568 3758 700 3808 errores
719 3741 840 3820 ceteri,
859 3747 893 3807 at
907 3742 982 3808 huie
1001 3740 1199 3809 eradicando

95 3859 254 3925 «maxime
269 3865 321 3925 est
339 3858 607 3927 incumbendum.
631 3859 680 3926 An
699 3870 811 3944 antem
832 3862 996 3928 intentum
1018 3863 1200 3948 assequari-

95 3976 209 4042 «laxit
231 3977 336 4043 Deus!
360 3977 415 4043 Sin
432 3996 514 4045 vero
538 3978 650 4044 irritus
667 3978 764 4046 cedat
785 3979 882 4046 labor
894 3997 995 4058 meus,
1012 3977 1047 4044 id
1071 3984 1200 4049 tantum

95 4100 275 4180 «sequetur
286 4093 494 4176 incommodi,
516 4092 607 4182 quod
623 4114 675 4163 me
689 4098 838 4183 igniacum
857 4097 955 4164 curie
978 4096 1128 4164 Romane
1148 4116 1201 4164 as·

96 4216 318 4276 «mutatorem
346 4211 571 4280 clamitabunt.
601 4214 679 4281 Esto
706 4235 714 4280 ι
739 4215 870 4280 lucrum
898 4212 987 4279 milri
1005 4214 1198 4283 existimabo

96 4326 205 4414 «lcum
219 4327 255 4393 in
275 4329 523 4411 presentiarum
540 4327 749 4397 subeundum
764 4341 833 4414 pru¹
845 4330 987 4399 veritate
996 4333 1199 4421 -nertyriun

68 4471 74 4483 ·
96 4448 182 4515 ¹¹iou
195 4441 388 4533 imminent),
400 4444 497 4535 qnod·
508 4445 609 4517 detur
622 4448 827 4518 soltem'cum
839 4448 997 4537 apostolis
1009 4449 1063 4542 (ol)
1079 4456 1199 4540 propu-
