2714 4980
558 309 636 356 raas
659 307 817 356 srcunna.
894 343 897 349 .
1175 291 1240 354 163

113 435 200 498 Nam
220 451 240 496 6
254 431 345 496 laicis
354 429 494 516 judicari
504 450 570 496 non
587 449 681 514 posse
697 431 832 496 clericos
852 430 1036 513 specialiter
1050 431 1132 495 sacri
1145 449 1242 496 cano-

111 569 176 615 nes
187 533 382 616 sanxerunt.
393 548 473 628 Quae
493 547 580 612 dicta
595 549 682 613 circa
698 546 888 624 auditores,
912 548 1036 629 pariter
1049 547 1242 630 applicanda

114 667 259 732 veniunt
275 663 477 750 quibuslibet
492 661 536 727 ad
562 663 783 728 ecclesiastiae
798 651 1032 747 jurisdictionis
1051 664 1242 728 exercitium

113 779 352 867 quoquomodo
368 778 546 864 delegatis,
566 778 792 863 deputatisve‚
819 788 876 845 661
896 780 1070 846 commissis
1092 802 1099 844 :
1125 787 1246 864 urgent

115 899 207 962 enim
235 896 394 980 expositae
411 897 564 973 rationes,
590 904 627 960 ut
650 915 754 981 neque
774 895 817 971 hi,
841 896 915 961 laici
940 915 1010 961 esse
1029 897 1164 979 possint,
1190 896 1247 962 vel·

116 1012 289 1097 conjugati
299 1012 422 1077 clerici.
1034 1013 1035 1016 ’

162 1130 246 1209 Quae
257 1126 339 1211 juris
350 1127 434 1191 sacri
446 1127 614 1209 principia,
633 1127 694 1191 etsi
709 1105 840 1193 omnino
852 1135 942 1193 certa
952 1130 1026 1205 sint,
1043 1148 1117 1193 curn
1134 1136 1246 1194 tamen

117 1241 321 1327 quandoque
335 1243 501 1326 contingat
513 1261 551 1307 66
564 1261 629 1307 666
644 1242 812 1308 observari
822 1241 867 1329 (id
876 1245 921 1308 ita
935 1244 1035 1309 licere
1044 1245 1250 1328 sibipersna·

118 1358 281 1424 dentibus
293 1358 457 1424 nonnullis
473 1359 650 1441 Episcopis,
672 1359 715 1422 ob
733 1359 1250 1426 1166161666611116166666661611Ὦ

118 1497 210 1554 nem,
224 1476 328 1540 aliave
342 1474 385 1539 de
403 1472 523 1558 causa),
541 1475 599 1540 abs
612 1494 648 1539 re
666 1494 731 1539 non
745 1476 808 1540 crit
818 1476 851 1539 in
861 1475 1137 1543 confirmationem
1148 1477 1250 1562 subji-

121 1613 200 1660 cere
214 1601 400 1659 emanatam
416 1589 593 1668 haedere,
611 1591 733 1656 aSacra
747 1569 1001 1675 congregatione
1017 1594 1255 1673 Immunitatis‚¹

120 1708 175 1775 die
197 1712 217 1774 3
240 1707 384 1772 octobris
402 1709 499 1781 1832,
521 1705 719 1789 encyclicam
738 1707 919 1789 epistolam,
939 1726 1022 1792 quaa,
1043 1710 1104 1774 etsi
1117 1709 1159 1774 ad
1172 1711 1251 1794 Epi-⁴

120 1844 242 1909 scopos
255 1824 429 1890 dumtaxat
440 1831 544 1888 status
559 1822 720 1887 Pontificii
739 1822 875 1900 directa,
888 1822 941 1908 jus
955 1832 1064 1890 tamen
1077 1846 1249 1892 commune

119 1939 233 2026 quoad
258 1959 370 2005 omnes
387 1939 484 2004 simul
507 1937 674 2004 declarat:
698 1937 791 2022 cujus
810 1947 906 2005 tenor
930 1948 981 2005 est
1001 1940 1245 2025 hujuscemodi:

122 2084 142 2120 a
158 2057 439 2123 Ecccllentissimo
455 2075 473 2120 6
488 2053 771 2121 Reverendissimo
782 2056 915 2138 signore
931 2057 1250 2123 mioosscrvandissi-

123 2199 139 2236 6
156 2193 225 2250 mo,
244 2174 324 2237 -E
337 2172 496 2255 principio
510 2176 601 2236 certo
615 2172 649 2234 in
661 2168 784 2248 (1161116,
803 2190 822 2234 6
837 2179 983 2237 costante
995 2173 1029 2236 in
1038 2176 1172 2256 pratica,
1188 2175 1249 2240 che

122 2313 139 2352 a
159 2288 331 2366 scilciet,
349 2297 401 2352 'ne
418 2287 461 2370 gli
476 2288 570 2351 stessi
586 2285 718 2352 chierici
743 2285 906 2370 conjugati
929 2306 1067 2370 possonc
1085 2290 1258 2372 giudicare

122 2432 139 2469 «
159 2409 193 2472 16
209 2424 307 2469 cause
328 2403 485 2468 criminali
496 2401 530 2466 di
545 2401 687 2480 chierici,
707 2401 749 2467 ed
764 2405 939 2468 esercitare
955 2413 1070 2470 contro
1086 2405 1121 2470 di
1133 2408 1196 2471 essi
1208 2408 1258 2473 61·

122 2528 139 2587 (1
160 2541 230 2588 666
245 2528 316 2586 6116
334 2518 376 2583 (16
389 2517 628 2602 giurisdizione,
647 2518 749 2583 anche
772 2516 920 2602 delegata
939 2520 994 2585 dal
1018 2521 1146 2605 giudice
1163 2542 1252 2588 com-

122 2666 139 2702 «
157 2643 300 2724 petente
319 2654 327 2697 :
348 2635 463 2718 poiche
482 2635 513 2699 16
528 2634 739 2718 delegacione
762 2633 824 2700 dee
842 2636 961 2702 cadere
987 2640 1021 2701 in
1044 2659 1090 2702 un
1103 2646 1256 2722 soggetto

123 2780 142 2820 «
159 2774 285 2840 capace
309 2751 344 2817 di
362 2751 589 2836 giurisdizione
611 2752 846 2835 ecclesiastica;
865 2751 899 2815 di
919 2755 971 2817 cui
988 2754 1114 2841 (tranne
1135 2757 1158 2821 il
1177 2776 1257 2822 caso

123 2878 141 2934 a
160 2872 396 2954 dell'espressa
419 2867 595 2951 apostolica
618 2866 886 2952 autorizzazione)
904 2887 983 2933 sono
1003 2869 1159 2953 incapaci,
1187 2891 1256 2936 non

124 3015 141 3051 a
164 3005 266 3053 menn
281 2986 293 3049 i
308 2986 393 3064 laici,
412 2984 471 3048 che
493 2984 505 3046 i
524 2982 654 3048 chierici
672 2981 847 3067 conjugati.
868 2985 907 3048 ln
926 2984 1119 3051 conformita
1137 2985 1189 3052 all'
1205 3007 1257 3054 66·

124 3108 142 3167 «'
162 3111 263 3189 posto
277 3103 445 3183 principio,
466 3107 581 3185 questa
596 3100 690 3162 Sacra
705 3099 964 3183 congregazione
979 3100 1054 3167 dell'
1065 3104 1259 3182 Immunita,=

125 3244 143 3282 «
162 3219 247 3284 cuie
262 3215 391 3282 affidata
402 3216 434 3281 16
444 3214 549 3280 tutela
564 3212 724 3278 de'diritti
737 3212 824 3280 della
838 3215 962 3294 chiesa,
979 3237 997 3282 e
1010 3216 1098 3283 delle
1114 3237 1254 3303 persone

126 3360 145 3398 a
164 3332 419 3408 ecclesiastiche‚
438 3351 504 3395 non
520 3331 588 3395 solo
602 3330 643 3394 ha
655 3330 712 3413 pin
730 3332 819 3398 volte
835 3332 998 3398 inculcato
1014 3336 1078 3418 agli
1089 3335 1253 3418 Ordinari,

126 3478 144 3515 ι(
163 3452 285 3518 (11666
302 3449 482 3533 prevalcrsi
500 3446 556 3512 del
574 3449 742 3514 ministero
759 3447 898 3514 (16116161
909 3451 993 3516 66116
1009 3451 1207 3518 formazicne
1218 3454 1255 3519 di

126 3591 145 3628 a
166 3567 318 3652 processi
333 3584 352 3630 6
368 3566 475 3630 666166
489 3562 544 3629 (161
558 3563 704 3646 chierici,
722 3584 787 3629 non
798 3567 867 3629 solo
877 3565 919 3629 ha
934 3564 1041 3632 deciso
1057 3588 1122 3632 non
1135 3577 1260 3651 poterev

128 3711 152 3746 a
165 3704 213 3749 un
229 3685 378 3748 Vescovo
391 3680 543 3763 delegare
557 3681 579 3744 il
593 3679 719 3763 giudice
735 3681 816 3744 laico
835 3700 853 3745 a
869 3700 1059 3764 processere
1076 3703 1122 3747 un
1137 3683 1259 3768 chieri-

128 3827 145 3864 c.
168 3819 221 3878 co,
247 3797 350 3864 anche
376 3795 443 3861 fino
465 3797 528 3861 6116
551 3803 703 3860 sentence
726 3796 1011 3879 esclnsivamente3
1039 3817 1105 3861 non
1127 3799 1196 3862 solo
1212 3800 1260 3865 ha

129 3917 147 3979 ‹t'
167 3915 354 3982 dichiarato
377 3929 468 3976 esser
486 3911 576 3976 nullo
593 3911 616 3974 il
634 3928 786 3992 processo
806 3918 965 3975 castrutto
980 3918 1094 3976 contro
1113 3930 1262 3993 persone

130 4058 146 4097 a
168 4027 414 4097 ecclesiastiche
432 4025 476 4091 da
490 4045 535 4100 66
553 4025 692 4090 61166166
713 4023 896 4108 conjugato,
915 4033 1002 4091 tutto
1015 4026 1074 4091 che
1099 4024 1263 4093 subdela*

136 4155 252 4232 «gato
266 4144 303 4209 di
321 4163 367 4207 un
386 4141 538 4224 delegato
560 4141 762 4224 Apostolic03
790 4158 842 4204 ma
856 4139 1002 4205 eziandio
1017 4143 1050 4204 in
1070 4139 1136 4210 duc
1158 4142 1258 4220 piene
1297 4189 1301 4196 -

131 4291 156 4325 c
167 4263 358 4341 adunanze,
371 4260 401 4324 la
418 4259 522 4342 prima
540 4256 595 4322 del
613 4257 725 4338 giorno
737 4259 776 4320 23
793 4263 904 4338 agosto
924 4254 1137 4334 1775,1’61166
1152 4251 1266 4326 (161(11

132 4407 150 4446 6
171 4385 212 4446 17
230 4377 458 4453 1666661778,
477 4373 632 4439 rescrisse
646 4374 679 4436 in
695 4371 808 4436 favore
827 4369 913 4437 della
935 4370 1049 4437 nullita
1064 4368 1100 4434 di
1113 4376 1265 4450 processi
