2714 4980
152 279 192 341 16
492 292 678 343 runcrnrus
701 293 745 341 aa
766 292 912 342 tunicum.

148 417 315 495 aemonias,
339 414 500 483 ordinarie
525 397 657 495 saltem,
691 418 725 482 in
754 414 899 483 dolendo
920 415 1043 502 justitia
1069 417 1257 485 observare.

193 535 391 602 Prorosrrro
405 533 460 600 112.
476 569 522 583 -
535 528 701 600 Institutio
712 527 915 622 judiciorum
929 551 993 601 coa
1004 542 1047 600 cst
1061 530 1099 599 dc
1110 529 1186 622 jccc
1204 553 1262 600 oc·

149 644 262 731 totali,
278 668 313 716 co
326 667 414 716 caasa
428 645 512 737 qood
529 645 640 716 occsio
653 644 790 716 crimino
809 644 943 717 coerceri
963 657 992 715 ct
1015 667 1119 716 omncs
1131 645 1262 716 omuino

149 761 217 832 litcc
230 760 346 832 dirimi
358 761 488 832 dcbcum
500 784 561 853 pcc
574 761 706 856 judicic
716 761 847 855 proprie
860 761 957 833 dictu.
973 765 1111 849 -ldeo
1132 785 1264 850 semper

149 879 311 949 deberent
325 883 531 966 magistratus
540 882 575 949 in
584 881 754 950 reddenda
765 881 890 967 justitia
903 881 1129 949 substantiales
1148 881 1264 966 judicii

149 996 270 1066 formas
287 996 456 1079 adhibere,
478 1004 513 1066 et
528 1018 695 1086 nunquam
713 1008 845 1085 possent
867 996 1049 1083 procedere
1073 996 1264 1083 extra-judi·

148 1115 283 1196 cialiter,
296 1117 371 1202 quia
381 1114 417 1182 id
431 1118 612 1202 postularet
625 1115 922 1201 bonumpublicnm
934 1135 993 1182 seu
1003 1116 1154 1201 generale
1165 1115 1266 1183 socie·

148 1232 242 1318 tatis3¹
254 1234 345 1319 atqui
361 1235 483 1301 bouum
504 1232 672 1319 publicum
686 1251 752 1298 non
772 1234 818 1299 ita
836 1234 982 1318 rigorose
1002 1232 1146 1316 postulat
1167 1232 1265 1319 utin

150 1348 299 1416 omnibus
312 1350 442 1417 omnino
460 1348 650 1418 coercendis
662 1350 849 1417 criminibus
868 1356 903 1416 et
926 1347 1115 1415 dirimendis
1137 1347 1262 1426 litibus,

150 1485 212 1551 per
224 1466 362 1534 formam
374 1466 562 1553 judicialem
575 1469 791 1553 procedatur3
809 1466 869 1533 sed
883 1467 1042 1551 permittit
1056 1468 1122 1532 imo
1139 1473 1173 1533 et
1190 1484 1268 1552 pos·

151 1582 236 1649 tulat
253 1591 291 1650 ut
306 1584 421 1669 aliqua
438 1582 560 1650 dentur
573 1585 791 1671 exceptiones
807 1585 845 1650 In
859 1585 958 1651 certis
969 1584 1055 1652 enim
1069 1583 1196 1650 casibus
1211 1582 1268 1668 pe-

152 1699 254 1767 ricula
280 1706 316 1767 et
348 1700 551 1768 incommoda
575 1701 723 1769 traheret
752 1702 912 1786 regularis
939 1719 1042 1767 causa
1072 1699 1267 1784 disceptatio

150 1823 293 1883 actorem
308 1816 395 1883 inter
404 1825 438 1885 et
452 1837 562 1904 reum;
582 1824 654 1884 tum
672 1817 715 1885 ob
740 1836 848 1885 moras
866 1825 900 1885 et
922 1815 1092 1884 dilationes
1109 1814 1199 1882 adid
1212 1835 1269 1883 ne-

146 1932 312 2012 cessarias,
329 1930 400 1999 tum
413 1932 609 2020 quaudoque
628 1934 671 2001 ob
684 1933 874 2000 scandalum
888 1953 929 2000 ex
953 1933 1097 2018 regtdari
1111 1950 1268 2018 processu

31 2034 34 2041 ’
148 2048 322 2115 oriturum.
335 2049 382 2114 sit
397 2049 430 2114 in
446 2051 634 2134 exemplum
654 2049 818 2116 ordinaria
838 2050 873 2114 in
895 2048 1124 2135 delinquentes
1148 2047 1269 2114 milites

148 2164 332 2234 exercenda
341 2165 465 2252 justitia
484 2189 491 2233 :
510 2169 537 2232 si
550 2185 611 2252 pro
621 2166 799 2234 minoribus
812 2166 951 2233 militum
965 2166 1068 2251 culpis
1079 2163 1265 2250 puniendis,

101 2364 106 2372 ¹
148 2288 320 2350 teneretur
334 2274 402 2349 dux
415 2282 555 2349 militum
576 2282 776 2368 judicialiter
800 2282 993 2368 procedere,
1021 2284 1066 2348 ita
1090 2289 1128 2347 ut
1150 2282 1270 2348 admit-

149 2395 249 2465 tenda
262 2397 349 2465 foret
362 2398 421 2464 liei
434 2396 590 2478 defensio,
608 2405 678 2465 tota
692 2407 730 2465 ut
744 2406 838 2484 patet
856 2400 889 2464 in
906 2376 1043 2465 nihilum
1058 2398 1165 2465 abiret
1187 2397 1270 2463 mili·

148 2514 228 2580 taris
245 2511 421 2598 disciplina,
439 2512 528 2581 unde
544 2520 579 2580 et
599 2532 751 2599 magnum
771 2523 948 2600 exurgeret
968 2514 1155 2601 reipublice
1181 2511 1269 2579 dam·

149 2581 239 2696 num.
265 2629 415 2697 Postulat
437 2648 516 2715 ergo
535 2630 658 2697 bonum
685 2630 863 2715 publicum,
884 2639 922 2698 nt
941 2631 1050 2715 potuis
1072 2626 1268 2716 quandoque

150 2744 280 2813 accidat·
294 2746 436 2832 aliquem
449 2747 585 2813 militem
595 2748 756 2814 insontem
766 2748 887 2832 puniri,
905 2754 963 2814 aut
976 2748 1072 2813 nimia
1086 2765 1182 2830 poena
1196 2745 1269 2811 cul-

150 2880 226 2947 pam
236 2861 306 2948 ejus
326 2863 426 2946 plecti
448 2881 490 2929 ex
512 2861 635 2929 omissis
658 2861 866 2949 judicialibus
892 2862 935 2929 ad
959 2863 1132 2930 veritatem
1151 2867 1268 2928 exacte

150 2974 398 3055 discernendam
410 2976 623 3057 mationibus,
640 2969 737 3064 quam
749 2976 957 3045 dilationibus
971 2984 1006 3045 et
1017 2965 1286 3046 discussionibus

151 3092 346 3176 forensibus,
366 3096 530 3163 exercitus
544 3097 609 3160 vim
624 3101 659 3161 et
672 3094 823 3162 ordinem
831 3094 1008 3180 praepediri
1017 3101 1052 3162 et
1065 3092 1264 3180 perturbari.

152 3201 257 3280 Porro
270 3231 336 3279 non
348 3211 469 3279 desunt
481 3212 534 3277 alii
547 3209 706 3296 ejusmodi
724 3230 818 3278 casus
832 3213 865 3277 in
884 3211 1003 3298 quibus
1021 3218 1093 3278 tum
1106 3209 1269 3276 ecclesias·

152 3328 248 3407 titus,
261 3336 333 3395 tum
345 3326 508 3394 securioris
529 3326 746 3412 magistratus,
768 3327 814 3393 ita
835 3328 1020 3413 postulante
1042 3325 1156 3413 majori
1179 3324 1268 3391 bono

25 3491 32 3505 -
152 3446 294 3530 publico,
320 3443 441 3512 debeat
465 3462 559 3529 posse
584 3442 766 3528 procedere
796 3442 1109 3531 extra-judicialiter.
1140 3440 1269 3509 iudicia

152 3558 383 3653 ociosormoto
398 3557 831 3647 comcicatc'cinquibusdam
841 3561 1088 3628 circumstantiis
1101 3559 1268 3625 aconcilio
1296 3643 1299 3648 1

152 3678 342 3748 Tridentino
356 3679 513 3763 episcopis
529 3678 696 3761 permissa,
718 3677 811 3743 utilia
824 3675 939 3762 procul
954 3674 1057 3742 dubio
1075 3681 1109 3743 et
1121 3673 1268 3759 legitima

152 3802 238 3861 sunt.
259 3794 299 3862 In
310 3795 350 3861 iis
366 3811 465 3880 porro
477 3775 592 3878 judicii
605 3793 743 3860 forensis
753 3791 975 3860 substantialia
990 3805 1055 3857 non
1068 3798 1145 3858 sunt
1156 3809 1269 3857 neces·

152 3912 236 3980 sario
247 3908 418 3990 servanda,
436 3917 474 3977 ut
485 3929 543 3977 suo
558 3910 633 3977 loco
646 3908 786 3977 dicetur.
804 3909 889 3996 Ergo
900 3908 978 3976 licet
991 3927 1032 3975 ex
1043 3906 1118 3994 jure
1128 3906 1274 3975 natarali

152 4025 265 4097 induci
281 4027 401 4096 debeat
414 4028 614 4114 generaliter
627 4025 825 4113 judiciorum
840 4027 971 4113 proprie
992 4024 1156 4094 dictorum
1177 4027 1269 4093 iusti·

152 4146 249 4227 tutio,
262 4164 327 4212 non
344 4144 391 4211 ita
409 4162 529 4230 urgere
548 4144 603 4211 lex
622 4143 679 4210 illa
698 4143 855 4211 naturalis
872 4141 1035 4210 censenda
1056 4148 1117 4223 est,
1140 4150 1179 4208 ut
1201 4160 1267 4209 non

153 4261 255 4348 possit
269 4239 421 4347 princeps
434 4260 515 4348 ipse,
534 4260 640 4326 etalii
660 4261 867 4346 magistratus
888 4259 930 4326 ab
948 4260 1018 4344 ipso
1040 4258 1218 4340 constituti,
1233 4258 1268 4324 in

153 4379 252 4449 certis
265 4378 392 4447 casibus
408 4370 565 4464 januam
578 4375 887 4463 extra-judicialiter,
904 4375 1014 4457 idest,
1033 4377 1156 4446 omissis
1169 4375 1267 4445 etiam
