2714 4980
129 272 192 334 322
470 275 657 328 ruacrarus
679 282 723 328 uu
745 274 894 330 tunicas.

127 415 226 490 ciunt,
243 411 356 475 sicum
372 405 629 474 solemnitatibus
641 424 660 471 a
671 405 745 490 jure
761 406 928 492 requisitis
943 416 1132 476 exurentur.
1151 395 1223 475 tntu

126 540 206 614 quus
218 525 440 593 solemnitates
454 529 504 589 est
518 530 556 587 ut
569 524 766 589 interveniat
785 522 906 609 judicis
925 523 1107 592 authoritas
1120 546 1128 590 ε
1147 526 1225 592 cute

125 665 178 710 ras
197 641 357 728 ejusmodi
377 641 614 719 solemnitates,
632 639 709 706 vide
733 639 825 724 apud
847 641 1141 727 schmalug'rueber.
1158 643 1225 731 (loco

125 763 195 838 cit,
221 779 254 824 n.
278 751 346 842 31).
370 758 401 822 Si
424 776 503 823 vero
526 754 621 821 dictae
649 756 749 841 copiae
775 758 896 843 absque
920 759 960 825 iis
983 759 1225 827 solemnitatibus

123 875 346 952 conficiantur,
363 873 465 939 iidem
480 874 676 957 regulariter
688 886 754 940 nou
771 873 906 940 faciunt.

165 993 316 1073 Qussulo
330 992 375 1055 4¹.
392 1027 439 1041 -
451 995 604 1070 Quantum
617 993 746 1072 probent
761 996 963 1056 instrumento
972 996 1115 1074 privbit.
1133 995 1224 1059 *lu*

119 1115 336 1173 strumentum
344 1112 500 1189 privatum
514 1103 636 1170 <licitur
649 1104 748 1190 qusai,
764 1106 820 1171 vel
833 1126 852 1172 a
867 1110 1005 1190 persona
1017 1111 1085 1174 nbh
1095 1090 1222 1193 publici,

121 1223 174 1288 vel
187 1225 255 1288 sine
270 1221 389 1287 debitis
402 1219 667 1299 solemnitatibus,
689 1221 876 1288 confectum
892 1229 953 1289 est.
972 1225 1031 1289 Est
1044 1227 1165 1303 aiit'etih
1182 1225 1224 1292 rel

119 1339 332 1417 authenticum,
355 1336 410 1401 vel
431 1336 676 1402 authenticitate
698 1334 904 1403 destitutum.
924 1339 1097 1406 Privatum
1114 1341 1224 1406 timim

120 1462 210 1518 ticum
233 1454 373 1520 describi
397 1454 489 1531 solet,
510 1459 672 1535 sareptano,
690 1459 817 1535 puncto
834 1459 973 1550 ¹quiritem,
998 1458 1122 1522 testitn‘t
1142 1458 1224 1523 horti

118 1575 331 1653 subscriptione
348 1577 403 1633 out
416 1573 528 1651 stptllo,
549 1580 636 1651 eoque
653 1577 803 1652 recoquito
827 1579 881 1634 out
899 1574 1080 1655 approbato,
1108 1578 1162 1638 aut
1173 1578 1224 1638 ott

118 1690 251 1768 leptttmo
272 1690 358 1750 modo
376 1693 504 1750 monito.
528 1686 655 1768 Quibus
676 1685 915 1754 conditionibus
935 1690 963 1754 si
983 1691 1097 1756 carcat
1118 1691 1223 1757 insitu·

118 1811 264 1869 mentum
281 1804 455 1887 privatum,
475 1820 536 1884 pro
551 1805 794 1867 nmoottenttco
813 1803 966 1871 hahetur.

161 1919 276 1984 Plures
290 1926 365 1984 sunt
379 1920 669 1983 instrumentorum
686 1919 890 2001 privatorum
907 1921 1150 1985 nocturnorum
1163 1928 1223 2026 spi*

116 2034 192 2096 cies.
215 2054 231 2092 a
245 2033 325 2095 Nam
338 2048 399 2112 pro
413 2029 532 2094 talibus
546 2029 710 2093 habentur
727 2051 734 2094 :
754 2033 785 2094 10
802 2030 1021 2114 actapublice
1040 2038 1076 2098 ct
1088 2032 1220 2118 jucialiu3

117 2171 134 2209 «
148 2152 182 2212 2⁰
200 2147 371 2230 scripture
393 2165 434 2210 ex
454 2145 596 2211 archivio
610 2145 740 2229 pubhco
760 2144 955 2233 desumptae3
973 2152 1009 2215 30
1024 2148 1221 2234 scripturus

116 2286 133 2324 «
146 2265 280 2348 privatis
294 2261 425 2346 quidem
442 2261 608 2338 coniectae,
628 2259 688 2327 sed
704 2263 834 2344 publico
852 2265 907 2329 vel
923 2265 1114 2331 authentico
1129 2264 1219 2350 sigillo

118 2402 136 2441 «
148 2379 322 2464 Episcopi..
332 2427 352 2457 .,
367 2377 596 2455 universitatis,
612 2377 665 2444 vel
679 2378 812 2443 alterius
826 2381 1068 2446 communitatis
1078 2380 1132 2467 jss
1141 2380 1222 2464 sigilli

118 2495 296 2560 «habentis
309 2496 458 2576 munitam
477 2496 510 2558 40
524 2495 692 2579 scripture
709 2495 828 2576 privati
841 2500 940 2562 munii
953 2499 1158 2584 conscriptae,
1174 2493 1221 2562 sed

118 2613 251 2677 «trium
278 2619 311 2676 et
335 2609 506 2695 aliquando
534 2610 674 2677 duorum
703 2612 837 2676 testium
863 2611 969 2678 adhuc
999 2612 1222 2681 viventiumct

118 2753 135 2793 «
148 2748 237 2795 suam
260 2747 390 2793 monum
410 2729 712 2811 recognoscentium
732 2729 967 2812 subscriptione
992 2731 1219 2811 corroborata,

118 2870 135 2908 c
150 2851 183 2911 5⁰
199 2845 375 2911 matriculae
395 2851 429 2910 et
443 2845 520 2912 libri
538 2841 721 2929 censuales;
739 2847 774 2910 60
788 2846 864 2911 libri
885 2846 1072 2913 officialium
1089 2848 1220 2931 publico

119 2984 238 3048 «rum3
262 2962 462 3047 parochiales
481 2962 735 3045 baptizatorum,
757 2970 954 3046 nuptorum,
980 2962 1218 3045 defunctorum3

40 3086 43 3092 '
119 3080 224 3145 «libri
248 3079 479 3162 collegiorum
504 3077 539 3142 7⁰
564 3078 705 3163 denique
732 3098 845 3145 omnes
874 3080 937 3144 illae
968 3081 1138 3167 scripture
1161 3097 1219 3166 qua

118 3195 329 3262 «secundum
344 3206 467 3262 morem
482 3196 622 3278 regionis
634 3195 789 3261 confectae
802 3198 868 3262 vim
880 3195 1143 3263 authenticbium
1153 3196 1220 3263 obti·

119 3335 136 3374 «
149 3318 291 3376 nuerunt
311 3311 400 3394 apud
419 3329 529 3376 omnes
547 3331 566 3374 a
582 3309 678 3393 longo
704 3330 766 3376 usu
789 3319 823 3376 ct
845 3317 1040 3396 tempore.»
1064 3312 1218 3402 (senmur-

116 3426 268 3511 prueber,
289 3428 323 3490 iu
342 3428 392 3492 tit.
416 3429 468 3504 22,
490 3425 567 3491 libri
583 3428 602 3490 2
619 3424 849 3505 decretalium,
871 3446 904 3492 n.
929 3426 999 3514 36.)
1027 3429 1085 3496 His
1110 3447 1218 3516 praeuo

118 3546 205 3624 istie,

160 3662 188 3725 Ι.
215 3659 264 3725 Ad
280 3659 505 3744 questionem,
523 3666 668 3739 puccium
681 3661 809 3740 probent
824 3666 1025 3726 instrumento
1037 3655 1161 3746 privato
1174 3664 1215 3726 osi

118 3779 258 3854 theutica,
277 3773 518 3858 respondetur:

164 3898 196 3955 1⁰
219 3892 297 3955 Acta
312 3889 474 3974 judicialia
495 3888 605 3953 debito
630 3888 726 3954 modo
744 3891 890 3957 confecta
910 3891 1035 3959 faciunt
1048 3895 1147 3962 iidem
1160 3895 1213 3978 ple

116 4027 201 4073 nam.
225 4009 274 4071 lta
296 4005 509 4071 communiter
530 4002 692 4068 doctores.
718 4004 811 4090 (Vide
833 4007 1133 4093 Schmalzgrueben
1157 4011 1212 4076 loco

118 4124 226 4198 citato,
243 4140 276 4186 n.
294 4118 364 4203 37.)

161 4243 195 4302 2⁰
209 4240 382 4320 Scripturae
399 4257 438 4301 cn
452 4236 596 4301 archivio
612 4236 742 4319 publico
755 4236 958 4323 depromptu
973 4241 1097 4308 fuciunt
1108 4237 1211 4330 paritet

116 4356 245 4440 plenam
270 4353 383 4419 iidem.
409 4355 466 4419 lus
491 4361 601 4418 autem
623 4352 756 4418 archivii
779 4355 900 4439 publici
924 4361 1081 4444 competit
1103 4367 1210 4427 tautum
