2714 4980
144 279 206 345 156
485 293 673 343 moranus
694 296 739 342 nn
759 293 907 342 runicus

189 420 219 483 1.
245 417 359 483 Potest
385 416 486 482 citare
507 423 618 499 partes
640 417 726 483 inter
745 435 779 482 se
802 413 1040 483 contendentes
1064 420 1103 481 nt
1128 431 1252 502 compa·

141 540 254 601 reant:
271 540 316 612 et,
328 533 355 597 si
366 530 511 616 legitime
523 533 630 598 citata
643 551 843 617 comparere,
856 539 913 599 aut
926 531 997 617 ejus
1009 529 1167 599 mandato
1181 531 1254 597 alim

23 714 28 721 .
141 669 259 736 parere
273 650 508 715 contumaciter
522 657 685 728 recusent,
697 650 768 715 illas
779 656 888 734 potest
897 647 1051 716 remediis
1064 648 1255 733 opportunis

142 764 186 831 ad
201 763 237 831 id
248 766 456 848 compellere.
478 767 528 831 Ita
547 767 761 832 communiter
778 764 946 850 doctores3
960 771 995 831 et
1007 770 1136 829 constat
1151 762 1255 846 capite

142 886 188 949 De
206 888 305 947 musis
324 882 367 969 (4,
390 883 478 948 tituli
498 886 552 960 29,
569 882 673 948 librii
697 880 936 967 decretalium),
956 901 1021 969 quo
1039 881 1084 947 sio
1107 877 1256 945 decernit

141 996 325 1066 Alexander
338 998 405 1064 111:
426 1001 496 1063 Illis
510 1005 601 1062 etiarn
619 1005 671 1081 qui
684 1018 743 1082 pro
756 1006 854 1062 causis
874 1002 929 1063 tidt
945 1002 1110 1062 sannaus
1124 998 1168 1060 ad
1183 1000 1255 1058 cito-

144 1119 253 1179 tionem
269 1121 351 1178 tuam
365 1120 478 1194 ventre,
499 1122 553 1177 aut
568 1122 618 1178 tuo
636 1115 786 1197 supernis
798 1135 908 1197 parere
914 1117 1033 1197 judicio
1052 1114 1251 1194 neptenerint,

140 1234 170 1293 si
185 1231 245 1294 tole
261 1232 356 1310 [nard
373 1235 536 1310 nepotinm,
556 1232 634 1311 quod
647 1236 728 1294 certa
746 1233 857 1294 eninde
872 1249 962 1312 purae
977 1236 1011 1293 in
1027 1229 1193 1293 namnida
1204 1245 1255 1290 en-

137 1350 303 1428 pra'ntotur,
315 1348 448 1409 enrndern
463 1346 587 1428 instipas
594 1369 609 1426 ;
623 1348 758 1428 alioquin
773 1352 863 1428 ipsos,
878 1365 934 1428 pro
949 1347 1052 1410 delicti
1065 1345 1215 1426 qualitate
1227 1350 1254 1405 et

140 1481 248 1542 mnae,
271 1465 432 1526 reundum
449 1469 534 1526 tuurn
551 1465 712 1526 arbitrium
729 1469 840 1545 punire
853 1482 1006 1545 proceres.
1032 1458 1131 1542 Quod
1149 1465 1185 1527 et
1202 1476 1254 1543 ap·

140 1574 328 1660 plicandum
343 1577 433 1643 venit
449 1576 673 1660 subdelegato,
693 1579 746 1642 cui
765 1596 893 1642 causam
913 1576 1070 1642 commisit
1085 1573 1255 1656 delegatus

141 1693 249 1777 Papae,
267 1699 305 1758 ut
327 1692 502 1759 deducitur
516 1713 557 1759 ex
574 1694 679 1777 capite
694 1699 746 1758 En
763 1698 874 1759 titteris
889 1695 953 1782 (29,
970 1693 1061 1759 titadi
1073 1694 1128 1771 29,
1145 1689 1248 1756 libmi

142 1805 382 1893 decretalium).

187 1928 219 1991 2.
245 1927 334 1990 Hanc
350 1933 546 2009 potestatem
565 1926 723 2011 puniendi
737 1934 772 1993 et
788 1924 1005 2010 compellendi
1024 1941 1184 1990 exercere
1200 1941 1253 2008 po·
1278 1959 1344 1974 —

141 2048 219 2120 test,
241 2060 305 2106 non
321 2042 424 2107 solum
436 2043 470 2106 in
482 2049 592 2126 partes
605 2042 778 2125 litigantes,
793 2042 853 2108 sed
866 2043 963 2108 etiam
980 2041 1015 2106 in
1032 2040 1112 2107 alios
1130 2039 1188 2124 qui
1205 2036 1347 2124 ju—

142 2157 364 2243 risdictionem
373 2158 444 2244 ejus
455 2161 509 2226 vel
520 2178 707 2244 processum
715 2178 817 2226 causa
829 2157 1022 2242 impediunt,
1031 2165 1090 2223 aut
1098 2156 1349 2223 malitias&

137 2272 331 2340 retardant:
354 2282 416 2339 tarn
436 2296 484 2338 eos
504 2282 556 2358 qni
575 2276 739 2340 traduntur
757 2279 799 2340 ad
815 2295 946 2355 comam,
966 2293 1056 2357 quarn
1069 2274 1350 2356 principalia-s

142 2409 245 2455 eornm
263 2394 397 2472 [animes
421 2391 459 2478 (si
480 2413 529 2455 eos
548 2396 706 2474 naontseste
729 2399 901 2475 copnoueris
915 2397 1072 2475 justitiam
1098 2383 1350 2472 impedire—'sl

143 2507 331 2571 dutriciione
348 2510 544 2572 ecclesiastica
555 2515 672 2591 poteris
686 2529 816 2573 coercere
837 2506 1032 2595 (Alexander
1050 2506 1099 2573 m
1119 2504 1352 2590 laquens-na

144 2618 187 2688 de
204 2620 296 2687 Sedis
312 2622 504 2705 Apostolicae
519 2623 687 2709 delegatis,
701 2625 806 2708 capite
822 2629 901 2706 Quia
914 2628 1072 2707 quesitum
1083 2624 1114 2702 l,
1131 2621 1185 2686 tit.
1199 2621 1240 2688 19
1262 2622 1347 2694 Q,

141 2735 218 2803 iibri
238 2742 250 2802 1
272 2736 425 2823 decret).
443 2739 539 2822 Quod
560 2741 658 2806 etiam
677 2739 827 2825 procedit
847 2738 956 2826 quoad
971 2738 1179 2822 Episcopum,
1199 2735 1348 2819 qumi

144 2851 332 2939 delegatum
344 2857 440 2940 Papae
456 2858 491 2922 in
510 2859 664 2924 exercitio
676 2856 907 2942 jurisdictionis
921 2874 987 2922 suae
1003 2852 1199 2939 impediret3
1218 2854 1345 2916 uml

144 2978 270 3038 constat
286 2992 327 3038 ex
346 2971 501 3039 decretali
515 2979 594 3038 Sene
612 2972 787 3039 Alexandri
803 2975 851 3040 Ill
870 2971 912 3038 ad
931 2973 1166 3041 Garnotensem
1183 2965 1341 3055 lipti-

144 3104 299 3169 scopum:
323 3093 393 3152 Tae
410 3097 567 3172 questioni
587 3094 731 3155 ducimus
755 3091 1001 3172 respondendum,
1024 3089 1104 3170 pund
1119 3088 1221 3170 judee
1322 3100 1338 3142 t

140 3207 238 3272 Nobis
251 3205 405 3286 delepotus
416 3212 493 3270 uices
504 3215 623 3272 nostros
637 3215 736 3291 perit:
751 3210 831 3271 unde
845 3213 878 3270 in
889 3226 979 3270 consa
993 3207 1050 3269 illa
1063 3209 1203 3286 sapenos
1216 3201 1333 3265 e--sl

137 3326 176 3382 et
192 3325 288 3402 rnnjor
305 3324 370 3385 illis
389 3343 514 3404 quornm
535 3344 655 3388 onumen
678 3329 805 3405 susaepd
827 3324 1070 3387 terminandam:
1094 3323 1218 3403 ideaque
1305 3318 1329 3372 ὅτ’

136 3437 308 3519 -Episccpus
327 3441 374 3505 uel
388 3441 452 3502 alia
463 3460 593 3522 persono
612 3460 677 3522 pua
695 3445 813 3503 nonsit
831 3441 868 3502 de
874 3440 1090 3522 jurisdictione
1105 3439 1204 3518 illius,
1227 3431 1323 3497 dl

135 3572 236 3617 -cousa
250 3575 341 3636 quem
353 3562 381 3618 ei
399 3558 580 3638 deleparnus,
603 3558 722 3620 rebellis
739 3563 793 3619 aut
806 3563 967 3619 conturnon
978 3557 1085 3635 fuerit,
1101 3555 1320 3618 secunduAt

137 3673 323 3755 ,equalitatem
336 3676 412 3754 sacti
422 3679 536 3755 poterit
550 3676 598 3737 oet
611 3675 777 3753 interdicti,
797 3674 845 3735 nel
862 3676 1064 3754 suspensionis
1078 3677 1228 3737 sententia
1303 3678 1318 3720 l

138 3792 243 3872 judice
257 3792 392 3872 delepnto
403 3792 560 3872 compelli:
575 3796 620 3853 ito
631 3791 814 3872 quodjudecc
827 3791 987 3852 secuudum
999 3794 1115 3870 nepotis·
1130 3792 1229 3871 qualit
1237 3795 1317 3840 Δ

136 3912 205 3968 tem
231 3912 392 3986 temperate
407 3907 580 3987 procedens,
606 3909 752 3987 Episcopo
776 3907 824 3968 cel
843 3911 1009 3985 inpressum
1034 3906 1189 3986 Ecclesiae,
1215 3891 1315 3966 17⁶1

143 4024 327 4086 sundotale
350 4023 479 4102 officinm
500 4025 673 4101 interdicat,
701 4029 755 4084 ant
775 4028 866 4085 etiarn
883 4027 994 4084 terrane
1015 4022 1113 4101 illinc,
1132 4041 1199 4104 pua
1221 4006 1314 4083 αἱ

137 4139 380 4219 jurisdictionem
397 4158 483 4201 suern
498 4143 642 4220 pertinet,
659 4138 828 4220 specialiter
842 4139 1001 4200 interdicto
1017 4145 1178 4219 supponat.
1196 4125 1310 4224 (Ga-

137 4252 213 4337 ,pite
229 4256 307 4318 Sane
324 4255 376 4331 il,
393 4253 482 4318 tituli
493 4255 546 4331 29,
563 4252 665 4319 librii
685 4249 923 4335 decretalium.)
943 4251 1037 4317 Circa
1048 4251 1132 4319 hanc
1146 4251 1305 4320 decre

143 4367 242 4435 talem
266 4370 432 4455 disputant
452 4371 634 4448 canonistas,
656 4389 697 4432 an
715 4376 824 4455 posset
848 4368 944 4454 Papa
968 4367 1140 4454 delegatus
1159 4370 1299 4438 inter
