<?xml version="1.0" encoding="UTF-8"?>
<!DOCTYPE html PUBLIC "-//W3C//DTD XHTML 1.0 Transitional//EN"
    "http://www.w3.org/TR/xhtml1/DTD/xhtml1-transitional.dtd">
<html xmlns="http://www.w3.org/1999/xhtml" xml:lang="en" lang="en">
 <head>
  <title>
</title>
<meta http-equiv="Content-Type" content="text/html;charset=utf-8" />
  <meta name='ocr-system' content='tesseract 3.04.00' />
  <meta name='ocr-capabilities' content='ocr_page ocr_carea ocr_par ocr_line ocrx_word'/>
</head>
<body>
  <div class='ocr_page' id='page_1' title='image "./tractatusdejudi00bouigoog_0464.png"; bbox 0 0 2714 4980; ppageno 0'>
   <div class='ocr_carea' id='block_1_1' title="bbox 464 280 1168 343">
    <p class='ocr_par' dir='ltr' id='par_1_1' title="bbox 464 280 1168 343">
     <span class='ocr_line' id='line_1_1' title="bbox 464 280 1168 343; baseline 0 -3"><span class='ocrx_word' id='word_1_1' title='bbox 464 295 543 343; x_wconf 76' lang='lat' dir='ltr'>rsus</span> <span class='ocrx_word' id='word_1_2' title='bbox 566 294 724 343; x_wconf 82' lang='lat' dir='ltr'>suenum.</span> <span class='ocrx_word' id='word_1_3' title='bbox 1109 280 1168 340; x_wconf 76' lang='lat'>451</span> 
     </span>
    </p>
   </div>
   <div class='ocr_carea' id='block_1_2' title="bbox 55 417 1189 2023">
    <p class='ocr_par' dir='ltr' id='par_1_2' title="bbox 55 417 1189 2023">
     <span class='ocr_line' id='line_1_2' title="bbox 58 417 1176 503; baseline 0.009 -27"><span class='ocrx_word' id='word_1_4' title='bbox 58 417 218 484; x_wconf 87' lang='lat' dir='ltr'>«residet</span> <span class='ocrx_word' id='word_1_5' title='bbox 236 418 269 481; x_wconf 93' lang='lat' dir='ltr'>in</span> <span class='ocrx_word' id='word_1_6' title='bbox 289 426 440 503; x_wconf 87' lang='lat' dir='ltr'>utroque.</span> <span class='ocrx_word' id='word_1_7' title='bbox 458 421 538 484; x_wconf 89' lang='lat' dir='ltr'>Nam</span> <span class='ocrx_word' id='word_1_8' title='bbox 559 420 593 483; x_wconf 92' lang='lat' dir='ltr'>in</span> <span class='ocrx_word' id='word_1_9' title='bbox 614 417 740 484; x_wconf 89' lang='lat' dir='ltr'>Vicario</span> <span class='ocrx_word' id='word_1_10' title='bbox 756 424 805 482; x_wconf 89' lang='lat' dir='ltr'>est</span> <span class='ocrx_word' id='word_1_11' title='bbox 825 438 899 482; x_wconf 92' lang='lat' dir='ltr'>cum</span> <span class='ocrx_word' id='word_1_12' title='bbox 920 417 1139 502; x_wconf 90' lang='lat' dir='ltr'>dependentia</span> <span class='ocrx_word' id='word_1_13' title='bbox 1156 442 1176 486; x_wconf 90' lang='lat' dir='ltr'>a</span> 
     </span>
     <span class='ocr_line' id='line_1_3' title="bbox 57 534 1177 620; baseline 0.008 -27"><span class='ocrx_word' id='word_1_14' title='bbox 57 557 75 595; x_wconf 80' lang='lat' dir='ltr'>a</span> <span class='ocrx_word' id='word_1_15' title='bbox 89 536 260 601; x_wconf 80' lang='lat' dir='ltr'>uoluntate</span> <span class='ocrx_word' id='word_1_16' title='bbox 283 543 318 600; x_wconf 90' lang='lat' dir='ltr'>et</span> <span class='ocrx_word' id='word_1_17' title='bbox 342 536 478 619; x_wconf 91' lang='lat' dir='ltr'>imperio</span> <span class='ocrx_word' id='word_1_18' title='bbox 503 537 669 620; x_wconf 82' lang='lat' dir='ltr'>Episcopi3</span> <span class='ocrx_word' id='word_1_19' title='bbox 689 555 726 600; x_wconf 90' lang='lat' dir='ltr'>ac</span> <span class='ocrx_word' id='word_1_20' title='bbox 742 534 878 619; x_wconf 86' lang='lat' dir='ltr'>proinde</span> <span class='ocrx_word' id='word_1_21' title='bbox 898 536 1056 614; x_wconf 83' lang='lat' dir='ltr'>vicarius,</span> <span class='ocrx_word' id='word_1_22' title='bbox 1080 537 1177 602; x_wconf 89' lang='lat' dir='ltr'>etiam</span> 
     </span>
     <span class='ocr_line' id='line_1_4' title="bbox 58 652 1178 738; baseline 0 -19"><span class='ocrx_word' id='word_1_23' title='bbox 58 652 219 719; x_wconf 70' lang='lat' dir='ltr'>cranone</span> <span class='ocrx_word' id='word_1_24' title='bbox 233 652 326 718; x_wconf 89' lang='lat' dir='ltr'>officii</span> <span class='ocrx_word' id='word_1_25' title='bbox 340 655 400 732; x_wconf 93' lang='lat' dir='ltr'>sui,</span> <span class='ocrx_word' id='word_1_26' title='bbox 416 659 466 719; x_wconf 87' lang='lat' dir='ltr'>est</span> <span class='ocrx_word' id='word_1_27' title='bbox 481 654 587 738; x_wconf 90' lang='lat' dir='ltr'>aliquo</span> <span class='ocrx_word' id='word_1_28' title='bbox 603 652 699 720; x_wconf 92' lang='lat' dir='ltr'>modo</span> <span class='ocrx_word' id='word_1_29' title='bbox 720 653 886 738; x_wconf 86' lang='lat' dir='ltr'>subjectus</span> <span class='ocrx_word' id='word_1_30' title='bbox 901 661 934 719; x_wconf 88' lang='lat' dir='ltr'>et</span> <span class='ocrx_word' id='word_1_31' title='bbox 948 652 1178 720; x_wconf 90' lang='lat' dir='ltr'>subordinatus</span> 
     </span>
     <span class='ocr_line' id='line_1_5' title="bbox 56 768 1179 854; baseline 0.004 -25"><span class='ocrx_word' id='word_1_32' title='bbox 56 770 264 854; x_wconf 89' lang='lat' dir='ltr'>«Episcopo.</span> <span class='ocrx_word' id='word_1_33' title='bbox 289 770 322 834; x_wconf 86' lang='lat' dir='ltr'>Si</span> <span class='ocrx_word' id='word_1_34' title='bbox 339 770 486 835; x_wconf 87' lang='lat' dir='ltr'>Vioarius</span> <span class='ocrx_word' id='word_1_35' title='bbox 501 768 668 854; x_wconf 81' lang='lat' dir='ltr'>delinquat</span> <span class='ocrx_word' id='word_1_36' title='bbox 685 771 718 834; x_wconf 91' lang='lat' dir='ltr'>in</span> <span class='ocrx_word' id='word_1_37' title='bbox 736 768 838 835; x_wconf 89' lang='lat' dir='ltr'>officio</span> <span class='ocrx_word' id='word_1_38' title='bbox 857 791 926 848; x_wconf 91' lang='lat' dir='ltr'>suo,</span> <span class='ocrx_word' id='word_1_39' title='bbox 950 778 985 836; x_wconf 87' lang='lat' dir='ltr'>et</span> <span class='ocrx_word' id='word_1_40' title='bbox 1003 772 1179 854; x_wconf 82' lang='lat' dir='ltr'>Episcopus</span> 
     </span>
     <span class='ocr_line' id='line_1_6' title="bbox 56 885 1179 971; baseline 0.005 -26"><span class='ocrx_word' id='word_1_41' title='bbox 56 909 74 947; x_wconf 71' lang='grc' dir='ltr'>ι(</span> <span class='ocrx_word' id='word_1_42' title='bbox 88 887 189 951; x_wconf 88' lang='lat' dir='ltr'>etiam</span> <span class='ocrx_word' id='word_1_43' title='bbox 201 887 245 952; x_wconf 90' lang='lat' dir='ltr'>sit</span> <span class='ocrx_word' id='word_1_44' title='bbox 258 887 360 971; x_wconf 86' lang='lat' dir='ltr'>culpae</span> <span class='ocrx_word' id='word_1_45' title='bbox 379 887 562 971; x_wconf 84' lang='lat' dir='ltr'>particeps,</span> <span class='ocrx_word' id='word_1_46' title='bbox 590 895 661 951; x_wconf 87' lang='lat' dir='ltr'>tum</span> <span class='ocrx_word' id='word_1_47' title='bbox 682 886 808 952; x_wconf 89' lang='lat' dir='ltr'>nonad</span> <span class='ocrx_word' id='word_1_48' title='bbox 829 889 1034 971; x_wconf 80' lang='lat' dir='ltr'>Episcopum,</span> <span class='ocrx_word' id='word_1_49' title='bbox 1058 885 1116 952; x_wconf 92' lang='lat' dir='ltr'>sed</span> <span class='ocrx_word' id='word_1_50' title='bbox 1136 885 1179 951; x_wconf 93' lang='lat' dir='ltr'>ad</span> 
     </span>
     <span class='ocr_line' id='line_1_7' title="bbox 57 983 1180 1088; baseline 0 -19"><span class='ocrx_word' id='word_1_51' title='bbox 57 1030 71 1061; x_wconf 74' lang='lat' dir='ltr'>a</span> <span class='ocrx_word' id='word_1_52' title='bbox 90 1002 380 1087; x_wconf 80' lang='lat' dir='ltr'>Archiepiscopum</span> <span class='ocrx_word' id='word_1_53' title='bbox 412 1005 556 1088; x_wconf 83' lang='lat' dir='ltr'>pertinet</span> <span class='ocrx_word' id='word_1_54' title='bbox 588 1024 715 1069; x_wconf 88' lang='lat' dir='ltr'>oausam</span> <span class='ocrx_word' id='word_1_55' title='bbox 741 1024 959 1088; x_wconf 82' lang='lat' dir='ltr'>cognoscere,</span> <span class='ocrx_word' id='word_1_56' title='bbox 992 1024 1030 1069; x_wconf 88' lang='lat' dir='ltr'>ac</span> <span class='ocrx_word' id='word_1_57' title='bbox 1063 983 1180 1088; x_wconf 90' lang='lat' dir='ltr'>punire</span> 
     </span>
     <span class='ocr_line' id='line_1_8' title="bbox 55 1119 1180 1203; baseline 0.001 -20"><span class='ocrx_word' id='word_1_58' title='bbox 55 1120 268 1192; x_wconf 73' lang='lat' dir='ltr'>«Vicarium.</span> <span class='ocrx_word' id='word_1_59' title='bbox 293 1121 362 1184; x_wconf 92' lang='lat' dir='ltr'>lmo</span> <span class='ocrx_word' id='word_1_60' title='bbox 381 1121 558 1203; x_wconf 84' lang='lat' dir='ltr'>Episcopus</span> <span class='ocrx_word' id='word_1_61' title='bbox 575 1126 709 1185; x_wconf 88' lang='lat' dir='ltr'>tenetur</span> <span class='ocrx_word' id='word_1_62' title='bbox 730 1121 788 1184; x_wconf 91' lang='lat' dir='ltr'>tali</span> <span class='ocrx_word' id='word_1_63' title='bbox 810 1140 886 1184; x_wconf 88' lang='lat' dir='ltr'>casu</span> <span class='ocrx_word' id='word_1_64' title='bbox 907 1119 1062 1185; x_wconf 87' lang='lat' dir='ltr'>exhibere</span> <span class='ocrx_word' id='word_1_65' title='bbox 1085 1122 1180 1184; x_wconf 91' lang='lat' dir='ltr'>etsi-</span> 
     </span>
     <span class='ocr_line' id='line_1_9' title="bbox 57 1235 1183 1322; baseline 0.003 -23"><span class='ocrx_word' id='word_1_66' title='bbox 57 1262 75 1306; x_wconf 73' lang='lat' dir='ltr'>‚a</span> <span class='ocrx_word' id='word_1_67' title='bbox 89 1245 182 1302; x_wconf 87' lang='lat' dir='ltr'>stere</span> <span class='ocrx_word' id='word_1_68' title='bbox 203 1236 367 1301; x_wconf 88' lang='lat' dir='ltr'>Vicarium</span> <span class='ocrx_word' id='word_1_69' title='bbox 385 1237 441 1322; x_wconf 90' lang='lat' dir='ltr'>qui</span> <span class='ocrx_word' id='word_1_70' title='bbox 462 1235 600 1320; x_wconf 88' lang='lat' dir='ltr'>deliquit</span> <span class='ocrx_word' id='word_1_71' title='bbox 614 1238 872 1319; x_wconf 85' lang='lat' dir='ltr'>lletropolitano,</span> <span class='ocrx_word' id='word_1_72' title='bbox 889 1238 914 1301; x_wconf 91' lang='lat' dir='ltr'>si</span> <span class='ocrx_word' id='word_1_73' title='bbox 930 1239 1054 1319; x_wconf 87' lang='lat' dir='ltr'>petit...</span> <span class='ocrx_word' id='word_1_74' title='bbox 1077 1239 1183 1311; x_wconf 56' lang='lat' dir='ltr'>Porro,</span> 
     </span>
     <span class='ocr_line' id='line_1_10' title="bbox 55 1351 1184 1437; baseline 0.006 -23"><span class='ocrx_word' id='word_1_75' title='bbox 55 1376 74 1414; x_wconf 81' lang='lat' dir='ltr'>a</span> <span class='ocrx_word' id='word_1_76' title='bbox 95 1351 247 1433; x_wconf 77' lang='lat' dir='ltr'>officialis</span> <span class='ocrx_word' id='word_1_77' title='bbox 260 1373 319 1418; x_wconf 86' lang='lat' dir='ltr'>seu</span> <span class='ocrx_word' id='word_1_78' title='bbox 335 1353 480 1418; x_wconf 81' lang='lat' dir='ltr'>vicarius</span> <span class='ocrx_word' id='word_1_79' title='bbox 501 1353 661 1435; x_wconf 90' lang='lat' dir='ltr'>generalis</span> <span class='ocrx_word' id='word_1_80' title='bbox 683 1352 926 1437; x_wconf 82' lang='lat' dir='ltr'>Archiepiscopi</span> <span class='ocrx_word' id='word_1_81' title='bbox 949 1353 1071 1418; x_wconf 90' lang='lat' dir='ltr'>nullam</span> <span class='ocrx_word' id='word_1_82' title='bbox 1085 1353 1184 1421; x_wconf 87' lang='lat' dir='ltr'>hahet</span> 
     </span>
     <span class='ocr_line' id='line_1_11' title="bbox 56 1465 1185 1553; baseline 0.006 -25"><span class='ocrx_word' id='word_1_83' title='bbox 56 1493 74 1529; x_wconf 77' lang='grc' dir='ltr'>α</span> <span class='ocrx_word' id='word_1_84' title='bbox 92 1475 293 1552; x_wconf 86' lang='lat' dir='ltr'>potestatem</span> <span class='ocrx_word' id='word_1_85' title='bbox 314 1477 371 1533; x_wconf 87' lang='lat' dir='ltr'>aut</span> <span class='ocrx_word' id='word_1_86' title='bbox 389 1465 646 1553; x_wconf 84' lang='lat' dir='ltr'>jurisdictionem</span> <span class='ocrx_word' id='word_1_87' title='bbox 670 1469 704 1531; x_wconf 92' lang='lat' dir='ltr'>in</span> <span class='ocrx_word' id='word_1_88' title='bbox 726 1468 953 1552; x_wconf 85' lang='lat' dir='ltr'>suffraganeos,</span> <span class='ocrx_word' id='word_1_89' title='bbox 975 1470 1018 1534; x_wconf 90' lang='lat' dir='ltr'>oh</span> <span class='ocrx_word' id='word_1_90' title='bbox 1046 1468 1185 1553; x_wconf 88' lang='lat' dir='ltr'>dignita·</span> 
     </span>
     <span class='ocr_line' id='line_1_12' title="bbox 55 1584 1183 1670; baseline 0.004 -25"><span class='ocrx_word' id='word_1_91' title='bbox 55 1608 73 1645; x_wconf 81' lang='lat' dir='ltr'>a</span> <span class='ocrx_word' id='word_1_92' title='bbox 91 1592 163 1649; x_wconf 92' lang='lat' dir='ltr'>tem</span> <span class='ocrx_word' id='word_1_93' title='bbox 186 1592 221 1649; x_wconf 87' lang='lat' dir='ltr'>et</span> <span class='ocrx_word' id='word_1_94' title='bbox 244 1585 451 1650; x_wconf 82' lang='lat' dir='ltr'>eminentiam</span> <span class='ocrx_word' id='word_1_95' title='bbox 470 1584 565 1649; x_wconf 86' lang='lat' dir='ltr'>officii</span> <span class='ocrx_word' id='word_1_96' title='bbox 586 1586 784 1668; x_wconf 89' lang='lat' dir='ltr'>Episcopalis</span> <span class='ocrx_word' id='word_1_97' title='bbox 809 1585 891 1670; x_wconf 76' lang='lat' dir='ltr'>(cap.</span> <span class='ocrx_word' id='word_1_98' title='bbox 924 1589 953 1664; x_wconf 91' lang='lat' dir='ltr'>l,</span> <span class='ocrx_word' id='word_1_99' title='bbox 978 1592 994 1664; x_wconf 63' lang='grc' dir='ltr'><strong>ἓ</strong></span> <span class='ocrx_word' id='word_1_100' title='bbox 1018 1588 1183 1668; x_wconf 78' lang='lat' dir='ltr'>officiales,-</span> 
     </span>
     <span class='ocr_line' id='line_1_13' title="bbox 56 1698 1185 1787; baseline 0.006 -25"><span class='ocrx_word' id='word_1_101' title='bbox 56 1726 73 1762; x_wconf 79' lang='grc' dir='ltr'>α</span> <span class='ocrx_word' id='word_1_102' title='bbox 93 1705 133 1766; x_wconf 83' lang='lat' dir='ltr'>de</span> <span class='ocrx_word' id='word_1_103' title='bbox 152 1702 257 1780; x_wconf 77' lang='lat' dir='ltr'>Officio</span> <span class='ocrx_word' id='word_1_104' title='bbox 272 1704 383 1782; x_wconf 67' lang='lat' dir='ltr'>judicis</span> <span class='ocrx_word' id='word_1_105' title='bbox 398 1705 559 1780; x_wconf 78' lang='lat' dir='ltr'>ordinarii,</span> <span class='ocrx_word' id='word_1_106' title='bbox 576 1701 610 1764; x_wconf 94' lang='lat' dir='ltr'>in</span> <span class='ocrx_word' id='word_1_107' title='bbox 625 1698 669 1785; x_wconf 82' lang='lat'>6),</span> <span class='ocrx_word' id='word_1_108' title='bbox 686 1720 792 1785; x_wconf 90' lang='lat' dir='ltr'>neque</span> <span class='ocrx_word' id='word_1_109' title='bbox 816 1701 850 1764; x_wconf 91' lang='lat' dir='ltr'>in</span> <span class='ocrx_word' id='word_1_110' title='bbox 866 1702 1009 1767; x_wconf 90' lang='lat' dir='ltr'>Vicarios</span> <span class='ocrx_word' id='word_1_111' title='bbox 1030 1702 1185 1787; x_wconf 60' lang='lat' dir='ltr'>suffraga÷</span> 
     </span>
     <span class='ocr_line' id='line_1_14' title="bbox 56 1816 1182 1902; baseline 0.002 -25"><span class='ocrx_word' id='word_1_112' title='bbox 56 1842 73 1880; x_wconf 78' lang='lat' dir='ltr'>a</span> <span class='ocrx_word' id='word_1_113' title='bbox 93 1836 246 1894; x_wconf 89' lang='lat' dir='ltr'>neorum,</span> <span class='ocrx_word' id='word_1_114' title='bbox 259 1819 450 1882; x_wconf 88' lang='lat' dir='ltr'>sicutetiam</span> <span class='ocrx_word' id='word_1_115' title='bbox 463 1836 528 1881; x_wconf 90' lang='lat' dir='ltr'>non</span> <span class='ocrx_word' id='word_1_116' title='bbox 543 1817 643 1882; x_wconf 89' lang='lat' dir='ltr'>habet</span> <span class='ocrx_word' id='word_1_117' title='bbox 657 1818 689 1881; x_wconf 87' lang='lat' dir='ltr'>in</span> <span class='ocrx_word' id='word_1_118' title='bbox 701 1816 849 1883; x_wconf 88' lang='lat' dir='ltr'>subditos</span> <span class='ocrx_word' id='word_1_119' title='bbox 871 1817 1147 1902; x_wconf 84' lang='lat' dir='ltr'>suffraganeorum</span> <span class='ocrx_word' id='word_1_120' title='bbox 1165 1841 1182 1880; x_wconf 87' lang='lat'>»</span> 
     </span>
     <span class='ocr_line' id='line_1_15' title="bbox 55 1932 1189 2023; baseline 0 -25"><span class='ocrx_word' id='word_1_121' title='bbox 55 1936 104 2023; x_wconf 78' lang='lat' dir='ltr'>(in</span> <span class='ocrx_word' id='word_1_122' title='bbox 121 1934 257 1999; x_wconf 88' lang='lat' dir='ltr'>titulum</span> <span class='ocrx_word' id='word_1_123' title='bbox 271 1936 324 2012; x_wconf 74' lang='lat'>28,</span> <span class='ocrx_word' id='word_1_124' title='bbox 343 1934 420 1999; x_wconf 90' lang='lat' dir='ltr'>libri</span> <span class='ocrx_word' id='word_1_125' title='bbox 438 1938 449 1997; x_wconf 91' lang='lat' dir='ltr'>l</span> <span class='ocrx_word' id='word_1_126' title='bbox 472 1933 695 2015; x_wconf 77' lang='lat' dir='ltr'>decretalium,</span> <span class='ocrx_word' id='word_1_127' title='bbox 713 1955 745 1999; x_wconf 85' lang='lat' dir='ltr'>n.</span> <span class='ocrx_word' id='word_1_128' title='bbox 767 1932 833 2017; x_wconf 79' lang='lat'><strong>75).</strong></span> <span class='ocrx_word' id='word_1_129' title='bbox 1186 1933 1189 1938; x_wconf 82' lang='grc'><strong>’</strong></span> 
     </span>
    </p>
   </div>
   <div class='ocr_carea' id='block_1_3' title="bbox 573 2183 655 2258">
    <p class='ocr_par' dir='ltr' id='par_1_3' title="bbox 573 2183 655 2258">
     <span class='ocr_line' id='line_1_16' title="bbox 573 2183 655 2258; baseline -0.037 -11"><span class='ocrx_word' id='word_1_130' title='bbox 573 2188 588 2258; x_wconf 67' lang='lat' dir='ltr'>l</span> <span class='ocrx_word' id='word_1_131' title='bbox 613 2183 655 2246; x_wconf 93' lang='grc' dir='ltr'>ΙΙ.</span> 
     </span>
    </p>
   </div>
   <div class='ocr_carea' id='block_1_4' title="bbox 72 2402 1165 2464">
    <p class='ocr_par' dir='ltr' id='par_1_4' title="bbox 72 2402 1165 2464">
     <span class='ocr_line' id='line_1_17' title="bbox 72 2402 1165 2464; baseline 0.005 -9"><span class='ocrx_word' id='word_1_132' title='bbox 72 2409 168 2464; x_wconf 82' lang='lat' dir='ltr'>Quibus</span> <span class='ocrx_word' id='word_1_133' title='bbox 193 2406 366 2455; x_wconf 86' lang='lat' dir='ltr'>difficultatibus</span> <span class='ocrx_word' id='word_1_134' title='bbox 380 2405 479 2454; x_wconf 80' lang='lat' dir='ltr'>obnoxia</span> <span class='ocrx_word' id='word_1_135' title='bbox 491 2403 597 2450; x_wconf 82' lang='lat' dir='ltr'>videatur</span> <span class='ocrx_word' id='word_1_136' title='bbox 610 2403 730 2463; x_wconf 83' lang='lat' dir='ltr'>praemissa</span> <span class='ocrx_word' id='word_1_137' title='bbox 744 2402 864 2452; x_wconf 72' lang='lat' dir='ltr'>[laetorum</span> <span class='ocrx_word' id='word_1_138' title='bbox 880 2408 1023 2455; x_wconf 87' lang='lat' dir='ltr'>communior</span> <span class='ocrx_word' id='word_1_139' title='bbox 1040 2412 1165 2461; x_wconf 89' lang='lat' dir='ltr'>sententia.</span> 
     </span>
    </p>
   </div>
   <div class='ocr_carea' id='block_1_5' title="bbox 52 2630 1183 4465">
    <p class='ocr_par' dir='ltr' id='par_1_5' title="bbox 54 2630 1183 2951">
     <span class='ocr_line' id='line_1_18' title="bbox 106 2630 1183 2716; baseline -0.001 -14"><span class='ocrx_word' id='word_1_140' title='bbox 106 2642 138 2701; x_wconf 90' lang='lat'>1.</span> <span class='ocrx_word' id='word_1_141' title='bbox 161 2635 315 2702; x_wconf 88' lang='lat' dir='ltr'>Occurrit</span> <span class='ocrx_word' id='word_1_142' title='bbox 339 2631 510 2715; x_wconf 83' lang='lat' dir='ltr'>difficultas</span> <span class='ocrx_word' id='word_1_143' title='bbox 533 2630 560 2695; x_wconf 85' lang='lat' dir='ltr'>si</span> <span class='ocrx_word' id='word_1_144' title='bbox 581 2630 708 2696; x_wconf 87' lang='lat' dir='ltr'>dicatur</span> <span class='ocrx_word' id='word_1_145' title='bbox 736 2632 897 2697; x_wconf 89' lang='lat' dir='ltr'>Vicarium</span> <span class='ocrx_word' id='word_1_146' title='bbox 926 2636 1121 2716; x_wconf 79' lang='lat' dir='ltr'>generalem,</span> <span class='ocrx_word' id='word_1_147' title='bbox 1149 2638 1183 2701; x_wconf 89' lang='lat' dir='ltr'>in</span> 
     </span>
     <span class='ocr_line' id='line_1_19' title="bbox 54 2746 1182 2835; baseline -0.004 -15"><span class='ocrx_word' id='word_1_148' title='bbox 54 2754 162 2820; x_wconf 87' lang='lat' dir='ltr'>officio</span> <span class='ocrx_word' id='word_1_149' title='bbox 177 2772 236 2818; x_wconf 91' lang='lat' dir='ltr'>suo</span> <span class='ocrx_word' id='word_1_150' title='bbox 251 2751 506 2834; x_wconf 85' lang='lat' dir='ltr'>delinquentem,</span> <span class='ocrx_word' id='word_1_151' title='bbox 520 2746 659 2831; x_wconf 87' lang='lat' dir='ltr'>judicari</span> <span class='ocrx_word' id='word_1_152' title='bbox 678 2755 712 2812; x_wconf 90' lang='lat' dir='ltr'>et</span> <span class='ocrx_word' id='word_1_153' title='bbox 730 2749 845 2831; x_wconf 86' lang='lat' dir='ltr'>punire</span> <span class='ocrx_word' id='word_1_154' title='bbox 859 2767 953 2832; x_wconf 92' lang='lat' dir='ltr'>posse</span> <span class='ocrx_word' id='word_1_155' title='bbox 966 2749 1007 2813; x_wconf 91' lang='lat' dir='ltr'>ab</span> <span class='ocrx_word' id='word_1_156' title='bbox 1023 2751 1182 2835; x_wconf 92' lang='lat' dir='ltr'>Episcopo</span> 
     </span>
     <span class='ocr_line' id='line_1_20' title="bbox 56 2864 1014 2951; baseline -0.011 -12"><span class='ocrx_word' id='word_1_157' title='bbox 56 2893 129 2951; x_wconf 89' lang='lat' dir='ltr'>suo,</span> <span class='ocrx_word' id='word_1_158' title='bbox 148 2871 247 2936; x_wconf 87' lang='lat' dir='ltr'>etiam</span> <span class='ocrx_word' id='word_1_159' title='bbox 261 2868 294 2931; x_wconf 94' lang='lat' dir='ltr'>in</span> <span class='ocrx_word' id='word_1_160' title='bbox 307 2886 384 2931; x_wconf 89' lang='lat' dir='ltr'>casu</span> <span class='ocrx_word' id='word_1_161' title='bbox 399 2884 464 2949; x_wconf 93' lang='lat' dir='ltr'>quo</span> <span class='ocrx_word' id='word_1_162' title='bbox 478 2865 505 2928; x_wconf 92' lang='lat' dir='ltr'>is</span> <span class='ocrx_word' id='word_1_163' title='bbox 521 2864 686 2947; x_wconf 87' lang='lat' dir='ltr'>particeps</span> <span class='ocrx_word' id='word_1_164' title='bbox 699 2865 802 2946; x_wconf 82' lang='lat' dir='ltr'>culpoe</span> <span class='ocrx_word' id='word_1_165' title='bbox 817 2883 882 2928; x_wconf 91' lang='lat' dir='ltr'>non</span> <span class='ocrx_word' id='word_1_166' title='bbox 896 2866 1014 2930; x_wconf 81' lang='lat' dir='ltr'>extitit.</span> 
     </span>
    </p>

    <p class='ocr_par' dir='ltr' id='par_1_6' title="bbox 52 2978 1183 4465">
     <span class='ocr_line' id='line_1_21' title="bbox 66 2978 1181 3068; baseline -0.005 -14"><span class='ocrx_word' id='word_1_167' title='bbox 66 3019 68 3023; x_wconf 55' lang='grc'>’</span> <span class='ocrx_word' id='word_1_168' title='bbox 101 2990 183 3054; x_wconf 86' lang='lat' dir='ltr'>Nam</span> <span class='ocrx_word' id='word_1_169' title='bbox 195 2987 223 3051; x_wconf 91' lang='lat' dir='ltr'>si</span> <span class='ocrx_word' id='word_1_170' title='bbox 239 2983 403 3068; x_wconf 89' lang='lat' dir='ltr'>appeEare</span> <span class='ocrx_word' id='word_1_171' title='bbox 414 3001 432 3044; x_wconf 91' lang='lat' dir='ltr'>a</span> <span class='ocrx_word' id='word_1_172' title='bbox 443 2980 569 3045; x_wconf 87' lang='lat' dir='ltr'>Vicario</span> <span class='ocrx_word' id='word_1_173' title='bbox 580 2980 725 3061; x_wconf 90' lang='lat' dir='ltr'>generali</span> <span class='ocrx_word' id='word_1_174' title='bbox 738 2978 781 3043; x_wconf 91' lang='lat' dir='ltr'>ad</span> <span class='ocrx_word' id='word_1_175' title='bbox 794 2981 999 3063; x_wconf 91' lang='lat' dir='ltr'>Episcopum,</span> <span class='ocrx_word' id='word_1_176' title='bbox 1012 2984 1053 3046; x_wconf 90' lang='lat' dir='ltr'>sit</span> <span class='ocrx_word' id='word_1_177' title='bbox 1063 2984 1181 3067; x_wconf 89' lang='lat' dir='ltr'>appel-</span> 
     </span>
     <span class='ocr_line' id='line_1_22' title="bbox 54 3093 1182 3184; baseline -0.008 -11"><span class='ocrx_word' id='word_1_178' title='bbox 54 3109 126 3184; x_wconf 88' lang='lat' dir='ltr'>lare</span> <span class='ocrx_word' id='word_1_179' title='bbox 145 3107 184 3166; x_wconf 86' lang='lat' dir='ltr'>ab</span> <span class='ocrx_word' id='word_1_180' title='bbox 203 3105 303 3165; x_wconf 82' lang='lat' dir='ltr'>eodem</span> <span class='ocrx_word' id='word_1_181' title='bbox 326 3102 366 3163; x_wconf 84' lang='lat' dir='ltr'>od</span> <span class='ocrx_word' id='word_1_182' title='bbox 391 3100 536 3175; x_wconf 72' lang='lat' dir='ltr'>comarco,</span> <span class='ocrx_word' id='word_1_183' title='bbox 557 3093 636 3159; x_wconf 92' lang='lat' dir='ltr'>dum</span> <span class='ocrx_word' id='word_1_184' title='bbox 653 3094 820 3179; x_wconf 86' lang='lat' dir='ltr'>judicatur</span> <span class='ocrx_word' id='word_1_185' title='bbox 838 3104 872 3160; x_wconf 87' lang='lat' dir='ltr'>et</span> <span class='ocrx_word' id='word_1_186' title='bbox 888 3098 1024 3180; x_wconf 87' lang='lat' dir='ltr'>punitur</span> <span class='ocrx_word' id='word_1_187' title='bbox 1044 3098 1084 3162; x_wconf 92' lang='lat' dir='ltr'>ab</span> <span class='ocrx_word' id='word_1_188' title='bbox 1107 3101 1182 3183; x_wconf 80' lang='lat' dir='ltr'>Epi-</span> 
     </span>
     <span class='ocr_line' id='line_1_23' title="bbox 56 3188 1183 3306; baseline -0.006 -17"><span class='ocrx_word' id='word_1_189' title='bbox 56 3242 157 3306; x_wconf 91' lang='lat' dir='ltr'>scopo</span> <span class='ocrx_word' id='word_1_190' title='bbox 171 3217 319 3285; x_wconf 82' lang='lat' dir='ltr'>Vicarius</span> <span class='ocrx_word' id='word_1_191' title='bbox 333 3212 501 3298; x_wconf 89' lang='lat' dir='ltr'>generalis,</span> <span class='ocrx_word' id='word_1_192' title='bbox 514 3212 637 3275; x_wconf 89' lang='lat' dir='ltr'>ratione</span> <span class='ocrx_word' id='word_1_193' title='bbox 649 3219 782 3276; x_wconf 87' lang='lat' dir='ltr'>actuum</span> <span class='ocrx_word' id='word_1_194' title='bbox 793 3210 1106 3295; x_wconf 82' lang='lat' dir='ltr'>jurisdictionalium</span> <span class='ocrx_word' id='word_1_195' title='bbox 1117 3188 1183 3282; x_wconf 82' lang='lat' dir='ltr'>dici</span> 
     </span>
     <span class='ocr_line' id='line_1_24' title="bbox 55 3327 1181 3423; baseline -0.003 -21"><span class='ocrx_word' id='word_1_196' title='bbox 55 3343 169 3423; x_wconf 80' lang='lat' dir='ltr'>potest</span> <span class='ocrx_word' id='word_1_197' title='bbox 182 3335 308 3418; x_wconf 88' lang='lat' dir='ltr'>pariter</span> <span class='ocrx_word' id='word_1_198' title='bbox 325 3329 463 3415; x_wconf 86' lang='lat' dir='ltr'>judicari</span> <span class='ocrx_word' id='word_1_199' title='bbox 483 3335 517 3392; x_wconf 83' lang='lat' dir='ltr'>et</span> <span class='ocrx_word' id='word_1_200' title='bbox 532 3327 640 3410; x_wconf 91' lang='lat' dir='ltr'>puniri</span> <span class='ocrx_word' id='word_1_201' title='bbox 661 3331 846 3391; x_wconf 79' lang='lat' dir='ltr'>caradonaad</span> <span class='ocrx_word' id='word_1_202' title='bbox 864 3333 975 3394; x_wconf 84' lang='lat' dir='ltr'>codem.</span> <span class='ocrx_word' id='word_1_203' title='bbox 1000 3333 1103 3398; x_wconf 86' lang='lat' dir='ltr'>Porro</span> <span class='ocrx_word' id='word_1_204' title='bbox 1127 3353 1181 3399; x_wconf 84' lang='lat' dir='ltr'>re·</span> 
     </span>
     <span class='ocr_line' id='line_1_25' title="bbox 55 3442 1180 3538; baseline -0.004 -19"><span class='ocrx_word' id='word_1_205' title='bbox 55 3459 182 3538; x_wconf 92' lang='lat' dir='ltr'>pugnat</span> <span class='ocrx_word' id='word_1_206' title='bbox 194 3449 327 3534; x_wconf 90' lang='lat' dir='ltr'>proprie</span> <span class='ocrx_word' id='word_1_207' title='bbox 339 3454 374 3512; x_wconf 88' lang='lat' dir='ltr'>ct</span> <span class='ocrx_word' id='word_1_208' title='bbox 387 3447 421 3509; x_wconf 92' lang='lat' dir='ltr'>in</span> <span class='ocrx_word' id='word_1_209' title='bbox 435 3463 531 3508; x_wconf 89' lang='lat' dir='ltr'>sensu</span> <span class='ocrx_word' id='word_1_210' title='bbox 542 3442 624 3527; x_wconf 89' lang='lat' dir='ltr'>juris</span> <span class='ocrx_word' id='word_1_211' title='bbox 632 3455 725 3527; x_wconf 89' lang='lat' dir='ltr'>posse</span> <span class='ocrx_word' id='word_1_212' title='bbox 738 3445 880 3529; x_wconf 87' lang='lat' dir='ltr'>aliquem</span> <span class='ocrx_word' id='word_1_213' title='bbox 893 3466 911 3510; x_wconf 92' lang='lat' dir='ltr'>a</span> <span class='ocrx_word' id='word_1_214' title='bbox 926 3449 1031 3530; x_wconf 89' lang='lat' dir='ltr'>seipso</span> <span class='ocrx_word' id='word_1_215' title='bbox 1040 3447 1180 3532; x_wconf 84' lang='lat' dir='ltr'>judicari</span> 
     </span>
     <span class='ocr_line' id='line_1_26' title="bbox 56 3560 1179 3656; baseline -0.003 -19"><span class='ocrx_word' id='word_1_216' title='bbox 56 3581 91 3645; x_wconf 86' lang='lat' dir='ltr'>et</span> <span class='ocrx_word' id='word_1_217' title='bbox 106 3570 228 3656; x_wconf 90' lang='lat' dir='ltr'>puniri.</span> <span class='ocrx_word' id='word_1_218' title='bbox 242 3569 283 3632; x_wconf 89' lang='lat' dir='ltr'>Et</span> <span class='ocrx_word' id='word_1_219' title='bbox 297 3572 432 3631; x_wconf 87' lang='lat' dir='ltr'>notetur</span> <span class='ocrx_word' id='word_1_220' title='bbox 447 3562 570 3627; x_wconf 79' lang='lat' dir='ltr'>axioma</span> <span class='ocrx_word' id='word_1_221' title='bbox 583 3560 675 3639; x_wconf 90' lang='lat' dir='ltr'>illud,</span> <span class='ocrx_word' id='word_1_222' title='bbox 694 3563 857 3646; x_wconf 88' lang='lat' dir='ltr'>appellare</span> <span class='ocrx_word' id='word_1_223' title='bbox 876 3585 894 3628; x_wconf 94' lang='lat' dir='ltr'>a</span> <span class='ocrx_word' id='word_1_224' title='bbox 908 3568 1033 3632; x_wconf 89' lang='lat' dir='ltr'>Vicario</span> <span class='ocrx_word' id='word_1_225' title='bbox 1049 3568 1091 3632; x_wconf 90' lang='lat' dir='ltr'>ad</span> <span class='ocrx_word' id='word_1_226' title='bbox 1104 3571 1179 3652; x_wconf 89' lang='lat' dir='ltr'>Epi-</span> 
     </span>
     <span class='ocr_line' id='line_1_27' title="bbox 55 3675 1179 3770; baseline -0.002 -17"><span class='ocrx_word' id='word_1_227' title='bbox 55 3705 203 3770; x_wconf 85' lang='lat' dir='ltr'>scopum,</span> <span class='ocrx_word' id='word_1_228' title='bbox 215 3702 285 3749; x_wconf 87' lang='lat' dir='ltr'>essc</span> <span class='ocrx_word' id='word_1_229' title='bbox 296 3680 460 3764; x_wconf 87' lang='lat' dir='ltr'>appellare</span> <span class='ocrx_word' id='word_1_230' title='bbox 474 3677 514 3742; x_wconf 91' lang='lat' dir='ltr'>ab</span> <span class='ocrx_word' id='word_1_231' title='bbox 532 3676 648 3742; x_wconf 91' lang='lat' dir='ltr'>eodem</span> <span class='ocrx_word' id='word_1_232' title='bbox 663 3675 705 3742; x_wconf 91' lang='lat' dir='ltr'>ad</span> <span class='ocrx_word' id='word_1_233' title='bbox 719 3679 884 3756; x_wconf 87' lang='lat' dir='ltr'>eumdem,</span> <span class='ocrx_word' id='word_1_234' title='bbox 903 3701 1017 3745; x_wconf 82' lang='lat' dir='ltr'>verum</span> <span class='ocrx_word' id='word_1_235' title='bbox 1032 3689 1179 3766; x_wconf 90' lang='lat' dir='ltr'>reputari</span> 
     </span>
     <span class='ocr_line' id='line_1_28' title="bbox 53 3793 1174 3889; baseline -0.002 -21"><span class='ocrx_word' id='word_1_236' title='bbox 53 3800 265 3889; x_wconf 86' lang='lat' dir='ltr'>quantumvis</span> <span class='ocrx_word' id='word_1_237' title='bbox 284 3794 459 3863; x_wconf 87' lang='lat' dir='ltr'>evidenter</span> <span class='ocrx_word' id='word_1_238' title='bbox 484 3794 592 3876; x_wconf 91' lang='lat' dir='ltr'>iniqua</span> <span class='ocrx_word' id='word_1_239' title='bbox 615 3793 656 3856; x_wconf 83' lang='lat' dir='ltr'>sit</span> <span class='ocrx_word' id='word_1_240' title='bbox 677 3793 797 3857; x_wconf 89' lang='lat' dir='ltr'>Vioarii</span> <span class='ocrx_word' id='word_1_241' title='bbox 821 3797 979 3877; x_wconf 88' lang='lat' dir='ltr'>generalis</span> <span class='ocrx_word' id='word_1_242' title='bbox 1004 3802 1174 3866; x_wconf 86' lang='lat' dir='ltr'>sententia.</span> 
     </span>
     <span class='ocr_line' id='line_1_29' title="bbox 52 3908 1178 3996; baseline -0.004 -12"><span class='ocrx_word' id='word_1_243' title='bbox 52 3921 223 3984; x_wconf 68' lang='lat' dir='ltr'>Praeterea</span> <span class='ocrx_word' id='word_1_244' title='bbox 238 3934 303 3978; x_wconf 94' lang='lat' dir='ltr'>non</span> <span class='ocrx_word' id='word_1_245' title='bbox 321 3918 431 3996; x_wconf 88' lang='lat' dir='ltr'>potest</span> <span class='ocrx_word' id='word_1_246' title='bbox 441 3910 617 3994; x_wconf 89' lang='lat' dir='ltr'>Episcopus</span> <span class='ocrx_word' id='word_1_247' title='bbox 630 3908 773 3991; x_wconf 90' lang='lat' dir='ltr'>iniquam</span> <span class='ocrx_word' id='word_1_248' title='bbox 792 3910 909 3974; x_wconf 84' lang='lat' dir='ltr'>Vicarii</span> <span class='ocrx_word' id='word_1_249' title='bbox 924 3913 974 3976; x_wconf 92' lang='lat' dir='ltr'>sui</span> <span class='ocrx_word' id='word_1_250' title='bbox 985 3915 1178 3981; x_wconf 86' lang='lat' dir='ltr'>sententiam</span> 
     </span>
     <span class='ocr_line' id='line_1_30' title="bbox 52 4023 1179 4119; baseline -0.004 -20"><span class='ocrx_word' id='word_1_251' title='bbox 52 4035 191 4119; x_wconf 90' lang='lat' dir='ltr'>punire,</span> <span class='ocrx_word' id='word_1_252' title='bbox 218 4029 294 4114; x_wconf 90' lang='lat' dir='ltr'>quin</span> <span class='ocrx_word' id='word_1_253' title='bbox 319 4027 381 4092; x_wconf 90' lang='lat' dir='ltr'>hoc</span> <span class='ocrx_word' id='word_1_254' title='bbox 400 4027 471 4110; x_wconf 88' lang='lat' dir='ltr'>ipso</span> <span class='ocrx_word' id='word_1_255' title='bbox 492 4031 663 4107; x_wconf 90' lang='lat' dir='ltr'>cognoscat</span> <span class='ocrx_word' id='word_1_256' title='bbox 678 4024 712 4085; x_wconf 91' lang='lat' dir='ltr'>iu</span> <span class='ocrx_word' id='word_1_257' title='bbox 730 4023 871 4089; x_wconf 87' lang='lat' dir='ltr'>secunda</span> <span class='ocrx_word' id='word_1_258' title='bbox 884 4026 1034 4113; x_wconf 84' lang='lat' dir='ltr'>instantia</span> <span class='ocrx_word' id='word_1_259' title='bbox 1051 4049 1179 4095; x_wconf 88' lang='lat' dir='ltr'>causam</span> 
     </span>
     <span class='ocr_line' id='line_1_31' title="bbox 52 4140 1181 4228; baseline -0.004 -12"><span class='ocrx_word' id='word_1_260' title='bbox 52 4173 71 4227; x_wconf 90' lang='lat' dir='ltr'>a</span> <span class='ocrx_word' id='word_1_261' title='bbox 86 4151 178 4216; x_wconf 90' lang='lat' dir='ltr'>dicto</span> <span class='ocrx_word' id='word_1_262' title='bbox 198 4146 324 4213; x_wconf 89' lang='lat' dir='ltr'>Vioario</span> <span class='ocrx_word' id='word_1_263' title='bbox 340 4142 527 4228; x_wconf 85' lang='lat' dir='ltr'>judicatam,</span> <span class='ocrx_word' id='word_1_264' title='bbox 543 4146 577 4205; x_wconf 95' lang='lat' dir='ltr'>et</span> <span class='ocrx_word' id='word_1_265' title='bbox 592 4141 781 4223; x_wconf 87' lang='lat' dir='ltr'>pronuntiet</span> <span class='ocrx_word' id='word_1_266' title='bbox 796 4140 946 4225; x_wconf 86' lang='lat' dir='ltr'>injustam</span> <span class='ocrx_word' id='word_1_267' title='bbox 961 4143 1059 4210; x_wconf 86' lang='lat' dir='ltr'>fuisse</span> <span class='ocrx_word' id='word_1_268' title='bbox 1072 4147 1181 4228; x_wconf 91' lang='lat' dir='ltr'>prola-</span> 
     </span>
     <span class='ocr_line' id='line_1_32' title="bbox 53 4258 1182 4347; baseline -0.003 -13"><span class='ocrx_word' id='word_1_269' title='bbox 53 4278 123 4334; x_wconf 91' lang='lat' dir='ltr'>tam</span> <span class='ocrx_word' id='word_1_270' title='bbox 148 4265 284 4347; x_wconf 90' lang='lat' dir='ltr'>abipso</span> <span class='ocrx_word' id='word_1_271' title='bbox 303 4259 496 4326; x_wconf 89' lang='lat' dir='ltr'>sententiam</span> <span class='ocrx_word' id='word_1_272' title='bbox 521 4279 527 4320; x_wconf 77' lang='grc' dir='ltr'>ε</span> <span class='ocrx_word' id='word_1_273' title='bbox 555 4258 582 4320; x_wconf 93' lang='lat' dir='ltr'>si</span> <span class='ocrx_word' id='word_1_274' title='bbox 608 4264 718 4320; x_wconf 89' lang='lat' dir='ltr'>autom</span> <span class='ocrx_word' id='word_1_275' title='bbox 740 4258 840 4339; x_wconf 83' lang='lat' dir='ltr'>possit</span> <span class='ocrx_word' id='word_1_276' title='bbox 863 4260 1039 4342; x_wconf 90' lang='lat' dir='ltr'>Episcopus</span> <span class='ocrx_word' id='word_1_277' title='bbox 1060 4261 1182 4347; x_wconf 87' lang='lat' dir='ltr'>judicia</span> 
     </span>
     <span class='ocr_line' id='line_1_33' title="bbox 54 4374 1179 4465; baseline -0.004 -12"><span class='ocrx_word' id='word_1_278' title='bbox 54 4383 177 4453; x_wconf 73' lang='lat' dir='ltr'>vicarii</span> <span class='ocrx_word' id='word_1_279' title='bbox 192 4382 243 4446; x_wconf 93' lang='lat' dir='ltr'>sui</span> <span class='ocrx_word' id='word_1_280' title='bbox 262 4379 295 4443; x_wconf 91' lang='lat' dir='ltr'>in</span> <span class='ocrx_word' id='word_1_281' title='bbox 320 4374 463 4442; x_wconf 89' lang='lat' dir='ltr'>secunda</span> <span class='ocrx_word' id='word_1_282' title='bbox 485 4374 637 4438; x_wconf 86' lang='lat' dir='ltr'>instantia</span> <span class='ocrx_word' id='word_1_283' title='bbox 651 4392 856 4456; x_wconf 88' lang='lat' dir='ltr'>cognoscere,</span> <span class='ocrx_word' id='word_1_284' title='bbox 881 4383 915 4439; x_wconf 92' lang='lat' dir='ltr'>et</span> <span class='ocrx_word' id='word_1_285' title='bbox 939 4395 979 4441; x_wconf 89' lang='lat' dir='ltr'>ca</span> <span class='ocrx_word' id='word_1_286' title='bbox 1003 4381 1179 4465; x_wconf 81' lang='lat' dir='ltr'>corrigere,</span> 
     </span>
    </p>
   </div>
   <div class='ocr_carea' id='block_1_6' title="bbox 0 0 1362 4980">
    <p class='ocr_par' dir='ltr' id='par_1_7' title="bbox 0 0 1362 4980">
     <span class='ocr_line' id='line_1_34' title="bbox 0 0 1362 4980; baseline 0 0"><span class='ocrx_word' id='word_1_287' title='bbox 0 0 1362 4980; x_wconf 95' lang='lat' dir='ltr'> </span> 
     </span>
    </p>
   </div>
  </div>
 </body>
</html>
