2714 4980
553 324 632 372 eras
654 322 814 372 secunus.
1175 304 1242 369 415

117 471 135 510 c
151 457 311 534 exceptos
319 450 372 527 sit,
387 448 514 514 censeri
524 446 626 515 debet
639 449 737 514 etiam
747 447 876 515 Vieario
883 447 1028 530 generali
1036 453 1241 529 competere

119 589 135 628 a
157 585 233 631 cum
247 564 397 632 eamdem
404 566 472 647 ipse
477 563 734 649 jurisdictionem
742 562 872 629 habeat.
888 594 900 616 »
913 563 969 650 (De
979 568 1109 627 Vicurr'ir
1122 567 1240 646 Epire,

115 697 187 762 cap.
206 682 239 757 3,
258 699 293 763 q.
308 677 381 762 97.)

597 931 612 1002 5
632 926 674 989 ll.

118 1172 270 1220 Enumeratio
280 1169 362 1219 eoroin
372 1183 423 1232 que
432 1171 473 1232 jas
484 1170 558 1217 notarit
577 1183 592 1217 a
610 1168 702 1218 licerio
715 1168 817 1229 pcnemli
831 1168 933 1216 exerceri
952 1180 1030 1229 posse,
1044 1169 1133 1231 absqrrc
1146 1170 1245 1231 speciali

521 1261 630 1311 mandato
654 1260 772 1322 Episcopi.

160 1492 349 1575 Dupliciter
368 1491 421 1577 jus
442 1491 508 1556 sive
527 1491 581 1557 lex
600 1490 819 1560 ecclesiastica
835 1490 1094 1577 jurisdictionem
1123 1495 1246 1578 episco-

116 1610 227 1694 palem
262 1610 295 1673 in
327 1610 471 1693 generali
495 1609 622 1676 Vicario
653 1609 803 1676 limitavit
821 1631 829 1675 ε
847 1609 951 1692 primo
980 1628 1116 1694 nempe,
1138 1612 1245 1695 prohi-

114 1725 228 1793 bendo
260 1746 301 1791 ne
338 1733 448 1809 posset
473 1727 580 1812 aliqua
605 1725 713 1794 valide
749 1745 906 1792 exercerc
950 1727 1074 1812 absque
1110 1729 1244 1812 speciali

115 1843 274 1909 mandato
292 1843 458 1928 Episcopi3
483 1841 639 1920 secundo,
667 1841 872 1926 probibendo
894 1863 935 1909 ne
958 1844 1065 1928 aliqua
1086 1845 1148 1910 alia
1170 1865 1244 1928 pos-

113 1969 177 2039 set,
200 1961 301 2026 etiam
324 1958 502 2025 accedente
528 1959 660 2042 speciali
691 1959 842 2042 Episcopi
869 1958 1032 2038 mandato,
1050 1960 1158 2039 valide
1186 1980 1242 2026 ex-

115 2077 223 2161 plere.
243 2077 396 2141 Priorum
416 2076 643 2141 limitationum
662 2076 804 2158 speciem
824 2077 858 2139 in
876 2076 937 2140 hoc
959 2077 1162 2159 paragrapho
1186 2097 1246 2143 ex·

115 2194 281 2278 ponimus.
296 2191 440 2258 Alteram
455 2191 544 2269 subl
560 2195 579 2256 5
598 2190 833 2257 describemus.
851 2190 967 2273 Quoad
981 2191 1116 2259 modum
1132 2202 1241 2260 autem

117 2308 224 2374 dietas
240 2308 451 2374 limitationes
471 2306 626 2373 tradendi
658 2307 807 2372 haesimus
822 2305 925 2386 dubii,
946 2326 1023 2374 uum
1045 2307 1245 2378 deberemus

115 2443 381 2510 unamquamque
399 2426 467 2490 suis
486 2421 735 2507 probationibus
755 2428 790 2486 et
810 2421 938 2488 idoneis
960 2423 1165 2490 documentis
1187 2446 1245 2491 ve-

115 2542 209 2607 stire.
223 2542 265 2606 dt
278 2559 352 2605 cum
364 2541 572 2605 sintnumero
589 2537 747 2622 plurima,
768 2538 935 2603 timuimus
950 2559 990 2604 ne
1006 2540 1137 2606 minutis
1156 2540 1243 2626 ejuc-

116 2657 208 2724 modi
228 2658 364 2722 nimium
382 2653 585 2722 immorando
609 2653 774 2720 fastidium
799 2654 978 2719 lectoribus
1004 2657 1239 2739 ingereremus,

115 2782 218 2859 atque
244 2770 466 2839 ultramodum
489 2778 695 2836 excresceret
720 2777 879 2835 tractatus
900 2770 1003 2835 moles
1029 2789 1036 2832 :
1062 2774 1241 2854 praesertim

117 2909 195 2956 cum
212 2889 236 2953 ii
255 2890 349 2973 pauci
373 2906 511 2972 quorum
531 2888 667 2952 interest
692 2887 823 2950 omniuo
847 2885 1032 2968 exploratas
1054 2887 1188 2966 habere,
1207 2896 1244 2955 et

115 3007 186 3073 suis
200 3005 447 3090 probationibus
464 3005 619 3084 firmatas,
637 3003 755 3068 Vicarii
772 3003 931 3087 generalis
942 3007 1112 3088 potestatis
1129 3005 1242 3072 deter-

117 3125 320 3200 minationes,
335 3122 449 3188 obvios
460 3121 600 3186 babeant
611 3120 722 3198 libros,
740 3121 794 3204 qui
808 3118 970 3204 ejusmodi
980 3122 1191 3188 auctoritates
1207 3131 1244 3189 ct

116 3249 314 3325 argumenta
327 3241 406 3304 satis
417 3237 572 3303 indicant.
590 3239 758 3303 Dictorum
773 3256 853 3322 ergo
866 3238 1093 3305 limitationem
1108 3259 1242 3306 enume-

115 3359 280 3424 rationem
297 3357 467 3423 dumtaxat
482 3374 540 3421 seu
557 3356 743 3438 catalogum
757 3355 809 3420 hle
820 3354 1054 3422 describemus.
1072 3358 1116 3422 Ut
1131 3363 1243 3425 antem

115 3476 226 3541 lector
238 3474 348 3540 videat
364 3471 527 3559 quomodo
544 3490 744 3558 unaquaeque
759 3473 801 3537 sit
815 3472 935 3558 injure
949 3473 1096 3552 fundata,
1112 3482 1146 3539 et
1159 3493 1246 3540 com-

115 3589 497 3657 muniteradoctoribus
512 3596 657 3673 recepta,
678 3607 755 3653 eum
768 3589 964 3654 remittimus
982 3589 1025 3656 ad
1043 3591 1239 3666 Ferrarium,

115 3707 160 3774 ad
177 3708 388 3784 Leurenium‚
406 3706 449 3771 ad
466 3705 706 3788 Pellegrinum,
732 3705 874 3788 aliosque
898 3706 1088 3783 canonistas,
1105 3706 1162 3790 qui
1176 3725 1245 3770 ma·

114 3825 238 3891 teriam
249 3843 292 3889 ex
305 3823 451 3906 professo
463 3830 660 3887 tractarunt.

167 3944 196 4004 1.
216 3939 346 4024 Absque
370 3937 503 4022 speciali
524 3936 677 4002 mandato
701 3937 813 4021 nequit
835 3936 877 4002 de
901 3937 1004 4002 causa
1025 3937 1244 4005 criminalibus

115 4067 329 4142 cognoscere,
354 4073 416 4119 nec
441 4061 678 4137 consequenter
700 4052 840 4136 aliquem
851 4052 893 4117 ab
907 4050 1033 4130 ordine,
1050 4051 1163 4131 officio,
1186 4061 1243 4120 aut

114 4171 281 4240 beneficio
307 4169 486 4254 deponere.
511 4171 561 4234 lta
585 4169 720 4234 limitata
742 4168 805 4234 fuit
825 4169 984 4252 generalis
1006 4167 1077 4252 ejus
1100 4176 1244 4252 potestas

115 4308 180 4373 per
194 4287 397 4355 decretalem
409 4290 491 4350 Licet
509 4285 558 4372 (rte
571 4286 675 4364 Officio
687 4288 802 4348 Vicerat
814 4286 847 4348 in
862 4281 978 4367 sexto),
996 4302 1067 4368 quae
1087 4305 1159 4352 rem
1179 4306 1244 4355 om·

115 4413 197 4476 nino
222 4402 385 4488 expressis
414 4402 521 4468 verbis
547 4400 693 4466 decrerit
710 4401 771 4467 boe
791 4399 890 4466 modo
911 4423 920 4466 ε
943 4405 1126 4467 Potertotem
1143 4413 1243 4474 remu
