2714 4980
191 311 257 375 488
534 325 723 376 maurinus
744 328 789 374 na
811 327 962 375 runicus.

188 449 268 517 fidei
283 467 365 533 opus
376 469 443 517 non
458 451 583 530 fuisset,
604 469 678 517 cum
691 452 760 518 iste
775 471 879 519 cansa
895 454 960 518 sint
977 454 1215 520 ecclesiastica
1228 454 1304 521 etad

189 567 298 632 forum
317 566 569 632 ecclesiasticum
587 569 802 651 pertinentes.
824 567 920 655 (Vide
941 571 1148 653 Fagnanum,
1169 571 1203 634 in
1221 579 1306 654 caput

188 689 274 748 Sicut
293 692 321 748 te
336 687 367 757 8,
385 684 474 749 tituli
488 687 543 762 50,
561 684 670 750 libri3
688 684 830 761 decret,
850 705 882 748 n.
906 687 947 750 58
963 693 998 749 et
1014 683 1101 773 seq.)

233 801 431 866 Prorosrrro
449 801 600 866 vlne-
609 803 764 882 Quidquid
779 806 822 864 stt
837 804 954 882 dejure
968 809 1083 883 scripto
1098 822 1153 865 seu
1165 805 1203 866 do
1213 809 1309 884 praa

189 921 262 982 onas
276 918 485 995 melotibus,
509 935 549 978 aa
564 919 710 980 lcodc'erao
724 919 832 980 saltem
850 919 986 998 generali
1007 920 1243 998 consuetudine·
1254 939 1309 1000 pao

187 1038 364 1113 coeteroqac'o
383 1040 552 1097 constanter
575 1037 614 1097 ab
634 1039 819 1114 antiquitate
837 1039 969 1115 utpotae
984 1037 1124 1113 uidetur,
1148 1037 1310 1099 licitumad

189 1151 321 1224 clericis,
346 1153 440 1211 ettam
455 1153 602 1230 majoram
617 1152 769 1228 ordinum,
792 1154 907 1213 notarii
925 1168 976 1213 seu
994 1153 1178 1214 concellarii
1195 1151 1311 1231 officiam

187 1284 323 1328 cancere
336 1285 396 1346 pro
419 1267 535 1327 actibus
558 1271 751 1329 auctoritatis
771 1266 1108 1333 ecclesiastica-Ad
1127 1265 1311 1332 firmandam

187 1381 276 1449 illam
296 1380 552 1458 conclusionem,
578 1378 786 1446 ostendemus
811 1384 842 1444 10
862 1382 1007 1445 extitisse
1029 1383 1215 1467 antiquitus
1232 1390 1311 1448 nota·

187 1497 311 1562 riorum
334 1494 508 1579 quemdam
526 1494 692 1574 ordinem,
715 1495 772 1581 qui
790 1495 878 1561 inter
904 1495 1038 1562 ordines
1062 1497 1214 1563 minores
1233 1498 1311 1563 cleri

189 1613 275 1678 cales
290 1588 564 1696 ¹computabatur;
584 1615 618 1676 2⁰
634 1613 772 1695 viguisse
791 1613 824 1676 in
835 1612 986 1678 totafere
1002 1619 1098 1678 retro
1112 1614 1306 1699 antiquitate,

189 1735 228 1795 ut
243 1729 353 1795 clerici
367 1729 465 1794 etiam
482 1727 643 1813 majorum
662 1727 815 1794 ordinum
835 1729 1015 1795 notariatus
1030 1729 1178 1797 officium
1192 1748 1309 1796 exerce

191 1859 286 1936 rent3
312 1856 347 1918 30
366 1852 544 1917 etiamnum
568 1852 753 1934 generalem
773 1870 843 1917 esse
869 1851 1147 1917 consuetudinem
1170 1860 1211 1917 ut
1230 1850 1308 1917 iden

196 1969 334 2035 officium
354 1976 539 2046 exerceant,
558 1967 666 2053 quoad
681 1977 775 2033 actus
793 1968 860 2033 siue
878 1967 1053 2053 judiciales
1079 1969 1152 2034 sive
1176 1967 1308 2053 extraju·

195 2087 328 2152 dioiales
351 2087 523 2169 potestatis
553 2086 795 2168 ecclesiasticae;
829 2086 864 2150 40
887 2103 1014 2151 errasse
1037 2087 1241 2170 Fagnanum,
1263 2085 1308 2169 qui

191 2188 382 2269 hodiernam
397 2221 470 2267 eam
494 2200 762 2267 consuetudinem
777 2206 954 2284 negat,.et
977 2207 1085 2278 tenet,
1109 2221 1156 2267 ne
1179 2204 1214 2267 in
1232 2202 1308 2268 cuna

191 2317 325 2403 quidem
341 2317 570 2395 ecclesiastica,
587 2318 712 2382 licitum
728 2317 855 2382 clericis
867 2335 938 2382 essa
955 2317 1143 2383 notariatus
1154 2317 1296 2384 officium.

236 2433 278 2497 Et
297 2436 329 2496 10
343 2431 476 2516 quidem
489 2432 636 2497 extitisse
655 2433 731 2498 olim
750 2431 925 2516 quemdam
937 2434 1146 2500 notariorum
1158 2433 1305 2509 ordinem

191 2548 280 2612 inter
301 2547 432 2613 ordines
456 2549 596 2614 minores
614 2548 779 2613 clericales
797 2555 1039 2630 computatum,
1058 2550 1307 2617 memoratum

194 2665 363 2729 massinns.
385 2664 545 2730 Referons
565 2665 652 2729 enim
674 2664 801 2730 concilii
825 2664 1025 2730 Coloniensis
1044 2666 1127 2730 anni
1151 2668 1239 2734 1549
1259 2665 1305 2732 de

194 2785 334 2857 cretum,
349 2799 412 2864 quo
421 2781 587 2857 statuitur,
602 2787 640 2845 ut
651 2766 829 2863 Episcopus
840 2778 1007 2844 dioecesim
1016 2779 1159 2849 visitans
1168 2782 1306 2848 adhibeat

195 2896 356 2961 notarium
371 2902 424 2977 qui
440 2902 481 2959 sit
496 2901 633 2961 sacerdos
648 2904 703 2960 cat
718 2898 825 2960 saltem
838 2899 962 2959 clericus
975 2917 1038 2960 uoa
1055 2902 1259 2980 conjugatas,
1271 2899 1304 2962 sio

196 3009 314 3077 addit:
336 3013 419 3076 «Ea
444 3012 569 3077 ratione
592 3010 627 3076 id
651 3011 836 3093 perfeetum
858 3019 918 3088 est,
937 3019 975 3076 ut
986 3009 1055 3094 jam
1075 3011 1232 3091 officium,
1254 3031 1303 3077 non

199 3150 216 3189 a
232 3127 315 3192 ordo
329 3129 530 3193 notariorum
546 3135 716 3210 spectetur
731 3149 738 3210 ;
756 3144 831 3192 eum
845 3126 921 3193 olim
934 3125 1017 3191 ordo
1032 3136 1133 3206 esset,
1151 3130 1209 3194 vel
1221 3131 1304 3193 mino

199 3266 216 3307 u
232 3244 323 3309 ribus
337 3252 594 3328 aggregarentur
608 3250 643 3307 et
655 3244 742 3309 inter
757 3244 892 3309 clericos
905 3250 1165 3309 recenserentur
1179 3243 1303 3323 namuh

199 3381 216 3421 a
231 3361 293 3424 etsi
315 3360 386 3426 fere
407 3379 494 3424 nunc
517 3359 591 3425 laici
612 3358 805 3425 habeantur.
833 3359 913 3423 Cum
937 3358 1147 3442 presbyteri,
1173 3358 1301 3432 discam

198 3498 216 3537 a
232 3476 347 3561 aliique
368 3476 562 3561 spectabiles
584 3477 645 3541 viri
669 3476 813 3558 amplum
839 3475 901 3540 sibi
924 3473 1095 3539 duxerunt
1118 3477 1303 3544 notariomn

198 3613 215 3652 a
233 3609 389 3657 exercere
404 3610 552 3668 munera,
563 3590 719 3674 paulatim
733 3591 788 3655 illa
799 3590 938 3655 inolevit
951 3589 1073 3672 opinio,
1087 3609 1182 3657 mera
1195 3611 1233 3658 ea
1246 3607 1304 3656 esse

198 3729 214 3766 a
232 3706 343 3783 officia,
363 3724 434 3790 quae
447 3705 538 3770 indui
556 3706 679 3771 eterni
694 3713 836 3788 possent.
859 3707 1005 3789 Cumque
1022 3706 1137 3771 clerici
1157 3703 1305 3791 conjugati

197 3846 213 3886 a
233 3824 267 3887 in
280 3823 436 3889 laicorum
451 3820 584 3886 tandem
600 3829 721 3887 sortem
737 3828 773 3888 et
791 3821 964 3887 colluviem
983 3819 1054 3886 fere
1072 3820 1221 3891 demersi
1232 3823 1301 3894 sint,

197 3960 213 3997 a
230 3941 347 4004 notarii
370 3940 426 4023 qui
446 3938 607 4024 ejusmodi
631 3947 725 4005 erant
746 3937 867 4015 clerici,
893 3957 953 4020 pro
972 3938 1064 4003 laicis
1088 3947 1125 4004 et
1141 3940 1205 4023 ipsi
1218 3935 1305 4005 babiti

197 4075 213 4113 a
228 4061 315 4131 snut,
335 4063 368 4120 at
390 4056 458 4121 solo
475 4056 603 4120 nomine
620 4054 743 4120 clerici.
769 4054 809 4120 At
831 4052 1014 4119 Tridentini
1032 4055 1153 4121 Patres
1172 4056 1305 4138 explora·

197 4170 388 4235 «tissimum
413 4190 488 4236 sane
510 4171 674 4247 habuere,
692 4171 892 4236 notariorum
908 4188 1044 4236 munera
1058 4170 1102 4235 ab
1120 4172 1245 4254 origiue
1256 4185 1304 4233 sua

196 4304 212 4344 a
231 4283 272 4348 ad
287 4286 425 4351 clericos
442 4294 611 4370 spectare3
633 4285 735 4370 idque
750 4285 921 4350 manifeste
941 4284 1168 4363 declararunt,
1188 4305 1259 4352 eum
1274 4289 1303 4346 ut

194 4418 212 4462 a
227 4399 440 4487 mederentur
456 4404 495 4469 iis
508 4403 611 4481 malis,
628 4421 700 4498 gua
714 4421 756 4469 ex
771 4401 974 4469 notariorum
987 4402 1152 4497 imperitia
1167 4400 1299 4487 proticis-
