2714 4980
121 337 185 400 358
464 347 651 395 rnucrurus
673 348 717 394 nn
740 347 889 395 runicus.

121 484 210 544 ctum
225 493 319 540 suum
332 474 443 539 facere
461 480 613 537 censetur
630 473 826 557 Episcopus,
845 473 909 538 imo
925 473 1018 538 illurn
1038 492 1176 540 coercere
1185 481 1207 540 ct

119 593 236 677 punire
246 597 369 675 potest3
384 588 443 654 sed
452 598 562 654 tamen
574 591 770 673 regulariter
779 588 954 654 habebitur
961 595 1054 656 actus
1064 591 1116 658 ille
1127 591 1209 676 quoad

117 708 271 773 effectum
284 706 375 791 juris,
392 712 546 790 tanquam
562 704 643 770 siah
661 705 818 788 Episcopo
829 704 1017 789 prodiisset.

163 825 362 889 Pnorosrrro
377 824 634 887 IX⁸.-Vicorius
647 825 795 902 pendulis
809 825 950 904 Episcopi
964 831 1045 887 recte
1057 825 1212 907 deficieipo

120 947 177 1003 test
189 961 200 1002 :
217 941 348 1019 legitime
361 941 522 1019 deputatus
540 940 581 1000 od
594 941 787 1001 exercendam
803 941 984 1020 peueroiiter
992 945 1213 1023 jurisdictionem

119 1057 312 1138 episcopalem
333 1059 396 1116 cice
415 1057 566 1134 Episcopi,
593 1060 623 1114 ct
638 1059 683 1114 ita
698 1060 732 1115 ui
748 1060 833 1116 octus
856 1059 918 1135 ejus
938 1058 977 1117 od
993 1058 1140 1138 Episcopo
1160 1063 1214 1136 pedi

117 1178 302 1234 censeantur.
320 1206 365 1216 -
379 1169 507 1232 Dicitur
523 1171 555 1231 1⁰
566 1171 696 1249 tepitimc
713 1172 889 1250 deputatus·
904 1179 1095 1237 nouantem
1108 1171 1214 1236 additur
1251 1154 1253 1183 ⁵

116 1290 154 1349 od
166 1290 311 1368 Episcopo
323 1305 333 1346 :
349 1303 424 1349 nam
441 1291 479 1347 ut
494 1283 580 1348 infra
598 1283 817 1362 ostendemus
828 1291 938 1366 posset
950 1286 1103 1352 absolute
1122 1289 1215 1352 consi·
1251 1374 1253 1379 Ι

115 1402 202 1466 tuio
235 1400 323 1483 Papa
346 1417 445 1464 verus
467 1400 610 1464 Vicarius
629 1400 788 1483 generalis
806 1400 967 1484 Episcopi.
998 1404 1131 1468 Dicitur
1145 1406 1215 1468 Pul
1251 1428 1253 1513 p

115 1519 309 1580 docendam
322 1519 565 1597 jurisdictionem
574 1519 779 1598 episcopalem,
795 1520 1215 1602 quaevocesexprimuntge
1250 1532 1253 1613 i

115 1651 177 1698 nus
196 1649 368 1697 commune
384 1639 455 1695 tum
476 1631 579 1696 officio
598 1633 716 1697 Vicarii
742 1632 913 1716 generalia,
941 1641 1016 1698 tum
1035 1635 1107 1699 aliis
1131 1634 1215 1702 officis

115 1749 233 1834 quihus
248 1767 452 1833 quocumque
472 1749 568 1814 titulo
585 1757 620 1813 et
647 1748 748 1813 modo
765 1751 922 1832 competit
937 1751 1132 1834 episcopalis
1143 1751 1215 1836 juris

116 1866 265 1931 dictionis
281 1866 482 1931 exercitium.
505 1868 540 1930 3⁰
552 1866 682 1930 Dicitur
694 1869 896 1946 generaliter:
914 1873 949 1930 et
964 1866 1011 1930 sic
1030 1868 1216 1950 Vicarinsgc

114 1983 234 2048 neralis
243 1982 454 2064 distinguitur
465 1982 505 2047 ab
519 1982 557 2046 iis
569 1982 626 2067 qui
642 1981 791 2047 eumdem
804 1981 1068 2066 jurisdictionem
1082 2002 1214 2050 exercere

115 2106 294 2185 nequeunt,
316 2100 376 2163 nisi
398 2100 532 2165 limitate
549 2099 657 2184 quoad
679 2109 788 2164 certas
804 2119 915 2166 causas
931 2107 990 2164 aut
1010 2111 1135 2168 certam
1155 2100 1214 2167 iic-

116 2217 198 2282 cesis
208 2224 347 2299 partem.
363 2217 398 2279 4⁰
414 2216 543 2280 Dicitur
555 2222 617 2279 cicc
630 2219 782 2298 Episcopi,
799 2216 916 2300 quibus
936 2218 1050 2284 verbis
1068 2219 1213 2284 vicariatus

115 2334 273 2418 generalis
283 2333 490 2416 restringitur
498 2331 540 2396 ad
553 2333 696 2415 speciem
702 2331 935 2416 jurisdictionis
948 2335 1161 2401 ministerialis
1172 2352 1214 2398 scr

115 2450 287 2527 uicarialis,
302 2456 494 2514 nontamen
509 2447 615 2513 adhuc
634 2448 844 2532 distinguitur
858 2469 877 2514 a
893 2448 1034 2516 diversis
1043 2449 1212 2536 quibusdam

116 2565 233 2643 officiis,
252 2564 345 2630 verbi
360 2565 474 2648 gratia,
495 2564 721 2647 delegatorum
735 2567 935 2648 generalium
945 2568 1109 2651 Episcopi,
1122 2565 1211 2652 putu

116 2685 213 2750 ctiam
231 2683 387 2765 competit
410 2689 447 2745 ut
464 2680 723 2766 jurisdictionem
743 2683 961 2766 episcopalem
981 2686 1172 2767 generaliter
1189 2686 1211 2745 ct

116 2801 313 2866 uicarialiter
327 2807 511 2864 exerceant.
537 2802 570 2863 5⁰
581 2797 724 2864 Tandem
750 2798 884 2864 additur
899 2807 945 2864 itu
960 2808 997 2864 ut
1013 2810 1100 2866 oeten
1116 2800 1210 2885 ejusd

115 2922 260 3001 Episcopo
273 2922 351 2998 posti
368 2923 560 2995 consecutum·
580 2934 650 2999 quac
671 2923 747 2981 nota
763 2934 821 2981 seu
838 2917 1034 2999 proprietas,
1048 2925 1157 3002 utpote
1168 2913 1208 2980 ot

117 3033 244 3100 Vicario
259 3032 406 3116 generali
423 3031 574 3115 Episcopi
601 3033 808 3111 conveniens,
832 3031 925 3098 officii
939 3032 1039 3119 hujus
1055 3052 1161 3101 reram
1172 3046 1208 3095 nc

115 3151 238 3214 tionem
253 3148 424 3213 ultimatim
442 3146 651 3213 determinat.

160 3265 242 3329 Satis
258 3270 368 3328 autem
378 3269 471 3346 patet
481 3264 677 3346 praemissam
691 3263 912 3330 definitionem
933 3284 1000 3331 non
1018 3284 1089 3332 esse
1102 3265 1206 3332 arbitrr

116 3384 208 3458 riam,
223 3379 407 3446 sedrevera
427 3382 608 3462 exprimere
619 3380 652 3445 id
668 3381 757 3465 quod
776 3401 816 3446 ex
832 3384 996 3447 communi
1009 3382 1205 3470 loquendinu

116 3518 176 3583 per
189 3498 354 3563 Vitorium
367 3498 553 3581 generalem
565 3499 716 3581 Episcopi
731 3499 935 3582 intelligitur.
952 3499 1094 3566 Aliunde
1119 3511 1203 3565 contr

116 3617 164 3682 nit
176 3615 239 3680 toti
259 3615 410 3699 definit0;
438 3616 464 3679 si
487 3614 618 3699 quidem
635 3615 677 3681 de
691 3616 840 3700 quolibet
854 3617 983 3682 Vicario
1004 3609 1201 3701 generanti

116 3735 205 3818 scopi
222 3750 338 3798 verum
353 3733 529 3815 reperitur,
553 3731 640 3817 quod
656 3733 697 3797 sit
712 3737 873 3816 deputatos
888 3736 930 3798 od
944 3739 1136 3799 exercendum
1145 3746 1200 3815 petr

116 3856 223 3916 solitar
237 3854 482 3934 jurisdictionem
499 3854 692 3933 episcopalem
715 3857 778 3914 cicc
797 3855 949 3932 Episcopi,
980 3857 1015 3916 et
1029 3851 1115 3938 quod
1132 3851 1197 3932 ipsc

115 3977 200 4032 celtis
215 3973 390 4037 consecutur
402 3968 439 4028 ul)
458 3971 522 4046 ipso
536 3970 681 4048 Episcopo
695 3973 783 4048 pesti.
793 3967 932 4048 Insuper
947 3958 1195 4034 convenitsotidc
1238 3956 1253 4011 ‘l

116 4086 229 4170 finito;
247 4081 408 4168 siquidem
427 4082 536 4147 nullus
554 4089 615 4161 est,
634 4091 756 4166 praeter
777 4085 965 4167 generalem
982 4083 1124 4169 Episcopi
1137 4078 1193 4143 litt
1234 4076 1253 4127 ³⁵¹

117 4201 213 4278 rium,
235 4201 277 4266 de
298 4220 363 4285 quo
375 4199 441 4264 dici
462 4217 535 4263 cum
555 4201 694 4264 veritate
709 4201 810 4282 possit
825 4199 912 4284 quod
932 4202 966 4265 in
983 4197 1190 4266 definiticncel·

117 4316 279 4400 primitur.
294 4318 389 4383 Unde
399 4317 542 4402 legitima
560 4315 691 4380 videtur
707 4315 794 4381 dicta
810 4315 970 4384 definitio.
