2714 4980
488 295 568 344 rsus
589 297 748 346 amorne.
1115 281 1181 345 429

59 422 289 507 sicomparere
303 427 444 487 recuset.
458 406 550 488 Hanc
563 431 673 491 autem
694 423 875 493 doctrinam
895 429 1010 491 tenent
1028 421 1182 491 doctores

60 539 288 621 communiter,
305 544 344 603 ut
354 535 468 605 videre
480 546 530 607 est
541 539 630 624 apud
643 541 839 608 Leurenium
858 541 906 627 (de
921 545 1049 605 Vicortis
1060 544 1177 623 Epioe„

60 674 89 727 c.
109 660 143 735 3,
161 675 194 742 q.
217 653 305 741 147).

103 774 268 854 QoAEsrio·
283 773 346 836 W.
372 810 418 821 —
438 778 486 838 Aa
503 780 602 858 possit
621 776 729 856 absque
750 777 873 857 speciali
896 776 1039 838 mandato
1059 793 1182 856 cepeo-

60 891 375 953 dereetictordicerc?
397 926 443 941 -
459 888 736 973 Respondendum
748 891 832 957 sicin
845 909 906 973 pro
924 889 1181 956 excommunica·

61 1004 148 1069 tione
163 1002 229 1090 (adi
241 1003 448 1084 Leurenium,
463 1005 535 1071 loco
548 1007 617 1084 cit„
637 1025 669 1090 q.
694 1003 782 1090 148).
797 1007 921 1090 Urgent
940 1006 1027 1071 enim
1036 1006 1180 1070 rationes

60 1119 238 1186 cadendi
250 1127 359 1186 tamen
369 1118 544 1204 infligenda
555 1120 643 1187 ioret
655 1122 821 1204 suspensio
835 1129 1007 1206 perpetua,
1017 1121 1073 1186 vel
1082 1118 1179 1187 valde

60 1235 236 1315 diuturna,
260 1240 418 1319 putarunt
443 1237 591 1302 nonnulli
616 1236 786 1302 canonista
808 1237 1023 1302 necessariam
1042 1255 1112 1302 esse
1131 1236 1180 1300 ia-

61 1353 219 1420 cultatem
242 1353 428 1437 specialem.
457 1356 496 1420 In
522 1351 614 1436 prend
633 1373 698 1420 non
718 1355 862 1420 occurrit
888 1353 1079 1434 difficultas,
1104 1355 1180 1438 quia

59 1469 166 1534 solent
180 1467 340 1552 Episcopi,
352 1467 432 1535 dnm
443 1469 607 1534 vicarium
616 1470 802 1554 generalem
820 1471 1032 1549 constituunt,
1051 1471 1112 1554 ipsi
1123 1491 1180 1555 er·

58 1601 173 1666 presse
192 1581 373 1650 concedere
398 1583 718 1664 excommunicandi,
740 1584 895 1669 suspendi
910 1593 945 1651 et
959 1584 1180 1653 interdicendi

56 1696 260 1764 facultatem.

101 1815 256 1895 Qunsrlo
281 1815 346 1878 15¹.
370 1849 416 1860 -
438 1817 486 1879 Ao
499 1821 597 1896 possit
621 1817 730 1897 obsqoo
753 1819 875 1897 speciali
894 1818 1037 1880 mandato
1057 1819 1177 1881 clericos

53 1933 282 1995 cmwobiocrios
306 1933 344 1994 ob
374 1933 638 1996 administratione
665 1933 872 2011 comfioioom
903 1935 1107 2014 suspendere?
1132 1967 1179 1980 -

56 2036 287 2130 «'nesp0noe0
307 2045 343 2112 id
365 2066 441 2113 eum
469 2065 562 2130 posse
583 2056 738 2132 respectu
760 2068 826 2115 non
846 2056 1084 2133 exemplorum,
1112 2067 1178 2115 non

56 2188 75 2226 o
96 2182 180 2232 vero
204 2171 357 2247 respectu
381 2173 608 2247 exemplorum
631 2165 822 2252 (Fagnanus,
850 2167 885 2230 in
913 2185 985 2250 cap.
1012 2171 1173 2248 Quoniam

57 2285 136 2346 «de
165 2281 269 2360 Officio
299 2282 440 2362 otolepott,
469 2300 503 2344 n.
533 2277 587 2365 38)
612 2302 619 2346 :
646 2279 811 2365 Siquidem
837 2300 987 2347 concessa
1018 2282 1182 2366 Episcopo·

59 2421 79 2459 α
96 2398 235 2465 facultas
259 2396 303 2484 (in
329 2394 519 2461 Tridentino
544 2415 622 2462 sess.
652 2399 711 2475 25,
743 2416 772 2462 c.
802 2395 867 2483 14),
898 2399 995 2463 etiam
1013 2398 1062 2463 uti
1087 2395 1183 2467 dele·

59 2537 78 2575 «
97 2521 174 2625 guy
203 2513 296 2579 Sedis
324 2513 535 2597 Apostolicae‚
565 2520 604 2578 ut
631 2515 731 2598 possit
766 2514 902 2581 clericos
933 2515 1179 2581 concubinarios

60 2651 117 2696 «a
145 2629 380 2697 beneficiorum
414 2628 690 2696 administratione
718 2630 918 2716 suspendere
948 2641 982 2698 et
1012 2631 1178 2698 beneficiis

60 2747 244 2831 «privare,
275 2744 407 2812 videtur
431 2747 569 2811 transire
588 2747 622 2810 in
646 2748 809 2812 vicarium
839 2746 947 2832 quoad
974 2767 1040 2814 non
1067 2768 1179 2815 exem·

59 2885 79 2926 a
96 2870 188 2949 ptos3
214 2864 288 2948 quia
310 2870 345 2928 et
366 2862 441 2949 jure
465 2862 629 2929 ordinario
653 2869 783 2947 poterat
806 2864 984 2948 Episcopus
1005 2864 1040 2930 in
1060 2882 1179 2931 concu-

60 2981 241 3049 «binarios
265 2979 527 3047 animadvertere
545 2980 598 3067 (ex
619 2986 691 3047 toto
710 2979 806 3047 titulo
824 2983 862 3044 dc
884 2983 1022 3045 Colotbtt.
1050 2984 1121 3045 cler.
1146 2988 1177 3045 ot

58 3122 77 3161 α
91 3096 195 3184 md).
219 3096 334 3180 Quoad
361 3104 530 3181 exemptos
549 3116 630 3163 uero
653 3116 735 3181 opus
757 3104 807 3164 est
826 3097 959 3180 speciali
983 3096 1179 3181 subdelega-

57 3241 75 3280 ι
91 3217 194 3284 tione.
210 3217 260 3283 Ita
274 3215 348 3281 iere
362 3213 610 3298 Fagnanusloco
623 3215 734 3279 citato.
752 3239 768 3276 o
785 3213 984 3300 (Leuconico,
998 3217 1035 3279 de
1048 3219 1177 3280 Victoriis

53 3340 175 3419 Epiro„
188 3352 217 3398 c.
239 3336 272 3409 3,
292 3350 325 3417 q.
347 3328 433 3416 149).
446 3330 512 3414 Ego
525 3350 606 3396 vero
621 3349 687 3396 non
702 3330 800 3399 rideo
814 3331 978 3417 quomodo
992 3331 1029 3401 id
1040 3351 1177 3399 concor-

53 3451 138 3519 dare
158 3449 259 3533 possit
273 3466 347 3513 cum
367 3444 524 3512 decretali
548 3450 631 3510 Licet
652 3445 700 3533 (de
720 3449 825 3529 office
845 3452 969 3529 Vicani,
988 3447 1023 3513 in
1040 3447 1087 3534 6),
1112 3468 1177 3536 qua

54 3585 211 3652 expresse
230 3563 423 3648 prohibetur
447 3563 574 3628 vicario
596 3563 741 3646 generali
755 3565 944 3649 quorumvis
962 3582 1112 3632 excessus
1128 3567 1179 3631 in·

54 3685 191 3772 quirere
216 3689 251 3748 et
272 3681 400 3765 punire,
427 3678 550 3764 absque
577 3680 708 3762 speciali
737 3679 888 3764 Episcopi
907 3679 1071 3747 mandato.
1094 3683 1175 3747 Nam

54 3798 260 3885 suspendere
285 3799 326 3864 ab
353 3796 456 3862 officio
483 3796 747 3862 concubinarium
783 3797 956 3876 clericum,
984 3798 1083 3863 etiam
1110 3817 1175 3865 non

55 3923 260 4000 exemptum,
283 3922 333 3981 est
352 3913 399 3978 illi
419 3931 549 3996 poenam
562 3911 720 3996 infligere.
740 3910 834 3977 Unde
851 3913 953 3978 tutius
966 3913 1081 3978 saltem
1098 3913 1176 3979 mihi

54 4033 204 4110 videtur,
218 4039 257 4096 ut
270 4031 416 4097 vicarius
431 4029 590 4112 generalis
602 4028 637 4093 in
654 4025 812 4112 ejusmodi
827 4045 904 4092 casu
919 4027 966 4114 (si,
983 4026 1073 4113 quod
1085 4031 1176 4095 Deus

55 4157 198 4229 avertat,
215 4166 359 4233 nuquam
370 4144 560 4231 accideret),
578 4144 700 4230 absque
716 4144 849 4228 speciali
857 4145 1005 4229 Episcopi
1018 4146 1175 4213 facultate

54 4287 124 4336 non
137 4263 308 4351 procedat.

102 4386 255 4468 Quassrio
280 4384 344 4447 16·.
370 4417 415 4428 —-
432 4382 479 4443 Ac
496 4381 605 4460 obsqoe
622 4380 745 4458 speciali
761 4377 905 4442 motato
926 4381 1021 4459 possit
1040 4386 1174 4446 octonos
