2714 4980
558 315 636 364 PARS
661 313 819 363 SECUNDA.

576 619 708 687 CAPUT
732 622 800 687 XV.

306 890 350 935 bn
373 887 534 948 NOTfflIS,
561 888 734 937 deruanus
763 888 804 934 ΕΤ
825 887 1068 937 mutationis.

658 1158 713 1232 51.

334 1386 393 1444 Ouid
416 1387 461 1435 sint
485 1387 592 1439 boiarii,
612 1393 635 1433 ct
654 1385 714 1434 unde
732 1394 783 1434 orta
803 1402 882 1436 eornm
906 1387 1028 1436 institutio.

169 1619 195 1681 i.
221 1620 266 1682 De
280 1623 375 1680 variis
398 1619 505 1697 quibus
522 1620 636 1680 notarii
653 1617 851 1696 testabantur
868 1619 1048 1680 nominibus.
1066 1619 1243 1685 -Vocem

117 1733 223 1817 ipsam
235 1733 351 1798 notarii
374 1731 506 1817 quidam
522 1750 597 1795 cum
611 1731 749 1796 Baronio
768 1729 949 1796 derivatam
964 1732 1082 1798 volunt
1099 1753 1118 1797 a
1138 1736 1242 1815 notifin

116 1869 210 1929 core;
231 1869 271 1915 co
287 1847 376 1933 quod
393 1862 513 1931 nempe
527 1846 655 1924 notarii,
670 1844 750 1930 quid
765 1854 893 1929 gestum
906 1847 959 1925 sit,
975 1855 1088 1912 notum
1107 1847 1238 1914 iaciant.

120 1964 216 2052 (vide
229 1965 364 2043 Moruni,
377 1968 508 2028 Diciioo.
517 1965 654 2051 dissrud.
666 1966 900 2039 dorico-eccles„
916 1960 958 2028 ad
970 1981 1085 2029 vocem
1096 1962 1238 2049 Notoro.)

118 2081 329 2147 Communius
345 2088 456 2146 tamen
471 2080 623 2145 doctores
638 2099 657 2144 a
675 2086 755 2143 notis
768 2099 828 2145 seu
847 2078 1111 2147 adnotationibus
1133 2079 1239 2147 dictos

116 2198 261 2263 notarios
276 2197 470 2262 existimant.
501 2197 648 2261 Fuerunt
672 2202 782 2260 autem
796 2195 974 2279 antiquitus
997 2202 1075 2259 noto
1089 2194 1240 2279 quadam

117 2314 209 2396 signa
232 2311 275 2378 ad
294 2312 445 2377 citissime
469 2309 678 2376 scribendum
702 2308 859 2375 adhibita.
882 2308 977 2377 Unde
1000 2318 1035 2377 et
1050 2312 1155 2377 Graeci
1182 2330 1238 2377 eos

116 2429 174 2515 qui
197 2426 356 2512 ejusmodi
381 2429 466 2494 notis
484 2428 518 2491 in
538 2423 711 2492 scribendo
736 2424 916 2492 utebantur
935 2428 1155 2511 tccbpproptos
1178 2446 1238 2495 seu

117 2545 331 2626 stenoqropios
358 2549 529 2608 vocarunt.
547 2542 633 2622 Quae
656 2546 690 2605 et
712 2548 790 2605 notoe
815 2547 974 2606 tironianoe
998 2541 1086 2626 apud
1108 2550 1240 2609 veteres

116 2666 311 2743 noncupata
328 2665 504 2742 occurant3
520 2656 596 2722 ideo
610 2657 696 2722 forte
711 2657 785 2741 quia
798 2658 881 2735 Tiro,
905 2656 1069 2723 Ciceronis
1085 2656 1236 2737 libertus,

116 2781 188 2840 arte
204 2772 266 2839 bao
288 2764 500 2856 peritissimus
522 2771 641 2837 extitit.
666 2771 735 2836 Nec
757 2771 893 2835 Romani
913 2777 1040 2837 tantum
1065 2781 1098 2838 et
1118 2774 1233 2852 Graeci,

116 2888 177 2953 sed
192 2893 225 2953 et
235 2888 365 2954 Haebrei
376 2887 536 2973 ejusmodi
547 2895 645 2952 antea
660 2887 874 2954 remotissima
887 2888 1079 2972 antiquitate
1087 2890 1138 2953 usi
1147 2897 1234 2955 sunt.

115 3003 222 3088 dique
238 3024 311 3069 eam
323 3013 396 3088 post
407 3003 572 3071 Christum
589 3002 773 3069 exercuisse
790 3010 938 3067 sanctum
949 3002 1134 3068 Cassianum
1152 3022 1238 3070 mar·

114 3126 236 3204 tyrem,
256 3128 404 3186 sanctum
418 3119 592 3185 Genesium
603 3118 837 3196 Arelatensem,
856 3125 1004 3183 sanctum
1022 3119 1237 3204 Epiphanium

114 3233 307 3302 Paduanum
322 3237 528 3320 Episcopum,
553 3235 696 3319 aliosque
715 3235 887 3300 sanctitate
907 3235 1108 3319 conspicuos,
1131 3237 1236 3303 refert

113 3352 241 3417 Piazza.
261 3352 499 3438 (Eosevotoptcm
513 3369 681 3429 romonum,
698 3357 794 3415 tract.
820 3352 872 3429 il,
890 3369 962 3435 cap.
984 3349 1028 3436 l.)
1053 3352 1134 3419 Cum
1155 3372 1236 3420 uero

113 3466 350 3533 adhiberentur
358 3475 447 3547 ποτα,
462 3485 528 3532 non
541 3474 670 3532 tantum
681 3465 722 3531 ad
739 3464 989 3532 conscribendas
1005 3469 1167 3535 orationes
1177 3488 1236 3554 pu-

112 3582 199 3649 blice
215 3592 250 3649 et
262 3584 296 3647 in
311 3584 382 3650 foro
398 3584 561 3660 recitatas,
586 3581 645 3648 sed
663 3584 761 3648 etiam
784 3589 819 3648 et
834 3584 998 3668 precipue
1015 3586 1049 3649 in
1063 3585 1236 3652 conficien-

112 3698 165 3765 dis
187 3701 407 3776 testamentis,
428 3699 618 3784 aotibusque
638 3698 845 3785 judicialibus
862 3699 983 3784 scripto
997 3701 1232 3786 consignandis,

111 3822 228 3880 notarii
241 3834 360 3882 nomen
374 3817 412 3882 iis
421 3818 477 3901 qui
488 3815 523 3882 id
530 3816 674 3881 muneris
689 3814 866 3899 explebant
879 3814 1016 3881 inhesit.
1033 3815 1084 3883 dd
1096 3835 1234 3902 quorum

113 3930 253 3997 officium
270 3933 364 3997 simul
382 3932 578 4016 pertinebat,
596 3938 632 3994 ut
645 3929 734 4016 quod
750 3928 844 3994 dictis
858 3930 1023 3997 cumnotis
1036 3950 1094 3998 seu
1107 3931 1233 3999 brevia·

111 4049 255 4117 tionibus
274 4049 483 4134 collegerant,
505 4048 539 4114 in
564 4066 768 4114 communem
789 4055 901 4130 postea
921 4048 1115 4133 scripturam
1132 4057 1233 4117 trans·

112 4166 252 4231 ferrent.
461 4164 466 4173 '
517 4152 520 4157 ⁴
948 4148 952 4159 ’

159 4283 321 4349 Ceterum
349 4283 418 4348 aliis
441 4283 539 4349 ctiam
566 4280 749 4348 nominibus
777 4282 896 4348 notarii
923 4281 1085 4367 designari
1110 4285 1227 4352 solent.

113 4399 283 4485 Praecipua
301 4401 346 4466 sio
361 4405 513 4466 recenset
533 4397 840 4484 Scbmaizgrueber:
869 4400 1064 4468 «Dicuntur
1076 4403 1162 4469 enim
1177 4424 1231 4468 ao·
1348 4477 1351 4484 ¹
