2714 4980
563 312 643 359 rous
665 311 779 359 unrur.
1166 297 1229 360 259

101 464 130 505 -σ
137 438 219 525 ptis)
245 461 254 505 ι
288 439 315 505 si
338 437 517 523 Episcopus
552 456 627 507 cum
660 437 782 505 clerico
816 435 879 503 sihi
914 433 1063 520 subjecto
1101 442 1231 503 contro-

109 555 287 627 uersiam
303 553 422 619 habeat
438 554 573 640 (conone
592 556 725 618 Clericus
743 553 798 631 46,
822 570 926 618 causa
952 555 1003 631 ll,
1025 560 1139 639 quast.
1163 549 1231 637 l).o

103 670 504 755 EoeaSehmalzgrueben
522 671 594 737 loco
606 671 716 749 citato,
738 689 772 735 n.
793 667 827 735 5.

156 790 194 853 2⁰
211 792 355 868 merom
367 791 562 868 requireretur
578 789 761 851 cmtditiooes
780 794 815 851 ot
834 789 965 869 lep-itiner
975 789 1086 851 arbitri
1100 807 1234 869 compro-

107 909 251 981 quturorii
275 909 499 967 constituuntur
521 910 551 966 ct
574 908 799 985 competentiam
823 903 962 967 babeant.
980 937 1027 951 -
1044 902 1234 987 Requiritur

107 1026 151 1101 ut
161 1017 292 1085 arbiter
304 1017 346 1083 sit
361 1016 404 1083 de
417 1017 457 1083 iis
470 1018 526 1102 qui
538 1024 675 1100 possunt
687 1017 859 1100 constitui;
877 1025 916 1082 ut
931 1018 1234 1101 compromittentes

108 1135 180 1221 nfut
192 1133 238 1201 de
249 1135 288 1199 iis
300 1134 357 1219 qui
366 1140 501 1219 possunt
513 1132 653 1199 arbitros
668 1133 867 1198 constituere
879 1154 887 1217 ;
901 1140 936 1198 et
947 1133 1080 1199 tandem
1091 1140 1129 1199 ut
1138 1152 1235 1199 ceusu

109 1252 156 1321 αἳ
170 1250 215 1317 de
229 1250 350 1337 iisque
365 1249 499 1317 arbitrio
515 1249 686 1315 terminari
702 1256 848 1333 possunt.
863 1249 947 1314 ilino
966 1249 1188 1335 quaerendum,

156 1371 278 1446 Primo,
304 1364 434 1450 quinam
458 1365 491 1429 in
511 1364 651 1430 arbitros
676 1365 797 1429 assumi
824 1366 971 1448 possint?
985 1367 1096 1431 -Est
1121 1367 1237 1449 regulo

110 1482 278 1567 generalis
289 1482 408 1547 ussum
418 1499 511 1563 posse
523 1498 636 1545 omnes
648 1480 705 1564 qui
717 1480 790 1564 lege
804 1499 869 1545 non
883 1480 1110 1563 prohihentur.
1125 1481 1235 1565 Alegc

110 1606 239 1679 tutem,
251 1605 324 1665 tum
335 1597 499 1675 canonica,
510 1604 580 1661 tum
590 1598 608 1661 J
611 1597 791 1662 ustinianea
801 1596 915 1663 inioro
925 1596 1076 1663 Ecclesia
1086 1606 1233 1681 recepto,

110 1713 270 1799 prohibiti
287 1713 499 1797 reperiuntur
513 1720 708 1798 sequentes:
725 1712 878 1795 pupillus,
897 1712 1048 1793 furiosus,
1065 1713 1186 1779 surdus
1202 1723 1237 1779 et

110 1837 228 1901 mutus
240 1829 323 1916 (lege
334 1831 395 1894 Sed
407 1835 436 1891 si
449 1833 481 1905 9,
497 1827 530 1894 ff.
544 1831 581 1893 de
593 1824 765 1912 Arbitriis).
777 1829 881 1893 Minor
897 1831 940 1893 20
956 1830 1046 1895 annis
1060 1829 1144 1916 (lege
1160 1834 1237 1895 Com

111 1948 178 2035 iope
195 1946 252 2023 41,
274 1944 309 2011 ff.
334 1949 371 2009 cic
384 1941 542 2029 Arbitrio).
565 1945 871 2009 Excommunicatus
890 1944 1042 2009 vitandus
1064 1945 1181 2031 (capite
1200 1951 1237 2011 Si

109 2082 200 2147 prem
216 2065 270 2140 59,
283 2065 320 2127 ie
331 2065 466 2127 Seotent.
478 2057 650 2145 excomm.)
668 2060 699 2123 Si
710 2067 819 2126 tamen
832 2067 1015 2125 assumatur
1028 2061 1061 2123 in
1076 2060 1236 2126 arbitrum

110 2178 278 2267 ejusmodi
299 2177 608 2255 excommunicatus,
627 2186 663 2243 et
685 2178 754 2260 ipse
778 2178 813 2241 in
835 2196 932 2243 causo
958 2179 1231 2260 pronuntiaverit,

110 2293 315 2381 probabilius
328 2291 574 2377 ipsiusluudum
591 2290 635 2379 (l)
652 2298 755 2370 tenet,
770 2293 846 2377 quia
862 2313 926 2361 non
941 2299 992 2359 est
1002 2301 1096 2359 actus
1108 2293 1235 2379 jurisdi-

111 2411 241 2488 ctionis,
260 2409 304 2475 ob
316 2408 409 2495 cujus
425 2410 520 2475 unius
534 2408 702 2475 defectum
717 2417 791 2475 acto
802 2430 820 2474 a
829 2408 939 2494 judice
951 2412 1235 2478 excommunicato

109 2525 255 2593 invalida
267 2533 343 2591 sunt
354 2524 440 2609 (vide
453 2526 584 2603 Suarez,
602 2529 639 2588 ute
653 2529 804 2603 Censoris,
824 2524 908 2608 disp.
926 2530 976 2604 to,
990 2535 1072 2593 sect.
1093 2531 1121 2607 l,
1136 2549 1169 2594 n.
1184 2527 1231 2615 6).

111 2643 200 2713 rtem
217 2641 378 2709 arbitrum
392 2660 490 2725 agere
507 2641 703 2725 prohibetur
720 2641 839 2707 mulier
859 2643 903 2728 (in
922 2641 1034 2711 codice
1050 2646 1229 2721 iustiniani,

110 2756 188 2843 lege
200 2757 316 2825 ultimo
328 2757 416 2823 tituli
428 2761 466 2821 rie
480 2754 641 2841 Arbitrio:
656 2756 855 2840 excipiendae
871 2763 981 2823 tomen
995 2760 1232 2844 mulieresque

112 2873 170 2939 rel
181 2855 269 2958 jure,
285 2873 339 2939 vel
353 2869 602 2957 consuetudine,
615 2871 670 2936 vel
684 2871 855 2955 privilegio
871 2871 1129 2957 jurisdictionem
1147 2875 1232 2941 obti-

112 2995 207 3068 nent,
224 2989 336 3073 quoles
349 2987 566 3072 suntreginae,
584 2986 733 3065 ducissa,
751 2987 932 3067 obhonssae,
949 2996 1029 3056 eto:
1046 2997 1126 3056 tuno
1145 2991 1231 3057 enim

112 3106 148 3171 in
164 3125 221 3171 ens
239 3104 460 3189 compromitti
476 3111 586 3187 potest
603 3104 721 3191 (capite
739 3107 850 3169 Dilecto·
862 3107 895 3186 4,
919 3108 956 3170 de
969 3104 1128 3192 Arbitrio).
1145 3108 1230 3173 Item

113 3221 285 3307 religiosus
295 3221 417 3307 absque
428 3221 606 3304 superioris
617 3239 776 3287 consensu
787 3221 911 3289 arbiter
922 3241 992 3289 esse
1008 3224 1132 3309 nequit.
1145 3225 1229 3290 Item

111 3338 234 3407 assumi
243 3338 397 3422 nequitia
408 3336 568 3402 arbitrum
579 3337 682 3403 laicus
695 3338 729 3401 in
740 3357 838 3402 causo
848 3339 1007 3422 spirituali
1021 3339 1138 3426 (cupite
1150 3344 1229 3406 Coo·

113 3459 208 3535 tiupit
223 3455 256 3531 8,
273 3454 311 3517 dc
324 3449 481 3535 Arbitris);
499 3451 560 3517 nisi
574 3452 717 3516 munitus
729 3452 770 3516 sit
784 3453 956 3537 privilegio
970 3456 1160 3538 apostolico,
1176 3456 1230 3522 vel

112 3575 298 3641 assumetur
304 3565 444 3652 junctim
459 3587 534 3633 cum
548 3567 667 3632 clerieo
682 3567 798 3654 (capite
815 3573 877 3632 Per
891 3577 960 3634 toas
976 3574 1008 3649 9,
1019 3574 1057 3634 cic
1069 3569 1227 3657 Arbitrio).

110 3682 258 3751 Tandem
269 3682 417 3748 nullusin
427 3684 559 3767 proprio
573 3702 668 3748 causo
681 3682 804 3748 arbiter
815 3701 885 3749 esse
899 3685 1113 3766 permittitur.
1135 3685 1229 3773 (Vide

111 3800 203 3865 circa
225 3796 388 3885 ejusmodi
411 3798 612 3864 exclusiones
636 3797 936 3884 Schmalzgrueher,
955 3800 989 3864 in
1014 3802 1146 3867 titulum
1170 3804 1225 3881 43,

105 3915 188 3989 libri
203 3919 216 3981 l
232 3912 473 4000 decretalium.)

152 4032 248 4101 Licet
261 4030 409 4115 predicti
421 4031 456 4095 in
468 4031 609 4098 orbitros
624 4032 743 4097 ossuum
757 4038 933 4117 nequeant,
954 4053 1019 4098 non
1034 4033 1110 4099 inde
1128 4037 1230 4120 sequi·

103 4156 166 4216 tur
186 4166 374 4231 eosomues
392 4148 561 4233 prohiberi
579 4148 677 4215 etiam
696 4168 767 4217 esse
787 4153 995 4219 crortrotores.
1013 4151 1147 4218 Certum
1165 4162 1226 4232 est,

131 4411 182 4475 li)
194 4406 320 4461 mom
332 4405 409 4457 reon
421 4406 481 4457 solet
494 4409 608 4457 mamutio
620 4409 713 4458 arbitri.
