2714 4980
560 308 639 358 raus
660 309 774 357 uulua.
1162 299 1228 361 215

109 443 219 509 «eunt
235 441 401 521 parentes,
418 433 525 512 liberi,
541 433 672 511 fratres,
688 432 797 500 affines
808 434 891 521 (lege
901 439 961 501 Sed
970 438 1129 515 attacti,
1147 437 1181 504 n.
1192 441 1230 504 dc

109 549 417 636 «Procurator-tuat
430 553 496 617 imo
515 569 629 617 omnes
644 550 922 636 conjunctimque
933 551 976 617 ad
990 562 1142 637 quartum
1158 573 1230 639 gra·

111 665 220 737 «dum
231 668 266 733 iu
276 668 363 737 linea
376 666 627 733 transversali...
641 670 765 746 Quinto,
780 668 806 731 si
818 669 954 732 maritus
966 687 1064 751 agere
1076 671 1156 735 velit
1169 689 1230 753 pro

110 800 303 864 «uxore...;
324 782 537 866 proceditque
559 780 620 847 hoc
635 781 760 846 etiamsi
781 790 897 863 agatur
922 790 1050 848 tantum
1076 784 1231 852 debonis

111 896 234 961 «istim
257 897 564 980 paraphernalibns3
589 901 703 979 estque
729 895 877 978 perinde,
902 897 972 962 sive
993 898 1111 964 habeat
1131 900 1233 966 admi·

112 1011 368 1076 anistrationem
381 1012 510 1077 illorum
526 1011 672 1086 murima,
693 1010 760 1075 sive
773 1011 861 1075 illum
877 1013 1050 1078 retinuerit
1064 1014 1123 1079 sibi
1135 1035 1229 1080 uxor.

111 1129 251 1205 «Sexto,
275 1127 303 1190 si
318 1127 495 1209 Episcopus
512 1125 567 1190 vel
581 1125 739 1190 Proelatus
753 1125 838 1190 bono
854 1133 888 1190 et
902 1126 976 1211 jura
1000 1129 1142 1194 ecclesiae
1167 1149 1232 1195 suae

112 1239 277 1325 «perdat,
288 1240 532 1307 veldefendere
546 1247 603 1304 aut
612 1258 810 1323 recuperare
825 1242 977 1325 negligaq
992 1250 1071 1307 tunc
1086 1246 1171 1310 enim
1185 1265 1235 1310 ca·

114 1377 126 1416 c
140 1355 254 1420 noniei
264 1363 300 1420 et
311 1356 422 1420 clerici
433 1355 551 1439 singuli
562 1373 659 1438 agere
670 1373 768 1437 super
778 1355 892 1420 iisdem
903 1366 1049 1439 possunt,
1059 1361 1155 1424 etiam
1165 1363 1234 1427 sine

114 1470 311 1537 «mandato.
329 1471 419 1558 (Cap.
431 1477 514 1536 Licet
525 1477 553 1546 1,
569 1474 606 1534 dc
619 1475 726 1534 Restit.
745 1472 994 1556 spoliat—Cap.
1010 1478 1084 1537 Cum
1093 1479 1165 1538 olim
1176 1478 1231 1555 34,

112 1589 181 1653 cde
201 1591 229 1651 Τ
227 1590 339 1650 estibus
356 1594 386 1649 ct
400 1594 503 1650 citcst.
523 1621 570 1635 -
583 1587 660 1668 Cap.
678 1590 793 1666 Siquis
808 1589 841 1663 6,
856 1590 892 1650 de
908 1591 1003 1651 Rebtcs
1017 1592 1155 1654 Ecclerioe
1175 1613 1236 1657 con

113 1698 269 1784 colica.);
285 1709 320 1766 et
333 1702 416 1766 ratio
428 1709 488 1777 est,
503 1702 580 1785 quia
590 1701 734 1783 ipsorum
746 1702 884 1766 interest
897 1720 950 1766 res
960 1709 994 1766 et
1005 1702 1079 1787 jura
1091 1707 1235 1773 ecclesie

112 1836 213 1882 «sure
236 1816 327 1881 salva
349 1825 384 1882 et
408 1817 506 1881 illoesa
528 1817 665 1882 servari.
688 1816 745 1880 His
768 1834 848 1899 ergo
872 1818 1019 1882 omnibus
1046 1839 1144 1902 agere
1167 1823 1235 1888 sine

115 1929 307 1998 amandato
323 1931 537 2013 permittitur,
554 1931 616 1994 nisi
628 1929 717 1995 aliud
731 1938 858 1995 constet
873 1930 916 1997 de
932 1933 1099 1999 voluntate
1114 1933 1238 2001 domini

115 2065 213 2133 apro
233 2064 300 2130 quo
312 2048 546 2124 interveniunt,
564 2047 620 2112 vel
637 2065 734 2111 causa
749 2047 793 2111 sit
810 2047 949 2129 speciale
967 2048 1154 2114 mandatum
1171 2051 1239 2116 exi·

118 2180 274 2246 agens.»
302 2161 624 2246 (schmalzgrueben
648 2162 682 2226 in
701 2161 834 2228 titulum
857 2165 920 2239 38,
952 2163 1028 2228 libri
1050 2166 1062 2228 1
1093 2163 1234 2242 decret,

115 2297 151 2345 u.
170 2274 242 2359 25.)

162 2395 197 2458 6.
219 2392 430 2458 Procuratoni
441 2392 501 2458 Rei
513 2393 730 2458 necessarium
743 2410 808 2457 non
819 2400 869 2458 est
880 2392 1070 2460 mundatum
1082 2416 1090 2478 ;
1104 2394 1164 2461 sed
1178 2413 1240 2480 pro

117 2509 188 2576 Beo
204 2507 340 2573 absente
356 2508 495 2592 quilibet
515 2527 558 2573 ex
576 2507 615 2572 iis
637 2509 694 2591 qui
708 2508 852 2591 legitime
875 2508 983 2573 standi
999 2509 1033 2573 in
1049 2508 1170 2594 judicio
1188 2509 1241 2595 jus

118 2622 253 2701 bahent,
272 2623 482 2690 defensorem
499 2629 533 2688 et
552 2631 798 2706 procuratorem
814 2642 884 2689 sese
900 2625 1098 2689 constituere
1112 2631 1238 2708 potest3

119 2736 220 2805 modo
234 2745 345 2803 tamen
364 2735 500 2802 satisdet
515 2756 576 2820 pro
591 2735 736 2821 judicato
754 2736 929 2814 solvendo,
949 2746 984 2802 et
1000 2738 1097 2803 etiam
1117 2739 1241 2805 cautio·

119 2873 196 2920 nem
210 2861 346 2936 praestet
363 2852 405 2918 de
424 2860 508 2928 rato,
528 2871 604 2916 casu
619 2870 683 2936 qno
695 2854 783 2918 Reus
798 2855 992 2918 convenitur
1005 2855 1132 2919 actione
1146 2855 1237 2920 reali.

122 2969 171 3036 lta
187 2968 243 3054 jus
262 2969 461 3044 Romanum,
480 2969 514 3033 in
529 2967 745 3034 ecclesiastico
762 2969 835 3034 foro
850 2968 960 3053 quoad
974 2970 1036 3034 hoc
1056 2979 1239 3053 receptum.

123 3084 219 3151 Ratio
239 3091 307 3160 est,
331 3083 408 3168 quia
429 3083 507 3148 boni
532 3083 657 3166 publici
683 3084 821 3150 interest
843 3085 1010 3163 absentes,
1036 3085 1136 3151 etiam
1154 3087 1244 3169 igno-

122 3207 245 3276 rantes,
267 3216 329 3282 per
349 3215 588 3283 quemcumque
613 3196 759 3277 defendi,
788 3219 830 3265 ne
846 3200 950 3282 ignari
968 3201 1134 3284 patiantur
1154 3200 1244 3266 dam-

123 3336 214 3384 num.
1133 3304 1135 3307 ’

169 3441 202 3501 7.
224 3432 364 3515 Quando
375 3434 557 3518 requiritur
566 3431 755 3498 mandatum
767 3436 1039 3516 procuratorium,
1053 3426 1245 3503 nonsnfficit

124 3548 375 3635 qualecumque,
393 3547 453 3614 sed
471 3547 572 3614 debet
588 3567 659 3614 esse
673 3550 708 3613 in
725 3549 830 3617 forma
843 3549 1004 3633 legitima,
1023 3558 1058 3616 et
1070 3570 1135 3616 non
1149 3570 1245 3618 revo-

122 3673 235 3732 autum
250 3671 308 3730 aut
324 3663 456 3730 aliunde
471 3664 663 3730 extinctum.

168 3781 216 3846 Ut
230 3786 343 3846 autem
355 3778 545 3845 mandatum
560 3780 602 3845 sit
617 3780 652 3845 in
673 3779 778 3846 forma
792 3780 952 3864 legitima,
970 3780 1120 3865 quaedam
1134 3781 1245 3849 condi·

123 3897 231 3964 tiones
245 3894 378 3980 dejure
399 3897 562 3961 communi
580 3898 795 3980 requiruntur
809 3904 844 3962 et
858 3897 1019 3962 sufficiunt
1035 3918 1044 3962 x
1059 3917 1190 3981 nempe,
1207 3910 1247 3966 ut

124 4017 270 4095 ponatur
290 4029 410 4076 nomen
429 4012 671 4089 constituentis,
689 4013 910 4094 procuratoris
927 4013 1111 4090 constituti,
1129 4016 1248 4082 actoris

123 4135 367 4212 contraquam,
385 4126 504 4213 judicis
517 4128 606 4212 apud
619 4148 719 4214 quem
731 4129 906 4213 agendum,
923 4130 1061 4215 qualitas
1071 4150 1174 4198 causa
1189 4132 1248 4202 de·

126 4240 309 4318 mandatae,
331 4240 403 4306 dios
418 4248 452 4307 et
469 4262 582 4307 annus.
604 4243 653 4308 Ita
680 4242 831 4309 doctores
852 4249 1078 4312 communiter.
1101 4249 1151 4314 De
1172 4248 1246 4333 jure
