2714 4980
132 319 197 382 168
480 329 668 378 rnrcrlrus
691 331 734 377 nu
757 330 907 380 sumnus.

128 463 288 524 ordinario
301 455 485 542 jurisdictio
499 477 507 540 3
523 454 632 534 unde,
650 476 690 521 ex
706 476 804 541 supra
819 455 991 537 stabilitis,
1005 455 1075 542 jam
1089 475 1156 521 non
1170 466 1237 522 essa

129 594 228 642 verus
245 574 392 640 vicarius
409 573 588 657 generalis,
608 572 668 638 sed
689 591 799 672 merus
822 570 1008 657 delegatus.
1028 572 1130 655 Quod
1147 580 1238 638 auten

126 699 248 757 statuat
267 692 459 775 Episcopus,
479 695 517 754 ut
534 707 599 754 una
614 690 760 755 alterave
780 708 952 755 causarum
967 691 1102 774 species
1119 688 1239 774 judicari

125 816 268 894 nequeat
282 828 300 874 a
313 806 441 873 vicario
454 806 609 889 generali,
625 807 686 870 nisi
699 805 792 891 juxta
803 807 1011 872 Assessorum
1028 805 1237 884 consilium,id

118 944 190 990 non
210 923 349 1007 impedit
368 923 446 1008 quin
462 920 569 986 adhuc
584 924 783 986 unicmsalcm
804 923 989 1008 (moraliter
1003 919 1190 1008 loquendo)
1198 919 1237 1006 ju·

122 1038 347 1106 risdictionem
365 1039 392 1102 is
407 1037 529 1102 habere
546 1043 729 1102 censeatur.

165 1156 315 1236 Qurasrro
337 1153 468 1218 lc-A
489 1173 546 1234 quo
563 1159 677 1217 assumi
696 1174 747 1217 seu
767 1160 912 1218 constitui
925 1161 1026 1236 possit
1042 1159 1234 1219 Asscssorl-

126 1296 138 1327 ι
160 1272 238 1336 Tam
256 1272 289 1335 in
312 1271 416 1334 causis
437 1268 585 1333 civilibus
606 1287 701 1352 quarn
724 1270 757 1334 in
773 1270 1014 1348 criminalibus,
1041 1269 1234 1355 jurisperitus

125 1412 140 1444 ι
156 1386 276 1450 assumi
292 1391 401 1469 potest
419 1402 480 1467 per
493 1381 637 1468 judicem
656 1385 712 1477 qui
731 1386 841 1468 legum
863 1383 983 1450 doctor
1003 1406 1071 1451 non
1087 1387 1146 1465 sit,
1164 1394 1197 1450 ut
1211 1387 1233 1450 ci

125 1530 139 1557 ·
156 1500 303 1583 assistat;
326 1507 364 1565 ut
386 1499 549 1582 colligitur
572 1517 613 1564 ex
635 1499 708 1583 lege
733 1503 752 1564 2
780 1498 916 1578 codicis,
938 1505 977 1565 de
996 1505 1229 1568 Asscssortlms...

123 1616 233 1700 «Eligi
253 1623 361 1700 potest
379 1616 525 1680 Assessor
545 1612 587 1680 de
614 1614 849 1682 consuetudine
873 1617 915 1681 ab
943 1618 1018 1701 ipso
1035 1617 1162 1703 judice,
1184 1617 1231 1681 nisi

126 1734 253 1798 «aliter
267 1752 307 1797 ex
327 1739 450 1796 statuto
468 1732 659 1814 particulari
673 1740 858 1798 servetur.»
884 1733 1090 1820 (Pellegrini
1108 1734 1227 1818 partet,

117 1857 202 1914 sect.
226 1851 276 1925 16,
298 1867 330 1911 n.
353 1850 393 1914 19
409 1854 443 1912 et
462 1844 529 1931 22.)

125 2011 127 2015 -
162 1964 378 2047 Regularum,
391 1969 425 2027 et
437 1962 497 2025 nisi
509 1962 593 2027 obsit
604 1965 766 2029 contraria
778 1963 1058 2044 consuetud0‚vel
1069 1966 1229 2050 superioris

117 2080 308 2164 probibitio,
328 2076 371 2142 ad
388 2076 568 2162 quemlibet
581 2077 726 2162 judicem
748 2081 891 2163 pertinet
908 2081 970 2145 sibi
982 2083 1170 2150 assessores
1183 2100 1229 2147 seu

119 2197 314 2263 consiliarios
334 2213 515 2278 assumere3
536 2195 611 2278 quia
627 2197 760 2261 consilio
775 2198 823 2261 uti
843 2205 893 2262 est
913 2198 995 2281 quid
1010 2217 1076 2281 per
1095 2220 1130 2266 se
1143 2199 1229 2266 omni·

118 2312 181 2377 bus
195 2311 378 2377 hominibus
395 2312 541 2394 licitum;
559 2309 647 2375 unde
664 2331 728 2377 non
743 2311 844 2376 debet
864 2315 993 2379 censeri
1008 2317 1163 2393 vetitum,
1181 2316 1230 2380 nisi

118 2429 292 2512 prohibitio
307 2429 340 2492 in
357 2426 430 2512 jure
450 2427 664 2509 exprimatur.
691 2429 785 2493 Nulla
799 2437 908 2494 autem
927 2430 1003 2514 lege
1023 2431 1062 2496 id
1079 2432 1228 2517 judicibus

117 2544 320 2627 prohibetur.
338 2545 418 2607 hinc
431 2544 491 2606 nisi
502 2543 600 2607 aliter
612 2542 654 2607 ab
667 2542 826 2627 Episcopo
838 2553 972 2611 cautum
986 2547 1105 2626 luerit,
1121 2549 1228 2632 poterit

115 2660 262 2726 vicarius
279 2660 379 2742 ipsius
394 2658 553 2741 generalis
568 2675 643 2721 suos
662 2658 723 2722 sibi
742 2658 927 2726 Asscssores
945 2680 1129 2730 assumere.
1143 2664 1228 2730 Secut

115 2784 224 2842 autern
240 2776 267 2840 si
280 2774 363 2840 hanc
379 2775 572 2840 electionem
589 2773 649 2838 sibi
665 2774 843 2859 Episcopus
859 2781 1098 2846 reservaverit.

161 2893 313 2973 Qumsrro
326 2894 369 2955 5¹.
393 2927 438 2938 -—
453 2893 501 2954 Aa
525 2893 690 2953 Assessores
718 2898 810 2954 curio
833 2897 1012 2976 episcopalis
1039 2902 1161 2977 possint
1179 2914 1245 2959 csse.

117 3013 212 3073 laici?
229 3045 275 3058 -
289 3004 730 3091 Respondeturaffirmatire3
746 3025 821 3072 cum
832 3006 959 3073 Abbate
971 3010 1016 3096 (in
1032 3020 1135 3098 caput
1148 3017 1229 3095 snper

115 3132 320 3208 questionum,
338 3126 375 3186 de
399 3123 503 3202 Officio
524 3124 634 3203 deleo,
657 3142 690 3185 n.
717 3120 782 3206 16),
810 3131 844 3188 et
870 3124 1063 3210 Pellegrino
1086 3129 1188 3214 (parte
1202 3129 1228 3204 1,

117 3239 281 3322 premisso
293 3242 325 3317 3,
344 3259 376 3302 n.
406 3234 474 3321 26);
492 3234 690 3321 videturque
705 3239 867 3304 sententia
882 3238 952 3304 haec
978 3244 1195 3310 communiter
1216 3261 1230 3306 a

118 3354 306 3422 doctoribus
334 3353 447 3438 recipi.
465 3355 513 3418 Ex
529 3373 568 3418 ea
592 3372 670 3417 vero
686 3353 899 3420 confirmatur
921 3356 1012 3441 quod
1033 3360 1227 3435 asseruimus,

120 3473 240 3536 nullam
251 3469 410 3535 Assessori
418 3476 607 3552 competere
616 3467 875 3553 jurisdictionem
888 3493 895 3536 :
907 3472 934 3536 si
945 3475 1036 3540 enirn
1048 3475 1231 3560 jurisdictio

121 3606 196 3654 nem
211 3585 360 3663 haberet,
386 3584 524 3649 clericus
543 3585 725 3651 necessario
745 3605 816 3651 esse
834 3585 993 3674 deberet3
1008 3609 1088 3658 curn
1101 3591 1228 3658 laiciec·

118 3703 328 3771 clcsiasticam
336 3699 595 3785 jurisdictionem
611 3720 767 3767 exercere
776 3702 1025 3786 prohibeantur.
1038 3709 1227 3794 Quamquam

119 3830 228 3887 autem
237 3817 313 3884 idin
323 3817 432 3900 rigore
441 3815 523 3899 juris
537 3816 714 3896 resumsit,
732 3837 827 3884 nemo
843 3837 908 3884 non
918 3820 1011 3887 videt
1023 3831 1106 3909 quot
1118 3826 1227 3891 incom-

116 3930 341 4004 modamultis
357 3935 391 3997 in
405 3933 656 3997 circumstantiis
676 3933 756 3998 oriri
773 3942 916 4018 possent,
939 3938 967 4003 si
985 3939 1065 4007 laici
1087 3943 1122 4008 in
1137 3941 1226 4008 consi·

117 4053 226 4120 liarios
239 4050 281 4114 ab
296 4047 513 4114 ecclesiastico
519 4045 629 4130 judice
640 4057 894 4116 assumerentur.
926 4048 937 4063 ‘
1030 4134 1033 4139 ι

162 4169 315 4249 Qunsno
328 4168 373 4231 6·.
390 4201 436 4212 —-
446 4168 494 4228 An
504 4167 640 4228 Asscssor
652 4173 785 4229 recusari
792 4175 890 4249 possit
908 4177 1056 4254 tuaquom
1066 4174 1224 4260 suspectu?

119 4318 165 4335 --
180 4315 194 4338 «
214 4285 328 4347 Potest
342 4280 476 4362 allegari
492 4290 661 4364 suspectus
678 4300 719 4346 ex
738 4300 844 4361 causa,
866 4284 944 4351 licet
958 4306 1024 4353 non
1048 4290 1164 4356 habeat
1180 4289 1221 4374 ju·

123 4431 137 4455 .
153 4398 374 4464 'risdiclionem
390 4396 484 4460 :etsi
498 4395 600 4479 judex
619 4416 682 4462 non
698 4392 844 4465 admittit
858 4403 1088 4487 suspicionem,
1108 4409 1145 4473 srt
1162 4409 1218 4491 ipse
