2716 4988
574 308 653 358 elas
676 307 788 357 rarus.
1203 293 1245 358 ta

94 448 203 501 vero
226 434 415 518 spirituales
438 450 503 500 ncu
525 428 678 502 desinunt
700 437 735 502 in
754 434 894 502 salutatu
914 435 1092 502 animarum
1109 433 1247 503 iuduere

94 568 149 622 ³⁰
165 550 274 638 quod
290 552 412 639 aliqum
429 569 542 618 secum
559 552 691 621 trahant
705 554 738 619 ia
755 554 910 619 societate
925 553 1073 619 maulari
1087 549 1244 638 effectus3

94 684 177 737 mo
197 668 250 736 ad
270 671 451 736 animarum
465 671 587 736 bonum
601 671 783 755 spirituale,
804 678 1022 757 aeternamque
1040 670 1178 736 salutem
1191 687 1249 736 ex·

94 783 228 866 sedit,
251 793 294 852 nt
308 786 494 872 hujusmodi
508 786 643 853 effectus
664 788 947 872 sequanturque
969 785 1112 872 alioquin
1133 785 1249 852 nociva

94 908 207 971 'oret
228 903 293 969 fini
307 901 459 970 Ecclesia
474 905 663 989 temporalis
679 906 827 970 societas.
850 905 935 989 Ergo
960 906 1049 970 Deus
1066 904 1123 989 qui
1137 902 1250 969 Eccle-

94 1022 195 1090 iam
214 1021 254 1085 in
268 1021 370 1087 terris
382 1021 596 1102 instituendo,
615 1023 719 1088 voluit
733 1040 804 1088 eam
818 1039 913 1106 posse
926 1021 1089 1100 ordinare,
1108 1036 1179 1106 quae
1192 1019 1252 1086 fini

94 1156 169 1209 mo
192 1138 398 1223 attingendo
411 1140 592 1206 necessaria
607 1145 683 1204 sunt
698 1145 732 1204 et
748 1146 944 1231 ppportuna,
957 1138 1060 1206 voluit
1075 1137 1173 1203 etiam
1186 1137 1249 1221 ipsi

94 1272 176 1327 non
195 1250 323 1321 deesse
339 1254 423 1321 hanc
436 1262 646 1340 potestatem,
665 1253 796 1340 qnando
810 1274 852 1321 er
868 1256 969 1339 ipsius
983 1254 1128 1320 decretis
1145 1258 1180 1320 et
1195 1251 1248 1338 ju·

94 1371 214 1448 liciis
231 1372 336 1458 aliqui
351 1380 535 1458 sequuntur
549 1372 764 1456 temporalem
779 1373 968 1438 societatem
988 1372 1185 1454 attingentes
1199 1368 1249 1443 ei·

94 1495 257 1574 fectus;
276 1495 312 1554 et
327 1508 368 1555 ex
382 1491 452 1574 ipsa
467 1489 631 1568 Ecclesia,
652 1494 752 1572 prout
771 1489 880 1565 locum
905 1486 1029 1566 habuit,
1048 1486 1249 1552 instituticne

94 1608 287 1692 nequitur,
302 1606 426 1673 debere
438 1613 633 1691 potestatem
643 1607 832 1672 secularem
845 1605 905 1671 hos
918 1604 1056 1670 effectus
1067 1603 1245 1686 suscipere,

94 1728 153 1792 et
168 1723 222 1789 eis
233 1741 307 1790 sese
323 1730 357 1788 et
372 1723 516 1806 regimen
536 1742 631 1789 suum
645 1721 906 1788 accommodare.

164 1840 348 1919 Praeterea,
364 1860 429 1906 non
440 1847 548 1926 posset
560 1840 722 1906 saecularis
734 1847 888 1925 potestas,
901 1837 964 1904 sub
980 1831 1143 1903 dictarum
1154 1835 1251 1903 ellea-

94 1964 220 2024 tuum
239 1963 404 2042 pretextu
426 1976 537 2022 causas
557 1957 740 2040 spirituales
761 1956 823 2021 sibi
840 1952 1006 2020 vindicare
1024 1961 1058 2021 et
1078 1953 1245 2032 dirimere,

94 2075 205 2155 quin
219 2075 293 2139 rica
307 2092 401 2139 versa
417 2079 634 2158 sequerentur
649 2073 682 2136 in
695 2072 849 2137 societate
866 2070 1082 2135 ecclesiastica
1093 2069 1247 2135 effectus:

94 2182 138 2250 ii
160 2195 286 2269 antem,
305 2188 349 2254 ob
367 2188 577 2254 deiicientem
599 2188 632 2252 in
654 2187 802 2271 principe
823 2187 970 2252 saeculari
990 2184 1251 2251 infallibilitatem

94 2303 215 2372 eirca
235 2304 501 2371 determinandas
521 2323 575 2370 res
599 2303 782 2387 spirituales
801 2310 835 2368 et
853 2301 896 2367 ad
914 2301 1014 2367 fidem
1032 2303 1247 2385 pertinentes,

94 2407 158 2485 'lu
172 2418 352 2487 discrimen
368 2428 567 2506 perpetuum
581 2410 785 2486 adducerent
800 2418 962 2503 religionis
975 2427 1009 2484 et
1027 2418 1128 2502 ipsius
1141 2416 1252 2483 Eccle-

94 2535 178 2605 siae
190 2539 426 2622 integritatem.
440 2538 479 2602 In
493 2537 626 2602 crimine
646 2537 816 2614 haeresecS,
832 2534 926 2601 verbi
941 2537 1055 2619 gratia,
1073 2529 1163 2600 nulla
1177 2550 1252 2617 spe·

94 2654 199 2722 Qiuli
209 2655 427 2739 prerogativa
439 2653 593 2720 divinitus
612 2658 747 2736 accepta
760 2653 862 2737 pollet
881 2651 985 2718 ludex
999 2651 1172 2729 saecrssaris,
1187 2668 1251 2735 qua

94 2772 389 2847 premunatura
398 2769 738 2858 judicandotanquam
750 2769 996 2847 hareticc,eum
1009 2771 1065 2856 qui
1075 2768 1248 2834 haereticus

94 2889 188 2954 uon
207 2893 270 2964 est,
287 2894 420 2952 autnon
434 2885 597 2963 haeretico,
614 2902 690 2950 eum
703 2885 761 2968 qui
774 2891 886 2949 tamen
900 2883 1075 2949 haereticus
1087 2889 1149 2947 est.
1166 2882 1251 2965 Ergo

94 3011 180 3071 nat
196 3020 219 3069 a
234 3003 325 3069 nullo
344 3001 483 3087 judicari
498 3009 656 3086 potarunt
678 3019 781 3067 causae
809 3000 992 3086 spirituales
1011 3018 1083 3084 quae
1098 2997 1250 3064 effectum

94 3121 270 3207 aliquem
286 3119 414 3186 civilem
428 3118 574 3196 trahunt,
588 3116 677 3204 quod
691 3115 870 3183 absurdum
886 3123 953 3199 est3
968 3123 1025 3180 aut
1038 3111 1215 3180 dicendum
1231 3136 1249 3180 a

94 3223 235 3310 iudice
250 3232 470 3299 ecclesiastico
480 3251 535 3298 ecs
549 3251 619 3297 esse
635 3230 844 3296 dirimendas.

161 3355 205 3418 3⁰
228 3349 366 3416 Accedit
390 3348 564 3415 doctorum
593 3347 827 3414 catholicorum
861 3347 1042 3413 cummunis
1070 3344 1243 3410 sententia.

99 3463 209 3536 Ilum
220 3473 344 3551 prater
354 3465 523 3552 quosdam,
536 3465 733 3550 janseniana,
743 3471 802 3528 aut
817 3462 1026 3548 gallicanismi
1039 3462 1249 3546 parlamentu-

98 3586 163 3652 1ii
187 3583 267 3650 labe
283 3583 440 3662 infectas,
463 3583 575 3648 caeteri
592 3600 705 3648 omnes
721 3598 835 3647 causas
847 3579 1032 3664 spirituales
1047 3578 1171 3665 absque
1192 3596 1249 3643 ex·

102 3701 281 3786 ceptione
291 3698 508 3786 jurisdictioni
525 3697 754 3764 ecclesiastiea
771 3695 950 3762 vindicant.

165 3820 373 3886 Psorosmo
396 3816 467 3882 1112.
488 3850 534 3867 -·
553 3818 681 3896 munda
701 3817 825 3879 dumam
846 3822 891 3878 est
915 3821 1019 3877 utrum
1042 3830 1134 3876 amau
1154 3814 1248 3892 spirt-

107 3939 222 4002 m
239 3941 293 4016 sit,
311 3955 353 4000 eu
368 3953 437 3998 cero
453 3935 637 4015 temporalis,
663 3933 706 3995 ud
727 3937 907 4015 potestatem
936 3931 1164 3993 ecclesiasticam
1180 3945 1249 4008 per·

111 4062 205 4121 unet
217 4059 429 4137 pronuntiare,
462 4059 492 4114 et
506 4052 576 4114 laute
589 4053 733 4115 maioni
751 4068 782 4113 se
796 4051 969 4113 admittere
988 4048 1073 4111 debet
1089 4048 1247 4110 cucuma

106 4180 269 4255 pratas
290 4206 336 4219 -
350 4172 441 4236 Deus
459 4170 544 4233 cuim
568 4175 741 4253 utramque
767 4171 963 4250 potestatem
984 4163 1018 4226 in
1042 4161 1104 4227 hoc
1126 4161 1248 4229 munda

121 4287 373 4364 constituendo,
395 4303 493 4352 unam
518 4284 685 4350 constituit
706 4284 739 4347 in
763 4276 912 4347 docendo
937 4278 1157 4358 infallibilem,
1182 4298 1248 4346 non

124 4420 211 4468 'sera
227 4405 375 4470 alteram.
392 4401 443 4469 tu
456 4418 528 4467 eam
543 4419 623 4468 vero
638 4417 710 4485 quac
724 4400 758 4463 in
772 4395 930 4464 docendis
942 4402 976 4461 et
990 4393 1247 4462 determinandis
1271 4436 1286 4455 .
