2714 4980
196 286 260 358 tto
536 310 724 358 rmcrsrus
745 310 790 358 ms
812 308 959 358 romeus.

237 432 276 500 In
290 435 397 518 capite
413 439 543 500 Comum
557 435 624 523 (16,
645 434 801 513 11111119,
824 433 900 502 libri
919 437 932 500 1
957 433 1183 523 decretalium)
1201 432 1246 504 eie
1258 418 1349 514 lies

192 544 292 617 betur
306 571 315 617 z
329 550 404 617 Com
416 568 507 615 eausa
517 555 630 617 duodus
644 557 853 632 committitur,
871 558 1019 617 sententio
1035 555 1128 618 onias
1141 572 1203 618 non
1218 554 1336 628 emer

237 666 276 732 In
291 666 397 751 eapite
410 670 609 732 Pmadeattom
625 667 690 755 (21,
708 666 797 734 tituli
813 669 867 747 29,
881 665 959 734 libri
974 671 986 734 1
1006 663 1149 754 decret.)
1166 689 1174 736 :
1190 671 1322 753 snppli-

192 802 242 848 eos
256 787 433 865 informari*
447 793 562 866 atrum,
585 805 652 869 oum
667 786 767 849 tribas·
779 804 869 849 consa
894 790 1104 866 committitur,
1125 792 1173 850 ito
1188 788 1269 868 prod
1288 795 1312 852 si

192 906 291 965 ommes
305 906 445 964 interesse
457 908 656 983 nequiverint,
677 904 736 965 dao
757 898 825 966 eam
845 903 1041 967 mihilominus
1064 910 1266 985 exequantur,
1280 911 1304 968 si

191 1020 268 1082 Reus
279 1038 299 1081 a
309 1020 424 1082 duodus
436 1025 554 1083 tantem
562 1019 656 1099 faerit
665 1028 851 1099 marmotis,
868 1020 971 1083 venire
980 1023 1146 1082 necessario
1159 1024 1297 1083 terreatur:

191 1138 260 1198 etsi
272 1139 383 1199 citatos
396 1154 415 1197 o
426 1134 566 1216 plemam
584 1152 684 1197 eoram
706 1136 819 1198 duodus
843 1139 1044 1216 comparuerit
1051 1182 1062 1214 ,
1089 1139 1180 1198 tertio
1194 1152 1248 1199 aee
1259 1154 1298 1198 oe·

190 1253 291 1312 niente
298 1269 356 1331 per
369 1269 411 1328 se,
424 1251 471 1312 oet
479 1270 537 1332 per
552 1252 670 1313 litteras
684 1249 729 1337 (nt
742 1252 816 1314 solet
831 1249 910 1334 fieri)
924 1256 1095 1329 eeeasonte,
1109 1269 1152 1313 aa
1162 1253 1224 1313 deo
1231 1270 1298 1333 pra-

190 1369 287 1427 seates
299 1371 333 1428 ia
349 1380 439 1428 roasa
448 1371 567 1447 possint
578 1368 750 1448 procedere,
769 1371 799 1428 et
816 1384 882 1428 eom
899 1369 1053 1428 sententie
1070 1364 1187 1427 eairalo
1208 1370 1300 1428 termi-

190 1472 285 1546 nare?
302 1483 342 1546 Iu
358 1481 412 1544 doe
425 1501 496 1545 ausu
511 1484 615 1546 taliter
632 1484 865 1566 respondemus,
893 1484 1052 1564 peredeum
1066 1480 1181 1564 otiaris
1195 1482 1303 1564 deiero»

70 1591 73 1597 ’
191 1602 290 1660 torum
302 1598 454 1680 jaderam,
474 1618 532 1680 per
547 1606 660 1662 eertum
675 1603 816 1663 nentium
830 1601 878 1661 oei
901 1604 1105 1661 recreatorem
1128 1599 1304 1662 litteratorie

191 1714 385 1794 destinatum,
399 1733 459 1778 nort
467 1717 629 1778 ostenderit
644 1734 675 1778 se
684 1720 825 1779 interesse
833 1735 892 1779 non
894 1734 994 1797 posse,
1007 1716 1055 1778 eei
1066 1689 1146 1777 olias
1160 1714 1199 1778 de
1210 1714 1306 1778 eodem

191 1835 471 1894 eanomieeeonstare
483 1840 543 1895 nori
553 1837 681 1913 poterit,
697 1833 814 1896 residui
827 1832 987 1919 procedere
999 1830 1041 1894 ad
1055 1848 1152 1895 eomer
1165 1834 1307 1913 eopnitio·

190 1966 258 2013 aem
277 1968 337 2012 non
350 1950 482 2013 debent:
501 1951 580 2031 qaod
599 1955 627 2013 si
641 1955 853 2032 processerint,
874 1951 954 2013 aiiii
973 1951 1304 2032 reputabantmrepisse.

191 2066 254 2130 itta
266 2070 375 2147 quippe
394 2067 456 2146 soit
475 2071 600 2148 antiqua
620 2066 706 2130 Sedis
721 2067 897 2147 Apostoiiooe
917 2069 1063 2147 provisio,
1084 2072 1120 2128 ot
1139 2065 1307 2148 nppemod

190 2186 554 2262 ooasarumeapnitianes,
578 2183 692 2245 duobus
702 2186 865 2263 pemmoni,
885 2183 1082 2262 tribaspaam
1095 2182 1308 2246 dnndasiidea-

193 2305 254 2363 tias
269 2299 461 2380 deieparet...
481 2301 623 2363 Mondati
641 2301 786 2380 siquidem
807 2299 946 2361 recedere
966 2298 1042 2377 fiaes
1057 2298 1260 2380 proderetur,
1283 2301 1308 2360 si

192 2421 259 2499 pais
270 2421 348 2479 eitra
361 2419 490 2497 formam
508 2418 647 2499 rescripti
656 2421 768 2498 arrepti
774 2422 968 2497 praesumeret
975 2417 1130 2499 judicare.
1143 2417 1308 2498 Adjieimas

193 2537 284 2595 etiam
296 2532 385 2613 qaod,
397 2534 450 2594 ubi
462 2534 600 2613 fueritin
612 2535 814 2595 commissione
833 2536 1013 2613 appositam,
1031 2537 1067 2594 ot
1080 2535 1109 2594 si
1122 2549 1225 2595 ommes
1235 2536 1308 2596 inte-

193 2666 273 2711 resse
296 2652 494 2729 nequiverint,
519 2651 579 2713 doe
598 2667 663 2711 eam
684 2648 879 2710 nihilominus
903 2654 1107 2729 exequantur,
1135 2652 1164 2711 si
1182 2653 1251 2730 pais
1273 2666 1308 2712 ea

193 2767 280 2846 masis,
295 2780 362 2827 eam
371 2769 481 2847 possit,
494 2766 785 2843 maineritinteresse,
806 2765 865 2828 dao
878 2763 1076 2828 nihilominus
1090 2770 1125 2828 ire
1141 2781 1235 2828 eausa
1245 2782 1310 2847 pro·

194 2881 326 2959 cedam
351 2879 420 2943 iicet
439 2880 492 2943 ilie
516 2884 624 2943 tertius
652 2884 829 2961 pravissime
848 2884 890 2943 sit
910 2883 1081 2961 arpaendos
1101 2900 1161 2962 pro
1181 2901 1216 2944 eo
1235 2883 1314 2964 qnod

194 2995 373 3059 mandatam
395 2995 591 3077 apostolieum
614 2997 721 3077 exequi
739 2971 939 3078 subterfapint
951 3002 1006 3058 arr-t
1024 3003 1207 3064 contemnat.
1229 3001 1331 3063 lam

196 3120 309 3192 qaoque
316 3126 373 3193 per
389 3116 490 3174 omnia
502 3111 629 3174 dirimas
646 3110 861 3174 obseraaadam
879 3117 912 3176 ta
925 3130 1014 3175 caasa
1031 3130 1097 3194 pare
1115 3118 1333 3177 committitur·

194 3227 321 3305 duodus,
337 3245 370 3289 eo
388 3233 534 3309 apposito,
546 3232 583 3291 ut
594 3231 622 3290 si
634 3226 721 3290 ambo
734 3209 875 3292 inieresse
895 3233 1094 3310 nequiverint,
1111 3229 1193 3294 alter
1203 3230 1343 3295 nidile‘

195 3349 296 3408 minos
312 3351 487 3425 eaeqaetor.

240 3458 289 3525 Ex
311 3458 416 3525 citetis
434 3456 580 3526 textibus
605 3459 752 3546 seqnitur
768 3459 932 3545 triplicem
953 3456 1227 3546 distinguendum·
1245 3479 1335 3531 essa

198 3592 309 3644 Casum
328 3596 336 3643 ζ

240 3695 357 3772 Primo,
383 3710 475 3758 cesus
494 3692 644 3760 formulae
659 3700 694 3757 nt
709 3711 808 3758 omnes
820 3700 875 3758 ant
887 3696 946 3759 dae
960 3695 1008 3758 oei
1022 3714 1100 3758 onos
1116 3691 1221 3760 eorem
1235 3712 1346 3764 moa‘

196 3813 303 3877 datam
324 3811 518 3893 apostolieum
535 3819 730 3894 exequantur.
752 3810 889 3894 Quando
910 3811 979 3878 haee
998 3813 1139 3879 formula
1160 3813 1342 3883 manduit?

195 3927 360 4005 inseritur,
376 3927 503 4012 signum
518 3935 567 3992 est
584 3926 752 4011 delegatos
767 3927 918 4011 deputam·
930 3934 964 3993 io
973 3931 1115 3994 solidum.
1129 3928 1223 3996 Tune
1237 3950 1343 4000 rent

196 4041 295 4109 detur
315 4042 408 4110 loeus
430 4044 653 4129 preventioni,
672 4045 717 4110 ita
732 4054 770 4111 ut
781 4046 808 4111 si
823 4064 907 4111 unus
919 4043 962 4112 de
979 4064 1074 4112 eausa
1100 4048 1169 4114 sine
1189 4051 1349 4117 ceteris

196 4178 390 4244 cognoscere
416 4162 573 4244 eoeperit,
599 4161 652 4227 alii
673 4180 708 4228 se
729 4162 950 4230 intromittere
970 4173 1148 4249 nequeant.
1177 4166 1349 4235 Possent

77 4341 79 4344 .
194 4281 323 4343 tantum
341 4295 375 4344 se
390 4277 629 4356 intromittere,
651 4279 677 4344 si
696 4276 749 4344 ille
771 4280 828 4363 qni
847 4280 938 4362 prius
962 4299 1091 4348 oausam
1117 4299 1349 4369 eognosoera

196 4393 307 4481 eoepit,
320 4393 509 4464 infirmitate
518 4395 574 4464 vel
585 4375 648 4465 olio
663 4394 828 4465 obsucuo
840 4395 1067 4482 impediretur,
1086 4399 1141 4468 vei
1156 4402 1343 4471 malitiose
