2714 4980
510 282 590 348 runs
611 284 728 336 enimn.
1120 273 1181 340 tna

64 422 168 488 «sna,
184 405 571 497 neomeniarumque
591 406 865 498 judieatnrdmm
889 409 985 478 cansa
1004 411 1122 498 alienu
1138 432 1182 480 ne

64 524 160 590 asini
173 523 387 606 contradicat,
410 528 520 594 etalio
536 526 611 614 jure
626 528 779 596 videntur
798 530 848 597 nti
865 531 899 596 in
917 531 1069 609 alienans,
1086 547 1185 617 qnam

64 658 163 726 aquo
176 640 417 728 jure-utiturin
429 645 580 730 seipmm.
596 669 615 709 o
1128 699 1130 703 .

107 757 230 842 vigere
245 767 356 826 autem
371 761 548 827 etiamnum
563 762 685 848 ubique
702 762 792 828 dicta
803 763 918 848 regula
932 762 1103 852 probatur,
1116 770 1188 830 tam

62 890 105 940 er
120 891 161 940 eo
180 875 269 960 qnod
280 877 451 962 pertineat
465 877 507 944 ad
520 877 575 964 jus
586 880 745 958 naturale,
763 876 1042 948 immutationibus
1055 882 1187 948 minime

61 991 224 1077 obncni03
243 1001 316 1062 tum
333 994 408 1079 quia
422 995 555 1080 probari
573 997 688 1081 nequit
702 995 796 1062 ullibi
810 1014 880 1063 enm
898 996 1043 1081 legitima
1061 998 1095 1062 in
1112 1016 1188 1064 con-

61 1110 203 1174 trarium
218 1112 460 1197 prascriptione
472 1111 681 1178 obsolevisse.
697 1114 783 1197 lingo
800 1115 899 1179 etiam
917 1112 1013 1180 hodie
1035 1130 1052 1180 a
1070 1128 1186 1199 cogno

62 1224 184 1291 scenda
193 1233 229 1292 et
236 1225 447 1312 dijudicanda
461 1245 556 1294 cansa
568 1229 788 1296 removendus
798 1237 847 1296 est
854 1221 968 1316 jadex,
982 1231 1038 1316 qui
1048 1231 1185 1298 similem

62 1340 135 1426 ipse
154 1360 293 1408 cansam-
308 1343 424 1428 habet3
438 1353 473 1410 et
487 1345 514 1410 si
527 1347 731 1427 „contrarium
753 1346 821 1426 fiat,
840 1364 902 1432 pro
919 1346 1010 1413 nulio
1030 1355 1065 1414 et
1092 1347 1185 1414 irrito

61 1464 172 1524 totum
181 1434 340 1544 judicium
352 1451 541 1527 habendum
558 1469 619 1528 est.

109 1577 250 1644 lincunt
261 1574 307 1642 4⁸.
327 1612 374 1629 --
390 1581 502 1645 Nullos
521 1583 704 1663 repclcrtter
718 1587 751 1646 to
762 1587 891 1665 proprio
908 1600 999 1646 cocao
1006 1585 1107 1666 judeo
1124 1600 1186 1647 ease

59 1700 174 1776 potest.
189 1722 236 1741 -·
247 1692 386 1760 Adeoen
399 1693 473 1782 jure
482 1697 623 1763 naturali
634 1696 771 1764 evidens
781 1698 894 1762 ostilia
904 1699 1030 1782 regula,
1044 1706 1083 1764 ut
1096 1698 1185 1764 illam

62 1807 208 1894 probare
231 1826 511 1893 supervacaneum
533 1811 590 1896 sit3
607 1828 670 1876 nec
691 1808 838 1877 dubitari
866 1812 1031 1878 ullatenus
1056 1820 1182 1896 potest,

61 1924 144 2010 quin
157 1931 192 1990 et
205 1942 338 2010 semper
349 1927 501 2010 vignerit,
523 1933 557 1992 et
570 1925 668 1993 hodie
683 1927 780 1992 etiam
794 1929 914 2012 rigeat.
940 1926 1034 1994 Unde
1048 1929 1082 1992 in
1100 1946 1185 2015 qne·

62 2042 205 2107 ationem
216 2043 327 2108 vocari
340 2048 471 2107 tantum
482 2050 618 2126 possunt
632 2044 841 2128 exceptiones
858 2042 1008 2127 quadam
1021 2038 1120 2110 modo
1130 2057 1185 2110 ne-

62 2154 224 2239 sciendam
243 2173 383 2247 quarum
395 2159 520 2224 intuitu
536 2161 703 2244 posuimus
715 2160 750 2224 in
763 2159 848 2226 thesi
862 2174 977 2226 recem
989 2162 1183 2244 rmomrttar.

114 2274 250 2342 «Multo
273 2275 382 2340 minus
412 2275 468 2364 (ait
495 2274 804 2360 schmalzgrneher‚
822 2275 856 2340 in
878 2275 1020 2343 titulum·
1037 2277 1074 2341 cto
1098 2279 1189 2342 lutti-

65 2397 166 2470 «ers,
182 2408 231 2457 n..
248 2386 300 2478 17)
322 2392 521 2477 regulariter
540 2399 650 2475 petest
673 2392 789 2476 adactis
814 2408 885 2457 esse
907 2390 1010 2477 judex
1033 2393 1068 2458 in
1092 2404 1188 2458 cansa

66 2508 393 2592 «propriuseutali,
410 2507 772 2594 cujacemoinmcntum
784 2499 1005 2575 epidamnum
1022 2505 1189 2592 adipsum

65 2643 160 2692 «sno
174 2626 303 2692 nomine
319 2627 482 2712 pertinet3
500 2625 700 2691 nemin-hoc
711 2640 786 2690 casu
800 2626 908 2690 multo
925 2623 1030 2711 major
1051 2631 1102 2690 est
1121 2638 1190 2691 sns-

66 2767 84 2804 c
99 2743 186 2826 picto
200 2741 378 2809 allectionis
388 2758 617 2827 ergocantorum,
635 2749 670 2808 et
688 2739 766 2808 inde
790 2754 989 2827 consurgens
1004 2733 1188 2826 pericolum

66 2882 84 2921 n
100 2858 263 2926 insenseri
276 2857 400 2945 judicii.
424 2880 441 2921 o

111 2977 252 3043 lincunt
276 2978 319 3042 5³.
349 3008 397 3024 -
415 2979 538 3043 motor
567 2977 609 3039 od
631 2976 811 3058 predictam
836 2975 973 3056 reputor»
1002 2979 1189 3056 dommim

63 3093 214 3177 qnondam
232 3124 280 3142 --
293 3092 405 3176 Excipi
423 3089 506 3158 solet
525 3089 627 3176 judex
648 3106 831 3174 supremus,
846 3090 902 3175 qni
928 3097 1038 3173 potest
1063 3091 1098 3154 in
1114 3109 1188 3175 pro

64 3210 141 3295 pria
162 3226 267 3288 causa,
282 3208 319 3275 id
336 3216 398 3288 est,
414 3208 449 3274 in
466 3208 571 3274 connis
583 3224 663 3293 quas
684 3205 784 3272 habet
796 3222 871 3271 cum
891 3200 1032 3274 subditis
1045 3207 1122 3286 snm,
1135 3205 1188 3295 jus

66 3325 193 3392 dicere.
207 3327 291 3391 Item
304 3323 340 3390 id
357 3333 491 3410 possunt
503 3322 629 3410 judices
651 3323 824 3390 inferiores
836 3323 870 3388 in
885 3322 983 3388 certis
992 3314 1187 3408 quibusdam

66 3445 184 3511 causis
202 3442 345 3510 Tandem
358 3441 400 3509 ad
412 3441 557 3529 jndicem
574 3442 721 3527 pertinet
734 3441 882 3528 judicare
901 3441 944 3508 de
967 3460 1026 3507 sua
1048 3439 1187 3527 jmisdi-

65 3563 187 3641 ctione,
205 3559 335 3646 quando
347 3560 407 3627 ilia
422 3561 458 3624 in
476 3557 613 3625 dubium
629 3565 779 3624 vocatur.
801 3559 851 3624 Dc
865 3558 988 3642 triplici
1000 3558 1058 3624 illo
1071 3574 1187 3643 exeep-

64 3679 193 3746 tidntr'm
206 3678 313 3762 crpite
326 3675 474 3744 irretirer
491 3674 667 3742 dicendum
682 3672 763 3761 qnid
776 3675 884 3740 teneri
900 3673 1031 3740 debeat.

110 3797 219 3860 Primo
240 3801 384 3877 exceptio.
408 3828 455 3842 -
476 3793 555 3858 liam
576 3793 623 3857 sic
644 3791 797 3874 proponit
819 3799 853 3856 et
871 3789 1006 3855 dmcntit
1025 3781 1186 3855 dalmair-

65 3909 212 3996 gnaeum
232 3910 280 3997 (in
299 3909 459 3977 utmumt
479 3913 516 3974 dc
532 3911 672 3989 Iudiciis,
691 3908 803 3974 tinnit
819 3906 1043 3983 decretalium,
1057 3919 1091 3970 n.
1110 3907 1184 3991 18):

67 4027 281 4094 «Dubitaiur
305 4016 337 4092 1⁰
361 4045 402 4092 an
423 4026 585 4110 princeps,
609 4044 668 4091 sen
695 4022 799 4109 judex
827 4037 1017 4106 supremus,
1041 4021 1188 4106 superio-

68 4167 88 4208 o
98 4160 178 4210 rem·
193 4158 260 4208 non
277 4158 523 4226 recognoscens,
540 4142 591 4206 uti
608 4141 774 4223 estPapu
791 4140 971 4221 imperator
988 4137 1047 4202 vel‘
1064 4146 1135 4216 ret,
1153 4137 1187 4204 in

68 4274 204 4327 emesa
216 4259 361 4343 propria,
374 4257 442 4323 sive
457 4274 528 4343 qnae
542 4256 782 4323 vertiturinter
796 4252 949 4336 ipsamet
958 4250 1125 4333 subditos·
1135 4252 1189 4339 jn·

67 4402 84 4442 a
100 4376 168 4444 dex
184 4395 254 4442 esse
267 4375 388 4460 possiti
404 4374 559 4458 Negativa
573 4372 706 4440 videtur
720 4369 829 4453 colligi
842 4388 883 4435 ex
897 4368 1003 4454 capite
1019 4373 1115 4434 Feros
1131 4373 1184 4449 id,
