2714 4980
118 319 184 384 398
456 323 645 378 cuicuinus
668 325 712 378 nn
734 330 883 379 runicus.

121 432 462 546 «permissurum
483 453 603 522 ultima
621 460 750 537 cutes,
770 460 808 522 ae
830 461 927 522 cem.
949 458 1075 540 sect.‚÷
1091 457 1234 543 octoges

120 575 284 654 icosium,
312 577 350 638 te
375 577 494 638 Dicere.
522 573 614 653 offic,
638 571 696 638 lib.
725 570 821 657 12)...
846 573 915 637 Nec
934 571 1133 657 suffragatur
1157 572 1239 658 quod

120 691 301 774 &Episcopi
327 689 584 774 predecessores
611 689 808 754 retinuerint
833 687 978 754 vicarios
1000 687 1234 755 dioecesnnos:

120 807 225 892 aquia
252 825 318 872 non
338 814 390 871 est
409 805 567 888 exemplis
593 802 835 889 judicandum:
855 826 872 866 n
892 803 940 871 Ab
959 805 1020 870 hcc
1037 806 1183 889 generali
1191 823 1239 871 re·

116 922 193 1007 gula
222 921 356 987 concedi
386 919 582 1006 quandoque
610 919 776 1003 lipiscopis
799 917 1076 1004 dispensationem
1108 919 1239 988 adnotat

116 1036 241 1104 ibidem
263 1037 381 1103 citatus
402 1042 516 1101 unctor
541 1035 591 1100 his
608 1034 719 1099 verbis
739 1052 747 1096 ε
769 1058 785 1095 «
815 1034 904 1100 Solet
927 1044 1038 1101 tamen
1062 1035 1236 1121 aliqnando

119 1151 267 1218 necdem
283 1153 379 1216 Sacra
394 1150 608 1233 Congregatio
624 1148 824 1232 dispensare,
841 1157 879 1215 ut
893 1151 1083 1235 Episcopus,
1107 1153 1240 1235 praeser·

40 1338 41 1342 ¹
120 1290 138 1330 a
152 1269 211 1333 tim
228 1266 386 1345 residens,
400 1274 516 1332 tenere
525 1266 627 1349 possit
637 1265 803 1330 vicarium
815 1264 1049 1346 dioecessnum,
1062 1267 1240 1336 dummodo

120 1407 139 1445 n
148 1403 220 1450 non
233 1382 380 1468 prebeat
400 1382 600 1472 occasionem
624 1381 853 1466 querelarum3
871 1380 970 1468 idque
983 1382 1096 1450 multis
1110 1376 1154 1451 de
1168 1402 1241 1449 cau·

122 1503 195 1568 «sis
205 1523 219 1567 «ε
236 1499 325 1586 quod
343 1499 523 1583 Episcopus
531 1497 638 1563 adhuc
655 1504 848 1564 extraneum
859 1497 1013 1565 idoneum
1025 1500 1177 1567 invenire
1190 1520 1241 1567 ne·

120 1618 295 1709 uquiverit
316 1639 323 1682 :
341 1614 430 1702 quod
452 1615 599 1680 vicarius
619 1619 754 1694 exterus
772 1633 838 1679 non
854 1615 918 1681 cito
933 1616 1033 1699 possit
1054 1615 1237 1683 accedere:

122 1740 289 1818 «propter
301 1732 467 1798 fructuum
478 1730 630 1796 Ecclesiae
641 1731 836 1797 tenuitatem
852 1752 860 1797 :
878 1739 1015 1815 propter
1021 1733 1114 1798 *aeris
1126 1733 1240 1798 intem·

119 1847 276 1929 «perlem
292 1867 300 1908 ι
316 1850 453 1927 propter
470 1842 619 1908 notitiam
642 1841 802 1909 bonorum
819 1845 1013 1928 qualitatum
1031 1845 1108 1910 talis
1124 1845 1236 1911 vicarii

118 1984 138 2023 a
151 1959 337 2026 dioecessni.
367 1982 383 2020 »

121 2118 124 2123 -
163 2080 198 2143 3⁰
220 2074 310 2141 Adeo
330 2073 508 2141 concordes
529 2073 660 2156 reperio
686 2072 840 2140 doctores
861 2082 997 2141 caeteros
1013 2074 1059 2163 (l)
1074 2077 1111 2141 in
1125 2075 1238 2143 admit·

117 2191 218 2258 tendo
231 2189 347 2257 eadem
363 2188 510 2255 doctrina
521 2196 676 2273 tanquam
694 2194 795 2266 certa,
813 2198 848 2255 et
865 2189 965 2276 (quod
982 2193 1236 2275 peremptorium

117 2309 281 2394 praecipue
301 2305 362 2392 est)
379 2307 413 2370 in
428 2304 613 2372 attestando
628 2306 715 2372 iacto
736 2305 779 2371 de
801 2309 989 2373 memoratis
1012 2307 1237 2376 declarationi-

117 2424 180 2490 bus
198 2431 233 2489 et
246 2422 389 2489 decretis
406 2421 508 2487 Sacrae
527 2421 789 2505 congregationis
806 2424 1042 2507 Episcoporum
1061 2432 1098 2491 et
1112 2426 1236 2510 regola·

118 2541 214 2623 rium,
230 2546 267 2604 ut
281 2555 485 2623 nequaquam
499 2539 618 2619 possim
631 2536 797 2604 declinare
810 2540 1050 2606 conclusionem
1068 2541 1153 2607 hano
1172 2563 1179 2609 :
1195 2545 1236 2606 De

111 2659 185 2737 jure
201 2658 359 2733 communi,
381 2672 441 2716 non
459 2655 545 2715 licere
558 2655 704 2734 Episcopo
721 2659 755 2716 tn
771 2657 924 2718 Vitorium
943 2658 1114 2737 pectoralem
1132 2659 1236 2739 elicere

118 2772 325 2849 dimossancm,
344 2769 452 2848 absque
463 2766 626 2845 Pontificio
640 2771 881 2850 dispensatione:
894 2767 989 2852 Quod
998 2768 1053 2855 jus
1066 2788 1234 2837 commuue

118 2884 296 2953 hodiedum
308 2885 406 2951 etium
416 2884 527 2966 vigere
550 2884 679 2949 omnino
696 2884 895 2957 censendum
908 2885 1060 2971 videtur3
1077 2889 1140 2954 nisi
1151 2888 1234 2953 forte

118 3004 190 3089 quis
213 3000 333 3067 alicubi
359 3001 521 3064 contraria
545 3006 580 3064 et
606 3000 748 3083 legitime
778 3003 967 3086 prescripta
999 3003 1233 3071 consuetudine

117 3119 309 3202 abrogatum
321 3115 374 3202 jus
387 3115 471 3181 illud
488 3116 661 3201 sustinest3
677 3117 771 3203 cujus
786 3126 895 3184 tamen
918 3119 1138 3204 abrogationis
1163 3138 1234 3205 pro-

117 3234 206 3302 butio
221 3233 354 3300 videtur
366 3231 462 3298 valde
473 3230 622 3298 difficilis.

161 3353 197 3418 4⁰
217 3351 266 3418 Au
282 3357 372 3427 vero‚'
391 3368 457 3414 non
476 3357 604 3415 tantum
616 3354 656 3414 ut
668 3348 758 3414 licite
768 3351 869 3431 possit
884 3351 955 3436 quis
971 3352 1126 3418 constitui
1139 3370 1232 3436 gene·

116 3467 194 3534 ralis
208 3466 368 3544 licerius,
385 3464 444 3531 sed
462 3465 562 3531 eiiam
580 3462 622 3530 ad
643 3470 776 3531 actuum
787 3465 887 3549 ipsius
901 3465 1104 3533 validitatem
1128 3468 1233 3553 roqui-

117 3591 210 3649 ratur
224 3590 263 3648 ut
276 3583 318 3647 ait
336 3588 486 3658 exterus,
512 3599 578 3644 non
600 3580 731 3664 reperio
753 3581 795 3647 ab
819 3581 1007 3649 auctoribus
1040 3573 1228 3650 discussm

116 3699 203 3766 Puto
215 3697 248 3764 id
257 3697 382 3783 requiri
390 3693 431 3762 ad
439 3696 614 3761 liceitatem
625 3703 764 3776 tantum,
772 3717 855 3764 ‚cum
865 3718 930 3766 non
943 3699 1105 3783 probetur
1116 3700 1231 3767 dictam

116 3813 336 3884 conditionem
349 3811 411 3879 sub
424 3831 523 3895 poens
534 3811 692 3878 nullitctis
705 3814 801 3897 exigi.

161 3936 253 3997 Noto.
279 3927 377 4010 Quod
392 3928 656 3994 Poenitentiarius
675 3938 817 4014 nequeat
830 3949 902 3997 esse
916 3931 1011 3999 simul
1025 3933 1172 4000 licerius
1183 3950 1230 4018 ge·

117 4046 236 4114 11ch
256 4045 416 4129 Episcopi,
440 4042 578 4109 diximus
595 4045 629 4108 in
646 4049 788 4111 tractatu
802 4050 839 4112 de
853 4051 1016 4131 Capitulis,
1034 4067 1110 4135 pag.
1135 4053 1206 4118 tto.

123 4319 126 4325 '
150 4318 186 4384 (l)
201 4315 260 4380 vide
280 4317 342 4367 inter
355 4316 414 4366 alios
426 4311 559 4368 Ferrarium
575 4315 707 4383 (adsonem
720 4319 841 4373 Victorius
852 4323 990 4388 umescit,
1004 4332 1051 4376 art.
1064 4328 1091 4389 l,
1107 4326 1132 4378 n.
1143 4325 1195 4390 tt),
1206 4332 1225 4376 et

118 4412 258 4464 lanuuium
273 4408 315 4476 (dc
327 4409 441 4463 vuaso
449 4411 550 4475 aptae..
564 4412 641 4476 sepite
649 4415 674 4475 l,
687 4427 713 4476 p.
725 4415 779 4477 li).
