2714 4980
192 295 258 362 470
540 313 729 363 rnncrnrns
752 315 795 362 ns
817 313 968 363 rnnrcus.

235 439 271 503 4⁰
291 437 341 504 An
363 444 473 504 autem
490 438 526 505 id
539 438 719 523 expediat,
729 438 783 505 vix
801 436 1045 505 admittendum
1059 438 1200 505 videtur
1211 442 1304 527 quoad

189 571 303 622 musas
317 554 428 621 cin'les
444 555 690 622 ecclesiasticas.
700 554 815 638 Quoad
827 556 1112 635 criminalesvero,
1126 574 1249 641 magne
1259 574 1310 624 an·-

189 671 548 756 ctoritatiscxemplnm
568 671 743 757 habemus3
761 671 916 738 sancitam
939 691 1060 757 nempe
1078 672 1309 740 recentioribus
1346 751 1349 763 Ι

189 788 396 874 temporibus
414 808 432 853 s
450 786 534 854 Sede
555 789 739 874 Apostolica
753 788 1009 874 dispositionem,
1031 788 1147 874 quoad
1164 788 1309 857 dioecescs

188 903 249 970 sub
277 903 400 969 ditione
422 903 594 970 Pontificio
623 905 884 989 comprehensas.
912 906 943 970 Si
971 904 1112 990 quidem
1143 906 1305 971 articulos

187 1018 376 1106 appendicis
394 1019 435 1086 ad
459 1020 630 1088 decretum
660 1022 848 1106 organicum
871 1021 938 1087 diei
964 1025 983 1086 5
1010 1021 1209 1088 novembris
1235 1025 1302 1089 1831

186 1136 353 1214 statuitur,
371 1144 409 1203 ut
423 1135 599 1221 cujuslibet
607 1137 757 1223 Episcopi
776 1140 911 1203 tribunal
919 1141 1093 1219 nimtoole,
1109 1142 1272 1205 &diserto
1283 1146 1307 1202 et

191 1259 321 1335 protect
332 1255 405 1317 eliis
413 1257 569 1336 judicibes
583 1261 707 1319 constet.

231 1369 300 1434 Nec
317 1367 454 1435 dubium
464 1377 515 1436 est
526 1372 606 1455 quin
617 1371 714 1438 simili
728 1389 804 1439 cnm
816 1372 921 1437 forma
935 1371 1041 1457 possit
1061 1372 1245 1457 Episcopus
1258 1375 1307 1438 cti·

187 1484 306 1550 minale
321 1503 417 1551 snum
427 1486 573 1554 tribunal
588 1487 800 1554 constituere.
821 1487 871 1552 An
885 1495 996 1554 autem
1016 1487 1209 1572 prudenter
1222 1488 1255 1554 id
1267 1489 1306 1552 iu·

187 1599 410 1683 duceretur,a
425 1604 596 1689 regionum
609 1611 643 1670 et
658 1613 843 1690 temporum
862 1604 1119 1670 circumstantiis
1138 1604 1304 1690 plurimum

191 1716 383 1805 dependere
394 1719 541 1786 videtur.

233 1838 266 1899 5⁰
284 1838 356 1901 Non
374 1843 482 1921 potest
499 1836 676 1922 Episcopus
695 1838 868 1922 collegium
883 1822 1046 1923 judicum,
1068 1837 1239 1904 criminale
1260 1839 1306 1902 tri·

186 1950 287 2017 hunsl
300 1953 573 2039 componentium,
589 1953 635 2019 ita
647 1954 860 2031 constituere,
880 1961 919 2019 ut
930 1954 994 2018 sint
1004 1953 1040 2018 in
1049 1952 1159 2018 officio
1174 1973 1234 2021 suo
1245 1973 1305 2038 per·

185 2066 279 2153 petui
294 2085 353 2133 seu
370 2067 603 2148 inamovibiles,
625 2069 693 2136 sive
705 2070 843 2137 relative
857 2067 900 2134 ad
917 2051 1072 2153 seipsum,
1090 2070 1162 2135 sive
1178 2069 1305 2164 relative

187 2179 231 2246 ad
246 2201 449 2250 successores
463 2184 648 2271 Episcopos.
663 2187 744 2251 Nam
767 2182 926 2270 ejusmodi
941 2184 1150 2269 perpetuitas
1165 2204 1226 2251 seu
1237 2185 1308 2250 irre·

72 2317 85 2323 ··
187 2298 377 2366 vocabilitas
392 2301 491 2366 statui
499 2303 624 2386 nequit,
634 2303 695 2368 nisi
707 2301 749 2367 ab
763 2301 957 2368 auctoritate
968 2302 1134 2385 Episcopo
1146 2300 1211 2386 ipsi
1224 2321 1304 2387 supe-

190 2418 289 2484 riore.
321 2415 416 2481 Unde
445 2416 506 2481 nisi
524 2417 642 2483 existat
665 2438 707 2483 ex
732 2417 806 2502 jure
829 2416 1008 2494 communi,
1027 2417 1084 2482 vel
1111 2436 1154 2483 ex
1185 2416 1307 2483 decreto

187 2531 369 2611 Pontificio,
386 2540 444 2597 aut
462 2531 614 2611 concilii,
637 2533 823 2600 nullatenus
835 2528 991 2618 impediri
1007 2539 1124 2618 potest
1140 2526 1308 2618 Episcopus

188 2632 267 2736 quin
279 2646 439 2733 ejusmodi
450 2647 580 2734 judices
605 2648 649 2715 ad
665 2657 781 2714 nutum
795 2654 940 2714 revocet.
964 2646 1005 2713 ld
1020 2665 1144 2734 nempe
1162 2657 1215 2716 est
1238 2647 1305 2735 qnid

188 2765 358 2834 ordinarie
377 2767 525 2852 Episcopi
538 2765 757 2852 jurisdictioni
779 2748 958 2843 inherens,
971 2784 1036 2850 qua
1057 2766 1180 2852 nequit
1194 2768 1307 2853 Episco

188 2901 261 2970 pus,
283 2901 346 2948 nec
355 2883 507 2968 seipsum,
522 2903 583 2948 nec
601 2900 807 2949 successoros
820 2899 896 2947 suos
912 2882 1066 2966 spoliare.

234 3000 275 3065 Et
288 2998 363 3064 hinc
389 2999 466 3064 satis
491 3000 680 3066 confutatur
701 2999 964 3085 delyramentum
986 2995 1072 3064 illud
1100 2999 1306 3085 quorumdam

188 3114 458 3202 presbyterorum
486 3115 608 3194 Gallim,
631 3115 688 3200 qui
710 3132 818 3200 nuper
839 3112 1071 3180 officialitstem
1097 3132 1159 3180 seu
1176 3115 1305 3182 tribunal

190 3229 340 3315 Episcopi
354 3230 555 3296 somniarunt
572 3231 724 3316 componi
736 3248 842 3315 posse,
860 3229 926 3295 imo
945 3236 980 3296 et
994 3228 1137 3310 debere,
1156 3230 1303 3317 judicibus

191 3343 227 3410 in
239 3342 302 3409 hoc
319 3342 422 3412 officio
435 3346 626 3432 perpetuis,
648 3354 684 3412 et
703 3363 909 3431 nequequam
936 3344 1124 3413 adnutum
1148 3346 1301 3418 revocabi-

191 3455 287 3523 libus.

617 3744 750 3814 CAPUT
777 3745 862 3815 XIV.

393 4005 440 4052 ult
466 4003 665 4053 rnonononn
696 4006 737 4053 ET
768 4003 943 4055 ADVOGATO
970 4005 1111 4057 mutu.

241 4265 422 4334 Dicendum
442 4268 505 4347 hic,
531 4273 563 4334 1ο
583 4270 662 4355 quid
679 4273 721 4338 sit
737 4273 910 4362 Pmmotor
929 4271 1069 4358 fiscalis3
1089 4279 1125 4342 Υ
1142 4294 1162 4342 a
1182 4275 1292 4362 quaet

200 4379 359 4461 quomodo
379 4383 420 4447 sit
441 4385 704 4472 constituendus;
725 4391 760 4452 3⁰
778 4387 943 4472 quodnam
961 4386 1113 4473 ejusdem
1121 4386 1253 4458 offcium
1265 4391 1292 4450 et
