2714 4980
568 329 648 377 runs
669 328 784 376 ιιιιιι.
1164 311 1228 377 ma
1266 325 1277 380 ,·

155 459 297 526 lineum
320 460 364 524 4·.
389 493 436 506 -
458 461 622 539 Asorcrei
637 461 704 520 sttae
723 475 784 520 non
807 456 982 520 enclnditnr
1006 458 1105 535 serum
1135 422 1232 520 donti-

98 581 189 658 cilii,
211 579 265 641 sed
281 577 558 639 ncnnlotiveonto
573 579 753 637 coecistnnt.
773 606 820 619 —
841 572 912 638 Non
926 571 1107 638 defuerunt
1119 571 1232 639 docto-

107 712 166 761 res
180 694 238 778 qui
251 691 509 758 existimaverint
518 691 623 756 Reum
636 690 669 754 in
680 691 752 755 loeo
764 689 813 754 rci
824 690 904 767 site,
917 709 982 754 non
997 695 1125 754 tantum
1136 707 1231 772 posse
1273 665 1277 672 ¹

105 809 290 886 conveniri,
319 807 379 874 scd
404 815 439 874 et
464 807 604 890 dehere;
621 806 815 883 itascilicet,
833 811 870 870 ut
887 824 996 872 coram
1015 804 1167 871 domicilii
1181 807 1233 872 sui

104 924 224 1012 judice
242 923 308 1009 jam
327 944 392 989 non
408 930 517 1008 posset
531 923 659 989 actione
673 921 755 988 reali
770 921 903 1005 pulsari.
919 921 980 986 Cui
993 924 1162 988 sententie
1184 923 1233 988 ia·

106 1061 192 1109 rere
216 1039 351 1106 videtur
375 1046 475 1124 ceput
493 1045 573 1106 Sane
594 1040 637 1126 (3,
661 1039 713 1104 tit.
737 1041 768 1115 2,
794 1037 852 1103 lib.
876 1040 896 1102 2
917 1035 1058 1122 decret.)
1080 1060 1087 1102 :
1106 1043 1186 1104 Sane
1206 1046 1234 1103 si

108 1162 254 1240 Episcopi
267 1163 347 1220 inter
364 1177 437 1238 qnos
450 1175 541 1219 cansa
554 1162 693 1218 versotnr
708 1161 772 1218 sint
788 1156 978 1217 diversorum
991 1160 1229 1237 prouinciarum,

109 1277 166 1339 ille
179 1278 303 1339 Primos
317 1276 369 1337 det
376 1276 507 1354 jctdices,
522 1279 556 1335 in
573 1276 656 1353 cnjns
667 1275 825 1353 provincio
838 1278 883 1333 est
898 1272 978 1332 loeus
992 1273 1029 1334 de
1042 1291 1099 1351 qno
1115 1278 1236 1334 conten·

110 1392 211 1454 dttnr.
235 1388 316 1453 (ium
331 1388 377 1453 ibi
396 1386 525 1453 dicatur
543 1386 586 1452 ab
609 1385 783 1452 Ordinatio
803 1386 866 1452 loei
888 1387 921 1450 in
942 1404 1008 1470 quo
1030 1404 1084 1451 res
1107 1392 1236 1453 contro-

112 1522 212 1571 tersa
233 1505 294 1568 sita
316 1511 366 1569 cst
389 1506 506 1567 dandos
527 1523 589 1566 esse
606 1506 725 1586 jndices
747 1502 884 1588 (nempe
908 1501 950 1566 ab
972 1503 1042 1584 ipso
1069 1500 1235 1587 delegatos

112 1618 323 1707 quandoper
341 1619 482 1703 seipsum
500 1618 648 1703 judicare
671 1636 735 1683 non
756 1615 853 1701 vult),
877 1616 1010 1682 ridetur
1035 1617 1146 1682 Actori
1169 1637 1236 1684 non

113 1738 258 1822 relinqui
268 1737 455 1802 libertatem
465 1743 503 1801 ut
518 1735 561 1801 ad
573 1734 716 1820 judicem
726 1732 880 1799 domicilii
892 1734 997 1800 Reum
1008 1734 1128 1821 trahat.
1144 1735 1237 1801 Idem

113 1848 256 1915 suadere
280 1849 438 1914 videntur
460 1857 634 1934 sequentes
651 1846 734 1933 juris
752 1848 886 1913 Romani
907 1853 1018 1913 textus
1040 1870 1047 1912 :
1069 1851 1130 1912 Sed
1151 1856 1181 1911 et
1203 1855 1237 1912 in

114 1969 199 2045 iocis,
218 1971 252 2028 in
265 1968 370 2045 quibus
385 1986 433 2029 res
443 1973 569 2047 propter
580 1984 655 2045 qnos
670 1967 860 2027 contenditur
873 1970 1043 2027 constitute
1057 1972 1139 2044 snnt,
1149 1967 1238 2047 joie-

113 2102 182 2145 rnns
196 2087 232 2145 in
245 2101 308 2143 rein
322 2087 467 2144 actionem
482 2083 627 2144 adversus
636 2082 839 2162 possidentem
853 2086 967 2143 moveri
983 2080 1048 2167 (lex
1061 2080 1176 2158 finalis,
1196 2101 1231 2147 c.

116 2200 176 2261 Ubi
188 2203 225 2260 in
239 2217 302 2260 rem
320 2194 423 2281 actio).
442 2202 477 2262 Si
486 2218 544 2279 per
556 2205 590 2261 in
608 2217 671 2260 rem
684 2203 831 2260 actionem
841 2203 978 2278 petetur,
996 2200 1039 2260 ibi
1050 2203 1115 2278 peti
1134 2199 1238 2261 dedere

113 2316 166 2378 nbi
181 2335 231 2377 res
244 2323 300 2378 est.
320 2313 417 2400 (Lege
433 2317 521 2395 Oscod
536 2317 654 2395 lepntnr
668 2317 724 2392 38,
744 2313 777 2379 ff.
796 2317 834 2376 de
848 2310 963 2397 Jndic.)
987 2317 1045 2378 Ubi
1059 2324 1114 2378 ant
1129 2320 1176 2377 cis
1190 2318 1240 2395 so-

114 2433 303 2510 rtndicitnr‚
321 2439 375 2494 ont
388 2438 587 2495 momentaria
593 2438 740 2514 possessio
744 2434 930 2514 postulanda
948 2438 1004 2510 est,
1024 2434 1067 2494 ibi
1083 2435 1140 2495 toci
1150 2436 1239 2514 jndi-

114 2565 178 2611 cem
207 2549 352 2610 αιίυινιιι
372 2567 439 2610 enm
460 2554 512 2629 qni
530 2554 744 2630 possessionem
768 2550 903 2609 turbavit
930 2553 1066 2611 conuenit
1085 2551 1236 2629 judicare.

118 2662 201 2748 (Lex
214 2661 320 2740 unica,
338 2682 367 2727 c.
389 2664 447 2725 Udi
462 2665 499 2726 de
514 2683 641 2745 possess.
653 2659 871 2746 apioportect.)
883 2662 934 2739 Hi,
948 2662 1090 2747 inquam,
1105 2663 1241 2729 Romani

115 2779 200 2866 juris
220 2785 332 2844 textus
349 2786 495 2845 statuere
519 2779 686 2858 ridentur,
704 2788 743 2846 ut
762 2799 871 2845 eoram
893 2781 962 2844 solo
981 2778 1094 2864 judice
1120 2781 1182 2847 loci
1205 2781 1239 2846 in

117 2914 186 2982 qno
200 2915 258 2962 res
273 2903 323 2962 cst
336 2897 438 2980 possit
452 2898 540 2962 Reus
556 2897 736 2976 conveniri.

163 3036 183 3077 o
208 3012 274 3080 Sed
287 3015 472 3098 oppositum
486 3014 666 3081 tenendum
686 3023 746 3093 est,
765 3033 883 3099 nempe
902 3013 1032 3101 quodsi
1047 3020 1237 3083 connoten-

118 3130 200 3195 «sia
218 3128 345 3195 oriatur
365 3126 406 3192 de
428 3147 464 3193 re
481 3128 637 3193 immobili
658 3131 692 3194 in
716 3129 820 3194 alieno
842 3130 1009 3195 territorio
1025 3131 1097 3207 sita,
1118 3132 1153 3195 in
1173 3131 1241 3198 elc-

117 3266 136 3307 ιι
149 3244 260 3310 ctione
271 3244 387 3309 actoris
400 3244 453 3323 sit,
466 3250 577 3309 utrum
591 3245 624 3308 in
638 3245 712 3310 loco
725 3245 877 3310 domicilii
890 3246 959 3323 Rei,
973 3265 1013 3310 an
1028 3265 1107 3311 vero
1120 3247 1241 3314 obires

118 3361 214 3426 nsita
228 3367 288 3436 est,
305 3378 402 3443 agere
420 3360 508 3426 velit.
524 3384 540 3421 n
555 3360 727 3447 (Pirrhing,
739 3360 772 3425 in
783 3362 834 3426 tit.
849 3362 916 3439 2,1.
933 3365 952 3426 2
967 3360 1107 3440 decret,
1121 3382 1153 3428 n.
1166 3361 1237 3447 49.)

118 3474 366 3542 «verisimilior
389 3483 439 3541 est
463 3478 640 3541 communis
662 3479 833 3554 sententia,
861 3496 932 3562 quae
957 3478 1091 3546 arbitrio
1114 3478 1240 3547 Actoris

118 3592 319 3676 «relinquit,
342 3611 383 3656 on
400 3593 505 3658 Reum
523 3612 631 3659 coram
647 3591 759 3678 judice
775 3592 940 3670 domicilii,
963 3595 1017 3659 vel
1031 3595 1189 3661 territorii
1207 3598 1239 3661 in

120 3728 220 3796 equo
245 3728 300 3775 res
324 3712 523 3776 contentiosa
548 3711 671 3786 existit,
706 3712 880 3776 convenire
903 3712 993 3776 velit.
1022 3734 1038 3771 n
1067 3711 1239 3797 (Schmon-

117 3826 276 3912 grueber,
291 3827 326 3891 in
340 3827 394 3892 tit.
412 3830 449 3904 2,
466 3826 524 3892 lib.
544 3831 563 3892 2
583 3827 732 3906 decret,
754 3847 789 3923 n.
817 3826 884 3912 57.)
910 3828 1035 3909 Quibus
1058 3827 1237 3893 rationibus

116 3943 190 4010 hoec
207 3944 385 4008 communis
400 3945 559 4010 sententia
569 3943 735 4022 fulciatur,
755 3952 789 4010 et
804 3943 966 4029 quommo
981 3944 1147 4010 contrarie
1168 3945 1239 4028 opi-

117 4059 225 4125 nionis
240 4067 432 4142 argumenta
453 4058 534 4125 dilui
553 4061 695 4140 soleant,
720 4059 796 4125 vide
811 4059 899 4145 apud
914 4059 1063 4125 laudatos
1073 4065 1236 4136 unctores,

119 4175 225 4240 citato
246 4173 331 4240 loco.
355 4176 469 4260 Neque
490 4175 577 4241 enim
595 4175 670 4240 sinit
692 4183 852 4242 tractatus
875 4175 979 4241 nostri
1003 4193 1121 4259 scopus
1139 4183 1177 4241 ut
1196 4177 1240 4246 ad

117 4292 248 4359 minuta
262 4290 449 4377 hujusmodi
463 4292 710 4360 descendamus.

139 4440 142 4445 ·
164 4409 306 4476 Bueune
324 4412 368 4474 5³.
393 4416 555 4477 -Fornm
568 4418 613 4475 rei
629 4417 695 4475 sitne
708 4416 934 4492 senitentiam,
954 4417 1173 4500 eticmqnnneio
1188 4433 1235 4478 res
