2714 4980
128 301 191 366 268
472 318 661 367 ruscrsrus
681 319 726 366 nn
747 317 894 365 runicus.

125 443 323 507 monasterio
361 441 566 526 adscriptus,
607 443 654 508 ibi
686 443 883 509 domicilium
918 434 1042 507 habere
1070 449 1227 523 censetur,

126 559 252 623 etiarnsi
275 558 362 624 forte
380 566 458 623 actu
471 577 616 642 praesens
634 579 699 637 non
722 560 774 636 sit,
799 567 836 624 ut
854 564 969 623 tenent
986 556 1142 625 doctores
1158 577 1231 627 com·

126 675 283 740 munitur.
302 672 395 760 (Vide
409 673 710 758 Scbmalzgrueber,
728 675 762 739 in
777 674 830 738 tit.
847 677 878 751 2,
893 673 969 739 libri
982 676 1002 738 2
1017 673 1229 752 decretalium,

123 808 157 853 u.
179 785 245 873 14.)
266 790 350 853 Item
368 787 582 855 beneficiatus
600 789 799 856 domicilium
819 788 940 856 habere
963 797 1122 855 censetur
1138 791 1231 857 locum

123 903 285 982 beneficii,
301 905 425 970 etiamsi
432 905 552 972 ibidem
566 925 631 971 non
638 905 756 989 degat,
773 907 818 970 ita
832 905 955 972 scilicet
965 907 1038 971 utsi
1048 906 1231 973 beneficium

124 1021 333 1087 residentiam
353 1023 471 1105 exigat,
495 1023 599 1106 possit
613 1040 722 1089 coram
741 1021 913 1088 Ordinatio
928 1023 1016 1089 illius
1036 1023 1105 1089 loci
1122 1023 1231 1089 benei-

124 1138 226 1202 ciatus
240 1138 417 1215 conveniri,
433 1144 504 1204 tum
519 1139 552 1203 in
567 1140 671 1204 causis
686 1138 1162 1221 beneficiumrespicientibus,
1173 1146 1230 1205 tum

123 1253 223 1320 etiam
241 1253 274 1317 in
289 1253 359 1319 aliis
376 1255 522 1320 :sivero
540 1253 749 1328 residentiam
763 1274 828 1319 non
841 1255 958 1337 exigat,
975 1255 1011 1318 in
1028 1255 1134 1321 causis
1151 1253 1229 1321 duu-

121 1376 213 1435 taxat
233 1368 429 1435 benelicium
457 1370 719 1453 respicientibus.
747 1369 841 1456 (Vide
869 1370 1172 1453 Scbmalzgrueber,
1197 1371 1228 1435 ci·

124 1477 194 1562 tato
209 1482 306 1568 loco).
320 1486 405 1551 Item
420 1485 621 1570 vagabundis
636 1504 697 1569 pro
713 1485 876 1552 domicilio
887 1492 938 1552 est
949 1485 1091 1570 quilibet
1104 1487 1227 1552 locusin

122 1619 187 1686 quo
206 1603 433 1685 reperiuntur3
450 1603 528 1668 licet
547 1621 612 1667 non
632 1601 873 1679 commorando,
891 1599 952 1667 sed
966 1600 1167 1668 transeundo
1180 1600 1227 1666 ibi·

123 1714 198 1782 dem
210 1718 360 1783 existant.
937 1732 939 1737 ·

128 1904 131 1908 ,
166 1835 236 1915 Qua
261 1833 304 1900 de
326 1835 460 1918 singulis
478 1833 634 1901 domicilii
656 1834 828 1918 speciebus
845 1835 1008 1918 praemissa
1026 1834 1128 1918 magis
1146 1833 1225 1901 obvio

121 1950 264 2029 notione,
278 1949 528 2035 expendendum
543 1952 635 2017 venit
645 1949 808 2036 quomodo
819 1949 1078 2035 unumquodque
1091 1968 1132 2016 ex
1145 1949 1225 2016 dictis

121 2065 289 2134 domiciliis
313 2067 534 2145 contrahatur,
561 2075 595 2134 et
620 2086 792 2153 quamnam
814 2069 881 2132 vim
904 2067 1024 2133 habeat
1041 2064 1086 2132 ad
1108 2084 1226 2150 compe·

120 2189 249 2254 tentem
263 2182 546 2249 determinandum
565 2183 685 2248 forum.

165 2299 208 2363 Π.
225 2302 377 2379 Quomodo
390 2301 603 2380 contrabatur,
624 2307 654 2363 et
667 2303 729 2381 sori
743 2304 967 2382 competentiam
981 2301 1171 2379 determinet,
1183 2301 1227 2363 do·

120 2418 266 2479 miciltam
283 2421 422 2497 eripieris.
439 2417 569 2482 —Etsi
589 2417 623 2480 in
639 2415 714 2500 jure
735 2415 889 2481 canonico
914 2415 1020 2483 rarius
1041 2413 1087 2480 ad
1106 2413 1227 2498 originis

121 2530 320 2597 domicilium
335 2530 573 2599 attendendum
586 2533 638 2610 sit,
656 2550 731 2597 cum
748 2531 820 2597 sero
838 2549 1003 2616 nunquam
1022 2530 1065 2595 ab
1078 2526 1227 2614 ejusmodi

121 2646 281 2715 domicilio
311 2648 534 2733 superioribus
566 2649 790 2715 ecclesiasticis
821 2647 1040 2732 competentia
1077 2646 1222 2721 accedat,

120 2766 326 2848 praetermitti
348 2773 458 2831 tamen
480 2784 546 2832 non
568 2767 714 2850 oportuit
737 2765 860 2849 duplex
888 2766 1055 2849 proposita
1080 2765 1221 2849 quaestio,

120 2882 241 2967 quippe
260 2901 331 2967 quae
352 2881 394 2947 ad
409 2881 638 2976 illustrandum
653 2887 756 2948 totam
773 2880 815 2946 de
829 2881 901 2946 soro
916 2882 1120 2964 competenti
1133 2887 1225 2947 matc-

120 2999 201 3066 riam
212 2998 356 3064 nonnihil
370 2998 529 3064 conferat.

127 3180 131 3186 .
168 3120 201 3180 1ο
217 3115 393 3196 Δ(1101110110
412 3114 623 3181 contrabatur
639 3114 834 3183 domicilium
850 3113 991 3196 originis.
1009 3148 1056 3162 -
1069 3114 1142 3177 Jam
1155 3111 1226 3178 diri·

119 3249 191 3297 mus
207 3232 339 3316 originis
352 3230 551 3297 domicilium
560 3231 698 3297 vocitari
710 3231 828 3306 locum,
839 3229 873 3293 in
888 3247 952 3314 quo
965 3227 1038 3312 quis
1055 3235 1154 3293 natus
1167 3235 1223 3308 est3

120 3342 179 3409 sed
193 3344 299 3409 minus
311 3351 461 3408 accurata
474 3350 526 3407 est
540 3343 596 3409 illa
607 3344 713 3426 notio,
728 3344 804 3427 quia
816 3342 909 3406 locus
927 3341 960 3405 in
974 3359 1040 3425 quo
1054 3340 1128 3425 quis
1140 3347 1225 3405 natus

118 3467 180 3534 est,
201 3479 264 3524 nec
281 3458 368 3524 solus
381 3477 443 3525 nec
462 3476 591 3540 semper
610 3459 777 3524 coustituit
790 3457 835 3535 id,
854 3456 943 3542 quod
956 3457 990 3520 in
1004 3455 1081 3541 jure
1101 3454 1225 3522 domici-

118 3575 196 3643 lium
211 3575 342 3658 originis
355 3574 485 3641 dicitur.
503 3575 583 3640 Nam
594 3582 696 3657 primo
709 3574 770 3638 hoc
785 3574 913 3639 nomine
928 3573 1021 3639 venit
1035 3572 1159 3658 injure
1173 3573 1226 3639 Ro·

118 3710 228 3770 mano,
240 3711 306 3756 non
320 3697 449 3756 tantum
462 3692 554 3756 locus
572 3692 607 3755 in
622 3709 687 3776 quo
701 3691 772 3773 quis
786 3689 852 3754 fuit
864 3689 899 3752 in
912 3689 1024 3755 lucem
1038 3687 1162 3768 editus,
1177 3684 1227 3753 scd

117 3817 153 3877 et
169 3811 261 3876 locus
282 3811 315 3873 in
336 3827 402 3893 quo
423 3809 524 3892 ipsius
544 3816 649 3891 pater,
672 3807 728 3873 rel
748 3808 845 3872 etiam
863 3806 962 3890 ipsius
979 3811 1142 3889 paternus
1158 3820 1228 3873 arus

116 3933 284 3993 natusest.
307 3925 441 3991 Constat
458 3925 530 4007 lege
545 3927 716 4005 Assumptio
736 3923 779 4010 (6,
799 3922 832 3987 ff.
854 3926 896 3986 ad
915 3920 1089 4007 municip),
1114 3929 1150 3988 et
1164 3922 1227 4004 lege

116 4046 210 4107 Filios
230 4042 273 4128 (3,
297 4040 427 4118 codiciS,
445 4043 482 4103 de
497 4044 644 4121 Musica'p.
664 4046 694 4102 et
709 4036 849 4122 cripta),
867 4045 902 4104 et
919 4038 992 4120 lege
1006 4041 1150 4103 Libertus
1166 4038 1224 4125 (17,

117 4163 133 4238 5
149 4162 181 4236 9,
199 4158 232 4225 ff.
252 4160 293 4222 ad
308 4153 480 4241 municip).
499 4156 544 4220 Ut
557 4163 668 4222 temen
685 4154 757 4240 quis
776 4174 837 4239 pro
853 4152 1015 4220 domicilio
1030 4155 1166 4238 originis
1179 4153 1226 4219 hr-

116 4275 194 4343 beat
207 4275 317 4341 locum
338 4275 373 4339 in
387 4292 452 4358 quo
468 4281 624 4358 paternus
644 4274 744 4355 ipsius
760 4290 842 4339 avua
856 4279 952 4337 natus
969 4279 1036 4348 est,
1056 4272 1227 4357 requiritur

116 4395 156 4465 ut
169 4388 426 4461 virente-,adbuc
443 4407 507 4454 aro
521 4396 613 4455 ortus
627 4389 682 4456 rel
699 4388 816 4471 saltem
835 4393 1015 4470 conceptus
1027 4386 1132 4459 tuerit
1146 4383 1225 4473 (ride
