2714 4980
543 286 622 335 unns
644 285 757 333 rurus.
1152 268 1211 331 167

97 429 208 497 presse
225 410 266 475 ab
280 428 321 474 eo
336 417 490 493 exceptas
503 408 725 475 declarassent
743 407 989 486 universitates,
1012 425 1140 473 necnon
1161 426 1215 472 or-

97 526 191 593 dines
217 527 427 610 regularium,
452 524 588 609 collegIa
604 524 787 602 doctorum,
804 530 839 590 et
853 523 1034 608 hospitalia,
1050 524 1135 588 utin
1148 523 1214 589 fine

97 643 187 710 citati
198 643 314 727 capitis
323 643 458 727 legitur.
1032 709 1037 719 ,

138 761 172 824 4.
199 756 317 842 Quoad
331 757 463 824 ordines
476 778 557 825 vero
576 757 847 836 mendicantium,
870 776 935 821 uon
956 763 1084 822 tantum
1109 757 1214 822 immi-

95 883 175 942 nuta
200 895 267 941 non
285 874 349 940 fuit
363 895 383 941 a
398 874 586 941 TridentIna
601 875 727 959 synodo
746 881 992 940 conservatores
1006 871 1149 938 habendi
1167 873 1215 938 ia-

96 988 218 1063 cultas,
243 986 304 1052 sed
326 1006 344 1052 e
366 991 481 1052 contra
496 986 647 1070 ampl'vata
662 992 711 1050 est
726 1004 788 1070 per
801 983 906 1050 bullas
923 985 1069 1068 Gregorii
1089 985 1166 1050 XIII
1180 993 1216 1050 et

95 1104 125 1168 S.
144 1104 196 1169 Pii
209 1105 257 1187 V3
274 1122 414 1190 quarum
436 1103 649 1169 substantiam
665 1103 710 1167 sic
729 1103 889 1167 contraxit
909 1100 1210 1184 Schmalzgrueber.

139 1242 156 1281 (ι
182 1224 301 1298 Primo,
321 1218 452 1284 ordines
466 1219 530 1296 isti,
546 1225 668 1301 praeter
679 1236 833 1301 personas
846 1236 944 1301 supra
959 1217 1145 1295 recensitas,
1164 1236 1215 1282 as-

97 1353 256 1402 «sumere
269 1335 304 1399 in
315 1333 444 1419 judices
463 1342 719 1411 conservatores,
738 1335 803 1399 imo
825 1339 860 1399 et
874 1332 1065 1410 ordinarios,
1083 1332 1127 1399 ad
1147 1351 1213 1399 ser·

95 1450 233 1517 avando
254 1459 290 1516 et
306 1450 429 1515 tuenda
450 1469 508 1515 sua
527 1450 603 1535 jura
625 1458 659 1516 et
679 1450 848 1535 privilegii
869 1457 1015 1532 possunt,
1037 1449 1136 1523 etiam
1161 1468 1213 1514 ca-

97 1568 259 1633 «nonicos
288 1568 611 1652 metropolitanarum
633 1568 688 1632 vel
714 1565 951 1633 cathedralium
979 1568 1209 1646 ecclesIarum,

96 1693 157 1763 net
175 1684 315 1753 vicarios
336 1672 661 1767 Archiepiscoporum
678 1683 733 1747 vel
756 1683 998 1767 Episcoporum
1011 1684 1044 1747 in
1062 1683 1213 1768 spiritua-

99 1800 222 1879 «libus,
241 1819 420 1885 eorumque
434 1798 585 1865 officiales
598 1799 766 1885 generales
783 1798 920 1865 ubilibet
939 1799 1142 1865 constitutos.

138 1920 324 1997 «Secundo,
345 1914 445 1981 iidem
465 1916 585 2001 eligere
607 1916 668 1981 sibi
691 1913 852 2000 ejusmodi
873 1922 1118 1981 conservatores
1141 1933 1212 1998 pos

100 2043 199 2100 vsunt
209 2036 244 2099 in
255 2033 514 2119 quibuscumque
524 2034 627 2099 causis
639 2034 707 2099 siue
722 2032 951 2110 criminalibus
965 2032 1032 2098 sive
1047 2032 1206 2111 civilibus

99 2151 190 2217 «sire
209 2149 330 2239 mixtis,
348 2150 416 2214 sive
435 2156 561 2214 actores
575 2151 648 2228 sint,
668 2149 736 2215 sive
756 2148 827 2214 Rei.

135 2272 282 2349 «Tertio,
310 2274 557 2334 conservatores
571 2269 617 2331 sic
639 2266 796 2351 assumpti
820 2284 1015 2351 cognoscere
1034 2267 1208 2333 summarie

98 2391 153 2479 ¹«et
168 2381 356 2470 procedere
380 2382 448 2447 sine
463 2383 604 2467 strepitu
621 2380 767 2467 judiciali
782 2387 928 2466 possunt,
950 2401 1015 2447 non
1033 2390 1160 2449 tantum
1173 2383 1209 2448 in

96 2522 109 2558 v
118 2500 225 2595 causis
239 2498 428 2577 mordeatis,
447 2497 619 2565 sedetiam
633 2498 666 2563 iu
680 2498 719 2563 ijs
733 2517 803 2585 quae
815 2496 1004 2582 judicialem
1020 2497 1207 2585 indaginem

95 2616 305 2703 irequirunt.

131 2755 150 2796 c
163 2737 293 2814 Quarto,
305 2728 406 2796 iidem
418 2735 662 2796 conservatores
671 2729 759 2796 ultra
767 2750 865 2796 unam
873 2729 1014 2809 diaetam,
1023 2747 1088 2794 non
1096 2738 1206 2796 tamen

95 2871 100 2906 v
113 2850 207 2918 ultra
223 2856 292 2915 tres
307 2846 418 2913 diaetas
434 2855 527 2913 extra
541 2848 743 2931 provinciam
759 2856 869 2931 partes
883 2849 983 2914 citare
998 2853 1144 2933 possunt.

124 2989 144 3029 a
159 2971 287 3047 Quinto,
305 2970 483 3049 possunt...
504 2964 592 3030 vices
606 2983 680 3029 suas
693 2964 762 3041 aliis
779 2965 982 3031 committere
997 2970 1031 3030 et
1051 2961 1204 3030 subdele-

108 3070 208 3171 gare.

124 3224 141 3259 a
155 3202 266 3278 secto,
293 3216 406 3263 eorum
431 3195 616 3282 jurisdictIo
638 3196 736 3262 etiam
765 3195 874 3283 quoad
900 3198 1032 3282 negotia
1057 3195 1203 3264 nondum

106 3323 238 3403 caepta,
252 3315 318 3395 imo
330 3313 441 3380 futura
456 3321 596 3394 tantum,
609 3320 714 3379 morte
728 3313 937 3381 concedentis
948 3335 1014 3383 non
1029 3315 1168 3401 expirat.
1183 3338 1199 3378 a

95 3437 128 3501 [n
146 3431 286 3499 titulum
301 3433 354 3508 29,
372 3430 448 3496 libri
467 3433 479 3495 l
504 3429 644 3509 decret,
660 3449 693 3493 n.
710 3427 778 3515 54.)

122 3573 142 3610 u
171 3545 239 3639 Sed
259 3546 326 3612 boec
342 3547 449 3612 omnia
467 3545 570 3632 (addit
587 3546 710 3611 ibidem
725 3549 842 3612 citatus
855 3541 979 3633 auctor)
992 3550 1202 3635 intelligenda

106 3668 193 3728 sunt
205 3678 281 3725 cum
291 3656 512 3725 moderatione
528 3677 625 3743 quarn
636 3658 669 3722 iu
680 3659 829 3742 pluribus
840 3659 919 3726 fecit
931 3662 1105 3745 Gregorius
1113 3663 1196 3741 XIV,

109 3775 348 3847 constitutione
364 3794 435 3863 quae
447 3776 559 3860 incipit
572 3781 784 3841 sanctissimos
799 3779 841 3842 20
854 3778 1047 3863 septembris
1064 3781 1160 3843 1621.
1180 3801 1197 3838 u

95 3904 129 3963 te
150 3913 220 3983 quo
238 3893 366 3977 plenius
389 3894 422 3958 in
444 3899 589 3961 tractatu
609 3893 651 3962 de
666 3893 836 3961 ordinibus
849 3901 883 3962 et
898 3893 1200 3981 congregationibus

95 4011 241 4099 eligiosIs
258 4008 464 4078 disseremus.
