2714 4980
151 296 193 370 ld
356 298 358 302 ”
493 306 746 367 ranorlms'on
767 308 916 367 tuorcus.

153 479 166 503 ι
181 446 303 534 Siquid
320 445 377 534 (ait
390 441 503 529 Engel)
520 443 593 529 jure
608 444 911 511 canonicodubium
924 449 958 510 et
969 443 1144 511 obscurum
1168 444 1261 532 (sicut

151 595 164 621 «
177 565 358 650 praesertim
369 562 454 628 circa
465 566 653 662 contractus
663 569 697 627 et
707 569 803 645 pacta
813 580 984 647 perpaucae
998 563 1119 629 suntin
1132 561 1261 627 canoni·

149 711 163 738 «ι
177 683 238 748 bus
251 676 453 765 decisiones),
466 677 539 765 jure
553 655 663 745 autem
675 655 911 765 civili'clarum;
925 678 1060 766 ejusque
1070 678 1205 745 materia
1219 678 1261 744 sit

150 798 323 894 gprofanm
340 817 405 864 non
419 795 604 882 spiritrmlis
620 795 654 864 in
665 795 737 862 foro
753 796 967 866 ecclesiastico
983 796 1080 863 etiam
1093 793 1163 882 juri
1174 793 1260 878 cirili

147 889 165 970 ἀ
180 891 271 981 locus
285 919 345 980 est.
368 943 382 969 »
408 911 628 1000 (Prooemium,
647 931 680 975 n.
699 909 766 996 19.)
1163 898 1191 906 N
1253 892 1258 905 ⁵

189 1032 350 1098 Consonat
363 1033 532 1115 Fagnanus
548 1029 592 1118 (in
607 1034 704 1113 caput
718 1025 776 1118 qui
784 1026 1001 1120 presbyterum
1016 1033 1048 1109 2,
1063 1029 1150 1096 tituli
1162 1032 1204 1096 38
1219 1024 1257 1094 de

143 1143 342 1214 Poenitmtiis
356 1156 384 1213 et
396 1142 502 1226 nemis,
518 1166 551 1211 n.
568 1143 622 1232 34)
641 1169 647 1212 :
667 1175 681 1201 «
694 1148 819 1212 etiamsi
831 1147 915 1214 dicta
926 1148 980 1215 lex
990 1166 1054 1212 non
1064 1141 1199 1212 dubium
1212 1142 1255 1233 (ll

146 1265 238 1332 «non
265 1271 351 1331 esset
379 1254 574 1349 specialiter
591 1264 794 1343 canonizata,
813 1254 919 1331 adbuc
944 1257 1068 1331 tamen
1084 1262 1258 1347 obligasset

145 1385 304 1449 nemaeo:
322 1384 396 1467 quia
412 1380 465 1467 jus
483 1383 672 1447 canonicum
687 1382 811 1460 statuit,
832 1375 870 1448 ut
887 1384 920 1447 in
933 1383 993 1462 his,
1010 1382 1173 1468 inquibus
1190 1401 1255 1448 non

145 1531 158 1557 n
173 1509 223 1567 est
236 1500 433 1567 contrarium
447 1518 599 1584 expresse
616 1498 808 1584 dispositum
820 1519 882 1584 per
897 1519 1004 1566 sacros
1019 1519 1168 1578 canones,
1189 1515 1257 1565 sera

144 1647 159 1673 α
175 1625 272 1683 vetur
285 1616 338 1702 jus
355 1617 468 1695 civile,
484 1622 523 1682 ut
535 1617 569 1680 in
586 1617 692 1700 capite
711 1612 922 1684 {mollescimus
946 1621 975 1696 l,
994 1613 1032 1682 de
1046 1612 1134 1682 Noui
1152 1612 1256 1705 operis

139 1762 162 1788 n
174 1728 448 1816 nuntiatione3et'
460 1732 505 1797 ibi
520 1750 632 1798 omnes
645 1733 854 1817 interpretes.
874 1762 888 1790 ι
1141 1730 1142 1733 ’

183 1849 275 1915 Idem
294 1869 359 1914 non
378 1851 484 1913 minus
502 1866 654 1932 expresse
674 1848 774 1915 tradit
797 1852 964 1936 Fagnanus
989 1851 1034 1939 (in
1061 1858 1161 1934 caput
1184 1869 1255 1917 cum

137 1986 212 2033 esses
234 1969 285 2045 10,
304 1966 392 2031 tituli
408 1969 449 2031 26
464 1961 502 2030 de
520 1962 732 2046 Testamentis,
749 1967 825 2033 libri
839 1971 857 2034 3
872 1968 1095 2045 decretalium,
1114 1988 1147 2032 n.
1171 1971 1212 2034 18
1223 1967 1252 2053 l:

134 2111 156 2140 2«
171 2087 347 2162 Praeterea,
364 2084 478 2168 inquit,
500 2083 696 2170 ubicumque
710 2105 776 2151 non
790 2087 957 2170 reperitur
968 2087 1073 2172 aliqua
1089 2084 1255 2170 dispositio

137 2227 156 2255 2«
170 2201 255 2285 juris
264 2201 366 2266 civilis
377 2218 528 2283 expresse
542 2202 711 2266 immutata
723 2221 741 2266 a
751 2200 825 2286 jure
837 2205 1002 2281 canonico,
1018 2221 1083 2267 non
1094 2201 1254 2268 debemus

132 2331 156 2372 ·«
170 2317 326 2383 inducere
347 2315 595 2399 discrepantiam
614 2318 702 2382 inter
719 2316 772 2403 jus
796 2303 986 2384 canonicum
1009 2326 1043 2385 et
1063 2319 1115 2404 jus
1133 2320 1250 2386 civile:

133 2433 235 2500 <nimo
251 2435 306 2503 lex
322 2433 424 2498 civilis
442 2433 566 2498 servari
585 2431 687 2500 debet
702 2437 798 2500 etiam
814 2437 847 2500 in
867 2436 940 2502 foro
960 2437 1120 2515 Ecclesia,
1144 2444 1183 2502 ut
1201 2457 1253 2502 oa-

129 2565 156 2606 “«
171 2552 239 2635 pite
253 2535 463 2615 intellectibus
480 2551 510 2627 1,
534 2545 572 2614 de
594 2544 684 2614 Noai
705 2547 809 2639 aperis
829 2548 1049 2629 nuntiationem
1066 2560 1100 2618 et
1121 2552 1167 2618 ibi
1188 2551 1253 2618 Ab·

129 2665 157 2722 s·‹'‹
171 2667 272 2734 bas...·
286 2665 470 2733 Andreas...'
488 2672 521 2730 et
534 2666 587 2730 alii
600 2668 850 2733 communiter.»

128 2781 144 2824 ·”
182 2786 446 2852 ItemSuaresius
463 2779 671 2872 (delenitus,
688 2784 746 2850 lib.
765 2804 813 2865 ιιι,
829 2805 899 2870 cap.
918 2791 950 2866 8,
963 2808 995 2852 ιι.
1013 2785 1046 2872 3)
1058 2789 1196 2873 loquens
1209 2790 1250 2855 dc

125 2896 234 2989 ξἐ”ιιριιί
249 2905 347 2969 citato
365 2902 470 2986 capite
496 2897 732 2969 intelleximus:
764 2934 776 2959 a
795 2905 859 2987 Qui
877 2912 988 2970 textus
1004 2926 1068 2972 non
1084 2905 1127 2971 de
1146 2908 1250 2972 causis

123 3031 154 3077 ”n
179 3019 413 3106 temporalibus
435 3018 495 3086 sed
517 3018 560 3086 de
587 3021 809 3086 ecelesiasticis
827 3021 991 3108 loquitur;
1011 3031 1046 3088 et
1063 3013 1172 3108 quoad
1188 3023 1248 3090 hoc

123 3149 153 3195 ’κ
180 3115 417 3205 εειιριῖἀθρθι
431 3118 466 3200 in
480 3137 718 3221 totaltoclesia;
737 3139 811 3223 quia
821 3139 854 3202 in
866 3138 915 3204 his
923 3141 1026 3206 causis
1037 3139 1159 3226 ubique
1171 3141 1248 3208 sub-

139 3284 153 3312 «
175 3255 262 3343 jecta
277 3261 328 3320 est
340 3253 407 3339 juri
421 3255 586 3333 canonico,
606 3262 639 3320 et
657 3256 701 3320 ita
720 3256 818 3321 etiam
831 3259 880 3322 uti
896 3257 997 3325 debet
1011 3258 1113 3337 civili,-
1132 3268 1247 3346 quate·

125 3398 152 3429 ·«
176 3348 297 3438 nasibi
312 3378 361 3437 est
376 3372 610 3436 canonizatum.
635 3401 649 3426 ι»
670 3370 764 3437 Unde
783 3368 931 3440 Suaresio
950 3375 1087 3442 dubium
1111 3397 1176 3443 non
1196 3385 1245 3445 est

124 3467 327 3558 servandum
341 3489 376 3554 in
393 3488 465 3554 foro
484 3489 700 3555 ecclesiastico
715 3492 733 3557 J
736 3492 951 3558 ustinianeum
964 3492 1017 3579 jus
1038 3491 1074 3559 in
1090 3505 1243 3582 quantum

119 3606 172 3707 “est
183 3600 405 3706 canonizatum
416 3623 478 3689 per
493 3604 694 3671 decretalem
705 3603 933 3674 Intelleximus.
955 3612 1243 3696 Decretalisporro

89 3710 92 3714 i
120 3727 184 3793 'illa
210 3723 312 3814 (juxta
335 3734 537 3790 communem
557 3701 730 3790 doctorum
745 3726 1073 3814 interpretationem),
1091 3731 1243 3805 luscinia

116 3828 227 3937 ’neum
247 3840 300 3926 jus
323 3841 489 3906 canonizat
510 3838 555 3927 (id
575 3850 625 3906 est
639 3842 869 3926 applicandum
885 3844 1044 3931 decernit)
1063 3838 1171 3932 quoad
1188 3858 1242 3913 ea's

119 3959 296 4026 'dumtaxat
319 3955 516 4023 dirimendas
535 3959 742 4042 qrraestiones,
758 3959 806 4025 de¹
822 3962 941 4046 quibus
959 3964 1004 4027 nil
1027 3966 1194 4048 reperitur
1208 3968 1240 4031 in

84 4147 85 4150 ,
124 4055 215 4143 sacro
230 4075 303 4161 jure
322 4058 523 4159 dispositum.

109 4322 130 4437 Ἰ
158 4358 192 4422 (t)
209 4355 350 4435 liamlegem
363 4357 434 4439 habes
448 4357 471 4404 in
484 4353 563 4417 codice
572 4356 725 4420 lastinianeo,
737 4359 782 4408 sub
791 4373 887 4409 numero
900 4364 924 4422 t,
937 4363 996 4435 titali
1009 4366 1039 4430 tt
1051 4364 1082 4415 de
1094 4355 1202 4432 lepidus
1218 4374 1240 4419 et

110 4452 279 4515 ‘corut.·‚·librl
294 4456 317 4501 t.
341 4467 344 4471 ¹
398 4466 404 4473 ⁹
