2714 4980
460 311 648 363 moinus
670 315 714 363 DE
735 313 884 362 molens.

631 580 714 660 sv.

126 809 163 860 Au
188 815 213 858 ct
235 809 259 858 in
283 810 336 859 eliis
362 816 446 874 prator
469 809 626 875 episcopalem
650 809 723 860 curiis
749 807 915 860 ecclesiasticis
935 809 1061 858 Promotou
1093 807 1181 856 ticcelis
1202 808 1228 856 sit

579 903 774 955 consutucndust

159 1113 389 1199 dduotendum
403 1131 457 1198 hic
473 1132 644 1212 voluimus,
663 1150 728 1198 non
755 1137 882 1197 tuntum
903 1132 937 1196 in
953 1132 1115 1216 Episcopi,
1132 1131 1234 1198 Archi-

116 1247 503 1334 episcopique,Primatis,
513 1256 547 1314 et
558 1246 755 1314 Potriurchoe
766 1246 868 1324 curio,
879 1265 948 1313 esse
957 1248 1119 1324 Fisculem
1128 1251 1234 1314 consti-

116 1361 301 1442 tuendum,
330 1362 390 1428 sed
423 1370 458 1429 et
486 1364 522 1429 in
548 1363 691 1429 Concilio
722 1361 934 1447 provinciali,
967 1363 1105 1448 aliisque
1144 1365 1234 1430 curiis

116 1478 351 1545 ecclesiasticis.
366 1481 447 1546 Nem
461 1487 495 1546 et
510 1480 557 1545 ibi
571 1498 767 1564 magnopere
785 1477 929 1563 expedit,
940 1487 980 1545 ut
994 1482 1068 1564 quis
1078 1499 1123 1546 ex
1140 1480 1233 1546 officio

115 1592 215 1659 instet
235 1612 298 1678 pro
315 1595 424 1678 legum
439 1595 731 1663 ecclesiasticorum
751 1594 991 1672 observatione,
1007 1603 1043 1662 et
1057 1602 1234 1681 truusgres

117 1707 242 1775 donum
261 1709 440 1777 vindictum
453 1709 593 1797 juridice
613 1718 840 1796 persequetur.
858 1708 899 1776 Et
910 1690 1043 1795 quondo
1056 1731 1164 1779 muse
1178 1712 1233 1778 cri·

116 1825 250 1894 minues
270 1826 304 1891 in
321 1824 483 1910 ejusmodi
495 1827 594 1892 curiis
608 1825 818 1911 expedieudae
833 1834 919 1905 sunt,
940 1825 1062 1894 eedem
1080 1835 1134 1896 est
1146 1848 1184 1896 ec
1201 1829 1231 1893 iu

117 1941 208 2007 curio
233 1941 407 2027 episcopali
428 1920 632 2010 Promotcris
655 1941 774 2009 fiscalis
798 1942 994 2020 necessitas,
1020 1948 1123 2029 etque
1151 1942 1232 2011 idem

118 2054 266 2126 officium.

626 2293 641 2365 S
667 2289 723 2354 vl.

349 2508 411 2569 Quid
438 2509 486 2559 siut
510 2509 615 2561 advocati
640 2511 745 2561 Fiscoles
761 2511 902 2575 episcopatis
924 2513 1002 2563 cuno¹

161 2737 355 2822 contingere
368 2743 488 2821 potest,
503 2744 542 2803 ut
556 2757 597 2803 ex
615 2756 786 2807 causarum
799 2740 898 2808 nimio
910 2758 1060 2818 numero,
1075 2742 1182 2808 unove
1195 2741 1233 2807 do

114 2869 221 2928 nemo,
239 2854 411 2919 Promotor
423 2851 542 2918 fiscalis
562 2863 705 2939 nequent
719 2872 780 2938 per
795 2856 937 2940 seipsum
951 2864 1160 2940 opportunos
1175 2875 1232 2940 pro

115 2974 210 3052 porte
226 2968 310 3034 Fisci
325 2966 531 3034 defensiones
547 2987 657 3035 eoram
674 2970 830 3038 tribunali
844 2991 1012 3056 perorare.
1032 2974 1119 3040 Hinc
1132 2973 1233 3040 sibiiu

116 3083 272 3151 auxilium
288 3093 383 3150 vocet
400 3093 573 3168 patronum
582 3088 650 3153 sive
668 3085 875 3167 advocatum,
894 3090 1002 3174 quiex
1020 3089 1170 3175 hoeipso
1180 3087 1233 3156 ed·

118 3206 253 3264 vocotus
272 3199 389 3266 fiscum
403 3198 535 3265 dicitur.
557 3201 605 3267 Ex
617 3201 720 3268 liberi
734 3210 844 3268 nutem
860 3204 1008 3287 Episcopi
1024 3202 1232 3287 dispositione

118 3315 252 3400 pendet,
275 3324 312 3382 ut
325 3317 353 3382 is
368 3318 468 3399 possit
485 3335 545 3400 pro
571 3318 706 3385 arbitrio
725 3319 922 3387 Promotoris
944 3319 1062 3386 fiscalis
1083 3321 1233 3406 eiigi,vel

118 3430 289 3511 dumtaxat
324 3431 411 3499 iuter
442 3439 551 3501 certos
575 3432 744 3518 quosdam,
770 3420 840 3518 pro'
857 3434 1018 3521 ejusmodi
1049 3435 1156 3506 officio
1182 3455 1234 3520 ep

117 3546 283 3638 probatos.
