2714 4980
137 288 202 371 246
482 299 669 351 rumoridus
690 303 736 349 nn
756 303 904 352 runicus.

137 425 270 492 dicitur.
289 426 375 509 Ergo
387 442 453 490 non
468 419 566 488 datur
579 425 795 507 competentia
808 426 941 511 proprie
956 425 1045 494 dicta
1058 429 1158 494 nisiin
1169 447 1220 512 per
1277 449 1278 459 ¹

137 562 231 610 sonas
241 542 337 606 simul
352 548 386 605 et
402 540 547 624 ipsarum
565 557 704 604 causam.

181 658 227 724 Ut
242 664 352 722 autem
374 655 533 720 habeatur
554 655 771 736 competentia
793 655 901 740 quoad
924 676 1092 741 personas,
1111 660 1180 724 satis
1192 668 1224 725 cst

137 772 252 840 haberi
265 769 373 857 quoad
387 771 506 852 Reum;
527 774 577 834 est
591 769 678 834 enim
694 771 855 852 generalis
867 779 902 837 et
920 774 1053 840 omnino
1071 782 1159 840 certo
1169 774 1225 860 juris

136 889 261 973 regula,
281 887 433 952 rictorem
445 885 538 968 sequi
550 884 659 949 forum
674 886 746 951 Rei.

140 1034 150 1039 ··
183 1004 242 1069 ΠΙ.
257 1007 474 1084 >competentia
487 1008 533 1063 cst
549 1021 674 1082 sempe,
692 1005 741 1066 uel
753 1007 922 1084 ordinario,
945 1007 994 1069 vel
1011 1008 1229 1070 extraordinario

130 1119 319 1200 jurisdictio.
336 1149 382 1163 -
395 1114 476 1178 Nam
490 1131 532 1177 ex
550 1111 647 1178 dictis
673 1117 891 1199 competentia
911 1116 1001 1184 idem
1015 1124 1068 1183 est
1082 1137 1119 1183 uc
1130 1117 1229 1203 jnrodi

138 1230 288 1316 ctio;sed
294 1229 475 1317 jurisdictio
484 1228 653 1313 adaequate
664 1227 767 1295 dividi
778 1233 1152 1315 potestinordiuoriom,
1162 1251 1229 1318 quun

139 1366 257 1430 nempe
269 1331 369 1413 hahet
381 1344 484 1431 judex
502 1364 544 1411 ex
558 1345 629 1429 ipso
643 1346 788 1419 muneris
802 1348 853 1413 sui
869 1348 978 1427 titulo,
992 1357 1028 1415 et
1041 1349 1077 1415 iu
1091 1350 1232 1417 eatrccrd'e

140 1470 272 1545 acrium,
292 1481 363 1549 quas
390 1460 521 1527 aliunde
545 1461 608 1547 ipsi
633 1461 801 1529 confertur
827 1484 834 1531 :
863 1483 942 1549 ergo
966 1466 1182 1551 competentia
1200 1472 1233 1535 ast

140 1598 283 1665 semper,
301 1577 356 1642 vel
370 1575 543 1656 ordinaria,
572 1577 627 1643 vel
641 1577 899 1649 extraordinaria
910 1578 1107 1667 jurisdictio.

142 1675 150 1781 J
185 1697 228 1765 Et
245 1695 321 1763 hinc
337 1701 429 1779 patet
443 1693 665 1777 questionem,
683 1713 724 1757 oc
736 1700 804 1775 quis
823 1700 865 1759 stt
884 1705 1065 1779 competens,
1089 1697 1235 1769 resoluit

141 1815 246 1890 istam,
260 1831 301 1876 an
315 1812 386 1896 quis
395 1808 654 1896 jurisdictionem
669 1809 738 1876 sive
754 1810 952 1879 ordinariam
963 1815 1033 1879 sive
1045 1812 1236 1889 extraordin-

141 1931 222 1997 riam
239 1929 357 1995 habeat
370 1928 404 1991 iu
415 1927 514 1995 talem
527 1926 644 1993 talium
659 1945 873 2011 personarum
885 1947 1027 1997 causam.

188 2042 360 2127 Quande
380 2043 598 2129 competentia
617 2042 782 2111 notionem
802 2043 863 2113 hoc
883 2042 982 2112 modo
1004 2044 1040 2109 in
1063 2052 1239 2113 antecessum

144 2160 363 2229 determinare
375 2158 483 2237 libuit,
493 2165 530 2222 ut
540 2157 664 2225 facilior
675 2165 880 2227 sterneretur
889 2158 1238 2244 viaaddiguoscendum

146 2281 293 2365 quisnam
306 2278 340 2342 in
353 2294 546 2361 unaquaque
565 2295 661 2344 causa
680 2277 721 2342 sit
736 2275 842 2361 judex
857 2285 1059 2363 competens.
1077 2279 1170 2347 Nunc
1178 2276 1241 2345 antu

146 2401 255 2485 potest
269 2390 440 2458 difficultas
454 2390 502 2456 -ad
519 2390 644 2474 duplex
660 2392 721 2458 hoc
741 2394 910 2478 quesitum
926 2391 1070 2459 reduci:
1091 2397 1124 2458 1⁰
1140 2409 1242 2479 quomo

148 2512 196 2583 do,
211 2510 357 2595 dignosci
373 2509 474 2592 possit
490 2513 602 2575 unum
621 2509 692 2594 quis
705 2511 956 2593 competentium
973 2509 1096 2577 habeut
1119 2511 1151 2577 vi
1169 2507 1241 2594 juste

148 2627 297 2699 dictionis
313 2622 596 2709 extraordinariae3
614 2627 647 2690 2⁰
664 2624 827 2710 quomodo
841 2631 995 2701 constare
1013 2626 1097 2697 item
1115 2626 1241 2713 positu
1276 2658 1278 2725 ξ

151 2747 222 2833 quis
236 2749 424 2827 competens
443 2741 485 2807 sit
504 2761 546 2808 ex
562 2743 597 2808 vi
610 2740 779 2809 ordinaria
803 2740 1049 2827 jurisdictionis.
1075 2744 1127 2815 De
1148 2737 1241 2831 quoin
1276 2728 1278 2811 ῗ

151 2859 360 2949 sequentibus
378 2856 548 2957 capitibus.
1276 2862 1278 2871 '

607 3138 744 3206 CAPUT
763 3141 822 3206 ΠΙ.

155 3404 316 3472 QUOMODO
336 3410 489 3460 nicnosci
510 3408 620 3458 Possm
637 3408 751 3456 cunum
770 3408 846 3469 QUIS
864 3405 1120 3456 consumpturum
1141 3399 1243 3454 must

396 3529 431 3574 VI
454 3524 744 3575 sufflonnmsmm
766 3520 1031 3573 Junisnlcnoms.
1106 3560 1112 3571 .

198 3789 244 3854 Ut
262 3787 473 3874 dignoscatur
489 3805 531 3851 an
541 3786 614 3873 quis
629 3805 670 3853 cx
677 3783 900 3870 jurisdictione
917 3783 1172 3857 extraordinaria
1183 3797 1249 3849 com

154 3911 271 3991 petens
284 3902 388 3990 judex
402 3903 455 3982 sit,
474 3900 710 3987 explorandum
724 3909 785 3980 est,
799 3921 840 3966 an
847 3901 909 3984 ipsi
923 3909 1089 3987 competat
1103 3899 1208 3991 uliquis
1220 3912 1251 3967 et

154 4020 258 4087 titulis
272 4019 389 4104 quibus
404 4017 563 4103 ejusmodi
573 4017 754 4103 jurisdictio
773 4017 965 4103 acquiritur,
978 4026 1014 4084 et
1023 4019 1159 4102 iusuper
1172 4035 1208 4083 an
1218 4011 1252 4080 sit

155 4136 311 4221 acquisita
324 4133 508 4220 jurisdictio
522 4153 675 4218 suspense
695 4134 925 4212 meminerit,
947 4142 1006 4200 aut
1022 4135 1122 4201 etiam
1134 4133 1251 4203 cubuc.

158 4251 267 4319 Omnis
280 4260 390 4317 autem
405 4249 588 4337 jurisdictio
615 4249 879 4327 extraordinaria,
900 4250 1094 4336 acquiritur,
1113 4250 1167 4319 rel
1181 4246 1255 4317 dele

156 4371 296 4464 godone,
323 4370 376 4436 vel
396 4370 635 4454 prorogatione,
660 4371 712 4435 vel
734 4389 836 4435 cauom
861 4370 1073 4448 connexione,
1092 4369 1146 4439 vel
1160 4383 1256 4435 recou
