2714 4980
526 318 606 368 raas
626 317 740 367 nnana.
1152 305 1188 368 bl

79 445 251 511 sententia.
275 444 433 512 coercere
452 451 563 511 autem
579 463 674 529 posse
696 442 873 511 Ecclesiam
890 440 964 528 jure
979 444 1113 528 proprio
1132 463 1194 530 per

77 562 277 645 temporales
294 570 329 629 et
347 562 532 646 corporales
552 581 675 646 pennas,
694 560 789 630 verbi
808 561 922 645 gratia,
935 580 997 645 per
1013 581 1189 644 carcerem,

76 677 340 762 flagellationem,
363 679 511 758 mulctas,
534 679 666 747 exilium
688 683 722 744 et
743 677 821 745 alins
841 676 1026 763 hujusmodi
1050 678 1194 747 animad-

76 795 253 875 versiones,
271 816 337 863 non
356 795 545 863 admittunt.

116 913 240 980 Contra
254 915 439 998 opinionem
450 914 538 981 illam
551 914 657 999 posita
670 918 719 980 est
733 911 830 999 hujus
844 915 958 997 capitis
969 912 1080 994 thesis,
1095 934 1192 1000 quam

76 1031 228 1115 sequenti
246 1039 514 1116 argumentorum
543 1032 628 1100 serie
644 1050 757 1099 veram
771 1030 958 1114 probamus.

600 1283 667 1361 51.

423 1479 592 1564 Argumentum
605 1507 641 1550 est
655 1500 765 1551 Ecclesia
777 1502 854 1564 praxi.
898 1570 901 1574 .

115 1730 262 1797 Ecclesia
285 1751 304 1796 a
328 1730 440 1814 primis
461 1731 513 1797 sni
533 1731 630 1798 initiis
652 1731 1020 1797 excommunicationum
1042 1751 1139 1816 poena
1162 1733 1196 1801 iu

73 1847 304 1933 delinquentes
315 1867 373 1915 usa
389 1854 440 1914 est
455 1871 463 1914 :
480 1848 769 1914 excommunicatio
784 1856 895 1914 autem
909 1856 980 1914 erat
995 1848 1090 1916 simul
1102 1854 1137 1914 et
1147 1850 1196 1915 in-

64 1963 203 2030 divisim
213 1983 310 2049 poena
319 1965 507 2048 temporalis
518 1987 525 2031 :
537 1985 612 2031 num
622 1964 920 2031 excommunicatus
930 1965 1053 2030 honore
1065 1973 1099 2031 et
1111 1964 1196 2032 fama

65 2080 216 2155 cadebat
229 2081 318 2166 apnd
331 2082 523 2168 catholicos;
540 2081 691 2168 aquibus
707 2101 825 2165 nempe
838 2088 993 2166 tanquam
1006 2081 1196 2149 malefactor

60 2193 276 2284 habebatur;
293 2218 356 2265 nec
377 2207 506 2265 tantum
523 2199 617 2264 lamae
634 2197 867 2265 detrimentum
887 2198 984 2265 hodie
1001 2200 1128 2286 patitur
1140 2201 1196 2285 qui

55 2333 88 2382 a
112 2316 273 2382 tribunali
295 2317 442 2384 saeculari
463 2318 605 2383 criminis
628 2337 705 2383 rens
725 2317 909 2384 declaratus
929 2325 997 2396 est,
1016 2336 1114 2402 quam
1139 2319 1196 2403 qni

53 2433 237 2517 prioribus
244 2434 395 2500 Ecclesiae
412 2435 537 2501 saeculis
553 2436 883 2501 excommunicatione
895 2435 1111 2519 plectebatur.
1124 2436 1195 2503 lam

41 2566 153 2618 mero
168 2550 290 2617 lamam
311 2572 382 2618 esse
402 2552 524 2618 bonum
544 2554 724 2637 temporale
738 2552 874 2637 negabit
889 2554 1010 2619 nullus.
1029 2554 1194 2622 Praeterea

48 2669 363 2736 excommunicatio
372 2688 497 2736 secum
515 2670 668 2736 trahebat
692 2678 863 2736 externam
880 2669 1042 2755 quandam
1064 2689 1193 2754 separa-

48 2787 195 2855 tionem
212 2807 232 2853 a
250 2788 413 2855 societatis
424 2787 571 2855 fidebam
585 2789 764 2854 consortio:
779 2789 835 2855 illa
850 2795 960 2854 autem
978 2789 1139 2872 separatio
1157 2797 1192 2855 et

47 2903 109 2970 ab
121 2903 267 2970 Ecclesia
278 2902 397 2990 ejectio
406 2913 479 2974 erat
487 2904 636 2991 profecto
647 2925 743 2990 poena
751 2905 932 2999 ¹corporalis
945 2912 978 2971 et
988 2905 1187 2989 temporalis,

39 3037 130 3107 qun
151 3024 466 3103 excommunicatus,
492 3025 699 3110 quantumvis
721 3025 859 3104 invitm,
880 3021 1055 3088 efficaciter
1075 3021 1191 3088 afficie-

45 3131 177 3207 batur.
196 3140 282 3224 Ergo
301 3141 371 3224 ipse
387 3142 754 3209 excommunicationum
769 3161 847 3207 usus
863 3140 996 3225 probat,
1014 3141 1189 3211 Ecclesiam

51 3256 129 3323 sibi
151 3263 315 3340 perpetuo
341 3258 491 3325 tribuisse
518 3278 580 3343 per
602 3278 715 3344 poenas
735 3259 932 3342 temporales
950 3265 984 3324 et
1003 3259 1189 3344 corporales

52 3371 243 3441 coercendi
254 3380 465 3457 potestatem.

65 3544 71 3554 .
112 3490 235 3557 atvero
250 3509 317 3558 non
335 3492 702 3559 excommunicationum
724 3492 907 3572 dumtaxat,
924 3489 985 3559 sed
1002 3497 1036 3558 et
1050 3493 1186 3561 aliarum

64 3622 238 3688 poeunrum
248 3606 396 3675 abinitio
408 3627 486 3675 usus
501 3609 535 3675 in
549 3609 690 3676 Ecclesia
704 3611 819 3694 viguit.
838 3611 866 3675 N
868 3629 919 3675 am
931 3610 963 3675 in
975 3611 1110 3676 clericos
1123 3591 1185 3678 criss

73 3723 160 3792 minis
168 3725 333 3792 convictos
345 3724 557 3810 depositione,
570 3747 628 3794 seu
639 3728 819 3812 privatione
831 3726 933 3805 officii,
946 3727 1182 3795 substractione

74 3836 243 3921 motuum,
255 3861 314 3909 sen
324 3841 480 3926 stipendii
488 3845 614 3910 ratione
627 3847 769 3911 muneris
780 3844 904 3911 eisdem
913 3844 1027 3924 debiti,
1040 3853 1074 3911 et
1085 3846 1182 3912 etiam

82 3950 298 4040 degradatione
315 3959 647 4029 animadvertebatur.
664 3965 728 4029 Eas
739 3969 849 4030 autem
861 3982 974 4048 poenas
987 3963 1182 4046 temporales

85 4076 110 4134 rt
120 4077 296 4160 corporales
309 4077 409 4143 fnisse
426 4079 499 4163 quis
512 4099 577 4146 non
591 4078 728 4146 videat?

117 4187 328 4274 Nihilominus,
360 4213 436 4261 cum
462 4202 615 4263 auctores
632 4197 689 4282 qni
708 4195 859 4262 Ecclesiae
882 4193 1046 4279 denegant
1073 4203 1182 4280 potes·

89 4305 169 4375 litem
183 4331 244 4396 per
258 4331 371 4396 poenas
380 4317 555 4398 corporales
575 4323 605 4380 et
617 4316 793 4398 temporales
806 4312 990 4393 coercendi,
1005 4313 1064 4380 hac
1080 4313 1182 4383 denu-

91 4420 237 4499 mimdone
252 4430 582 4518 intelligentemque
597 4431 724 4499 directe
739 4450 858 4518 corpus
872 4431 927 4497 vel
942 4431 1028 4497 bona
1042 4432 1181 4501 fortunae

10 4548 34 4911 l
