2714 4980
118 301 184 364 278
452 315 641 365 mortuus
665 317 710 364 nn
735 317 884 366 sumens.

117 455 190 502 rum
202 436 374 514 sententia,
387 436 575 520 religiosum
584 439 765 524 quemlibet
778 439 978 506 domicilium
987 441 1220 515 laberein'lcm

116 548 304 615 monasterii
314 548 368 613 cui
383 545 651 634 adscriptorum
668 570 708 617 ac
730 570 945 634 perseverare
958 553 1125 639 ejusmodi
1135 555 1224 629 domi·

118 665 238 742 cilium,
255 662 402 749 quandiu
415 665 585 734 voluntate
601 668 807 751 superiorum
825 667 869 735 ad
889 670 979 743 aliud
1003 675 1224 743 monasterium

116 780 402 847 nontransfertur.
419 779 514 866 (Vide
525 782 825 866 Schmalrgrueber,
841 784 938 852 intit.
958 789 990 863 Ἰ,
1006 787 1031 854 l.
1052 791 1072 854 2
1091 787 1222 869 decrat,

116 915 150 960 n.
169 892 327 979 ll.).Tale
343 902 453 961 autem
467 894 668 964 domicilium
687 918 752 964 non
770 907 879 982 potest
898 920 917 967 a
934 902 1089 986 religioso
1117 906 1226 991 acquiri

117 1013 151 1078 ri
165 1012 343 1077 voluntatis
357 1014 498 1096 propria
513 1015 547 1078 in
561 1033 601 1080 eo
614 1016 826 1097 permanendi
842 1018 877 1082 in
892 1027 1095 1102 perpetuum
1110 1022 1165 1087 vel
1178 1040 1227 1106 per

117 1129 295 1196 notabilem
313 1131 388 1195 anni
403 1138 549 1216 partem;
566 1151 641 1197 cum
664 1133 832 1216 religiosus
850 1153 916 1199 non
938 1135 980 1201 sit
999 1134 1085 1220 juris
1099 1138 1162 1217 sui,
1176 1156 1229 1204 nec

117 1264 218 1332 penes
229 1247 330 1329 ipsius
347 1246 518 1312 arbitrium
534 1255 600 1314 stet
621 1248 695 1330 plus
714 1248 863 1316 minusve
884 1250 1006 1317 alicubi
1027 1255 1226 1338 commotam

119 1360 178 1428 sed
201 1362 312 1445 possit,
333 1361 437 1428 altero
454 1363 552 1429 etiam
567 1371 640 1446 post
661 1363 838 1431 adventum
861 1384 958 1432 sunm
978 1366 1044 1446 die,
1058 1369 1125 1434 alio
1143 1369 1226 1449 mitti.

117 1479 200 1545 Hinc
217 1497 281 1543 non
294 1483 403 1562 potest
416 1499 532 1546 verum
547 1479 747 1547 domicilium
761 1481 965 1548 habitationis
981 1485 1165 1568 acquirere,
1178 1483 1230 1552 aad

116 1593 270 1661 fictitium
282 1593 467 1680 dumtaxat5
485 1595 597 1674 idest,
613 1617 655 1663 ex
668 1595 877 1681 dispositione
891 1597 985 1682 legis,
1003 1616 1077 1684 qum
1095 1601 1228 1684 vultipsi

117 1719 272 1796 tanquam
291 1730 407 1779 verum
431 1710 630 1779 domicilium
646 1731 716 1780 esse
735 1715 970 1781 monasterium
987 1717 1044 1781 cui
1056 1715 1228 1800 adscriptm

118 1825 192 1894 fuit.

163 1945 197 2010 3ο
219 1946 268 2010 De
285 1942 448 2012 domicilio
470 1944 550 2011 ficto
570 1945 721 2012 militnm.
745 1978 792 1995 -
812 1946 897 2013 Item
911 1947 1069 2015 militibus
1086 1955 1228 2034 tanqum

118 2059 316 2127 domicilium
329 2081 400 2127 esse
414 2063 523 2128 locnm
535 2061 594 2128 ubi
607 2068 746 2139 merent,
762 2060 865 2128 voluit
882 2062 938 2129 lex
953 2065 972 2129 J
974 2064 1157 2130 ustinianea
1166 2067 1226 2129 lla·

118 2187 217 2263 nimpi
237 2179 304 2266 (23,
320 2179 355 2245 ff.
371 2183 414 2244 ad
426 2176 599 2263 municip),
619 2177 741 2263 injure
765 2179 920 2247 canonico
938 2188 1088 2265 recepta.
1110 2181 1152 2247 nt
1168 2199 1227 2247 me·

119 2299 182 2363 rito
203 2296 363 2382 quidem:
383 2317 459 2362 nam
474 2297 501 2362 si
514 2296 606 2363 miles
628 2315 694 2361 non
713 2303 823 2379 posset
848 2297 1018 2363 conveniri
1039 2297 1099 2363 ubi
1119 2301 1224 2374 meret,

120 2413 233 2480 nullibi
242 2420 351 2496 posset
363 2415 396 2478 in
408 2411 569 2499 judicium
582 2411 706 2495 vocari,
724 2412 799 2495 quia
813 2430 887 2477 cum
900 2411 1090 2479 facultatem
1105 2433 1170 2480 non
1184 2410 1228 2478 ba

120 2531 197 2597 beat
213 2530 358 2595 militiam
370 2529 576 2615 relinquendi
589 2535 624 2594 et
634 2529 696 2594 alio
705 2547 741 2594 se
756 2527 986 2607 transferendi,
1000 2529 1119 2596 nullibi
1130 2534 1230 2614 posset

91 2731 94 2737 Ι
121 2645 238 2713 citatus
250 2645 463 2730 respondere.
481 2646 564 2711 Hinc
578 2643 843 2709 concludendum
857 2651 907 2710 est
923 2645 1061 2711 militem
1079 2647 1243 2730 Episcopo·

119 2764 185 2830 loci
197 2765 231 2828 in
246 2781 310 2849 quo
324 2771 430 2829 meret
438 2761 563 2847 subjici,
581 2767 652 2828 tum
661 2760 771 2846 quoad
781 2763 1028 2842 contentiosam,
1041 2769 1117 2829 tum
1128 2759 1231 2848 quoad

121 2881 337 2947 voluntariam
347 2878 605 2966 jurisdictionem
622 2878 886 2944 ecclesiasticam.

136 3053 137 3056 ,
166 2999 202 3063 4⁰
224 2999 275 3063 De
290 2994 453 3061 domicilio
467 2995 544 3060 ficto
560 3011 729 3077 vagorum.
753 3028 801 3043 -
824 3017 842 3054 a
867 2993 948 3077 vagi
968 2995 1026 3079 qui
1044 2993 1161 3060 nullibi
1176 2998 1231 3060 ste·

125 3114 254 3180 «bilem
272 3111 386 3177 sedem
404 3118 462 3176 aut
476 3109 673 3175 domicilium
698 3109 834 3176 babent.
845 3157 883 3187 ..,
902 3110 1026 3195 ubique
1042 3110 1153 3177 iorum
1170 3127 1231 3177 sor

125 3254 141 3292 c
155 3231 293 3311 ciuntur,
317 3235 352 3292 et
372 3226 575 3292 domicilium
599 3226 722 3291 habere
751 3231 927 3292 censentur
941 3245 979 3290 ac
1001 3224 1169 3305 dicuntur,
1183 3224 1232 3293 ubi

126 3369 142 3408 a
155 3345 378 3427 inveniuntur,
395 3343 442 3409 ita
460 3350 498 3408 ut
509 3342 555 3408 ibi
567 3343 734 3408 conveniri
749 3343 882 3425 possint,
901 3342 1000 3408 etiam
1015 3344 1144 3410 ratione
1164 3360 1230 3409 ocu·

126 3467 281 3526 «tractus
297 3459 373 3525 abbi
386 3460 466 3537 initi,
480 3478 517 3524 ac
531 3457 640 3541 puniri
654 3466 791 3542 propter
805 3456 928 3523 delicta
938 3457 1015 3524 alibi
1025 3459 1202 3525 commima.
1216 3479 1228 3517 i

124 3582 174 3646 Ita
193 3577 346 3661 Pirrhing
362 3576 404 3663 (in
421 3576 474 3641 tit.
494 3579 525 3655 2,
548 3575 606 3640 lib.
630 3578 650 3640 2
671 3573 812 3653 decret,
831 3594 864 3639 n.
887 3572 951 3658 15),
978 3557 1054 3641 cum
1081 3573 1231 3643 communi

125 3696 300 3762 doctorum
318 3694 490 3759 sententia.
578 3743 587 3755 .

170 3817 204 3879 5⁰
227 3815 277 3879 De
294 3811 454 3880 domicilio
470 3810 550 3876 licto
563 3811 760 3876 clericorum
774 3811 899 3876 ratione
917 3809 1083 3876 beneficii.
1097 3844 1145 3861 *-
1158 3810 1230 3878 Gan·

123 3935 250 4017 tingere
266 3938 377 4014 potest
397 3936 436 3994 ut
457 3929 596 3994 clericus
613 3930 647 3992 in
662 3928 735 3992 loco
750 3927 902 3993 beneficii
918 3927 969 3993 sui
982 3947 1048 3993 non
1062 3945 1230 3994 commore-

124 4057 197 4132 tnr3
217 4057 288 4139 tum
304 4045 602 4131 quodbeneficium
614 4043 821 4109 residentiam
841 4063 906 4108 non
921 4045 1041 4126 erigat,
1062 4050 1135 4111 tum
1152 4039 1230 4130 quod

125 4163 395 4248 dispensationem
407 4181 426 4226 a
438 4160 614 4226 residentia
627 4160 817 4225 obtinuerit.
829 4160 1040 4224 Nihilominus
1055 4169 1135 4226 tuno
1146 4161 1231 4227 bene·

126 4280 192 4346 ficii
213 4281 305 4346 locus
321 4287 372 4345 est
387 4280 450 4364 ipsi
466 4287 620 4364 tanquam
644 4276 853 4355 domicilium,
875 4284 910 4343 et
927 4275 1085 4343 domicilii
1103 4278 1229 4344 ‚mecm

126 4393 297 4482 peaducit3
316 4397 361 4461 ita
382 4396 518 4472 mulcet,
541 4403 589 4472 at,
613 4396 640 4458 si
661 4392 857 4460 beneficium
881 4391 1092 4462 residentiam
1119 4393 1225 4478 exigat,
