2714 4980
460 359 464 368 ,
567 310 647 360 ross
668 311 782 359 rmus.
1165 296 1228 358 31³

114 457 179 524 que
204 437 323 523 cupite,
347 442 465 503 testem
485 454 618 504 monere
639 433 681 501 de
701 433 840 502 dicende
859 437 1011 515 veritate,
1033 440 1068 502 et
1084 455 1126 501 ne
1144 435 1232 504 illem

113 554 227 620 fetore
242 552 297 618 vel
310 532 387 617 odio
401 551 497 629 celet,
514 569 641 617 memor
661 570 758 636 quem
774 571 874 636 grove
886 552 927 619 sit
939 551 1077 638 perjurii
1089 551 1208 618 scelus.

158 671 192 734 4.
219 669 359 736 Omnino
383 669 561 754 requiritur
578 668 753 736 utentibus
773 667 993 753 juramentum
1017 668 1174 753 prestari.
1193 666 1233 734 ld

111 794 245 854 constat
256 785 416 853 decretali
432 791 535 869 Nuper
548 786 615 873 (51,
632 786 683 851 tit.
703 788 757 863 20,
773 785 849 851 libri
864 789 884 852 2
898 782 1018 870 deon),
1038 787 1072 852 in
1091 804 1155 870 qne
1172 805 1233 853 nec

112 903 203 986 ipsos
224 901 390 985 religiosos
412 920 431 966 o
451 901 636 984 prestando
655 900 841 986 juramento
861 902 959 968 eximi
978 900 1168 968 decernitur
1185 901 1235 967 his

114 1017 227 1084 verbis
255 1039 262 1083 z
294 1021 512 1100 Respondemus
533 1021 611 1099 qood
638 1021 753 1082 cullius
776 1024 962 1099 testimonio,
991 1027 1235 1102 quotumcunque

112 1137 275 1215 roliqiosus
292 1139 417 1214 existat,
436 1140 497 1199 oiri
503 1138 627 1213 juratus
647 1138 827 1216 deposuerit,
843 1141 876 1199 io
889 1137 1016 1198 alterius
1027 1137 1236 1217 prejudicium

112 1253 201 1314 debet
225 1253 319 1314 erecti.
344 1251 384 1315 Et
402 1249 436 1314 in
455 1248 614 1316 decretali
637 1241 855 1315 Frateroitotts
883 1250 949 1337 (17,
967 1249 1114 1335 ejusdem
1132 1248 1230 1333 tituli)

112 1366 312 1450 supponitur
325 1364 484 1451 ejusmodi
492 1365 668 1451 juramenti
679 1368 920 1451 prestationem
937 1368 1102 1451 pertinere
1117 1365 1159 1431 ed
1174 1365 1238 1432 for·

113 1503 201 1549 mem
225 1483 413 1549 canonicam
438 1482 701 1568 recipiendorum
734 1485 867 1550 testium
895 1506 902 1549 :
930 1489 1065 1567 Receptis
1080 1490 1170 1567 prins
1200 1486 1238 1546 ol

113 1605 203 1683 spois,
222 1603 383 1664 secondom
397 1603 525 1681 smmum
536 1602 771 1682 recipiendorum
787 1606 918 1679 testium,
929 1601 1124 1684 juramentis.
1142 1598 1236 1666 Idem

114 1720 244 1782 constat
255 1714 380 1798 exlege
393 1718 613 1799 Jortsjoroodi
631 1719 663 1793 9,
683 1723 773 1781 etex
790 1716 863 1799 lege
884 1721 1073 1795 Testioml&
1092 1719 1130 1780 de
1146 1721 1238 1782 Testi-

115 1837 182 1913 lms,
201 1834 219 1898 J
222 1832 392 1898 ustininnei
410 1830 546 1908 Codicis,
569 1829 679 1917 quood
695 1830 755 1897 hoc
768 1832 801 1895 in
818 1831 892 1898 foro
907 1831 1004 1897 etiem
1020 1831 1236 1897 ecclesiastico

114 1948 255 2031 recepti.

159 2062 251 2130 Adeo
274 2065 492 2130 necessarium
515 2073 563 2130 est
587 2065 735 2149 praestori
754 2086 772 2130 o
791 2064 930 2130 testibus
951 2063 1183 2148 juramentum,
1201 2070 1239 2128 ut

114 2180 261 2249 etiamid
277 2181 430 2245 incensis
452 2181 631 2246 summariis
656 2182 855 2267 requiratur.
875 2178 1183 2267 (Schmnlzgrueber,
1205 2180 1239 2244 in

113 2299 168 2365 tit.
186 2301 241 2376 20,
258 2297 336 2365 libri
350 2300 370 2363 2
385 2297 491 2376 deon,
507 2317 541 2362 n.
564 2296 633 2383 88.)
813 2373 816 2382 ¹

161 2414 296 2481 Etiamsi
308 2412 374 2478 duo
392 2414 594 2498 integerrimi
604 2419 705 2479 testes
719 2412 895 2498 deponent,
915 2414 1030 2480 omisso
1038 2413 1237 2499 juramento,

114 2552 158 2599 ne
178 2530 400 2615 semi-plenem
421 2530 554 2618 quidem
578 2531 805 2615 probationem
828 2531 970 2610 iaciunt,
1000 2529 1059 2597 sed
1087 2549 1242 2614 presum-

115 2648 264 2732 ptionem
279 2652 417 2713 tontum.
530 2714 532 2718 .

162 2764 277 2848 Neque
288 2781 381 2846 posse
396 2781 457 2847 per
470 2763 738 2830 consuetudinem
751 2762 873 2843 induci,
884 2769 923 2829 ut
937 2763 1076 2829 testibus
1086 2764 1163 2830 licet
1177 2781 1243 2828 non

113 2879 234 2966 juretis
255 2879 416 2946 habeatur
438 2881 539 2960 tideo,
568 2880 704 2948 madunt
738 2882 957 2947 communiter
984 2879 1135 2946 doctores
1167 2897 1242 2944 cum

119 2995 411 3079 Schmolzgrueber
425 2998 535 3085 (citato
553 2995 650 3081 loeo).

166 3118 200 3186 5.
228 3117 341 3182 Potest
359 3121 470 3182 temen
485 3134 527 3181 ex
543 3133 701 3180 consensu
718 3114 860 3197 portium
886 3131 1013 3179 cessere
1033 3112 1243 3198 juramentie
1329 3179 1334 3188 ,

119 3236 262 3304 testibus
277 3232 452 3319 prestandi
465 3233 656 3315 necessites;
681 3249 788 3314 neque
811 3238 892 3294 tunc
911 3230 1090 3315 requiritur
1108 3230 1245 3313 iusuper

120 3370 271 3419 assensus
291 3349 421 3436 judicis,
442 3350 505 3413 nisi
524 3349 558 3412 in
579 3347 745 3413 nonnullis
774 3345 969 3431 quibusdem
991 3346 1129 3425 casibus,
1154 3344 1244 3432 quod

119 3469 200 3536 vide
221 3467 388 3535 evolutum
408 3487 431 3536 ‚a
453 3464 587 3531 loudeto
609 3462 898 3546 Schmclzgrueher
934 3463 1018 3549 (loco
1042 3464 1111 3542 cit,
1137 3483 1169 3528 n.
1199 3465 1242 3531 90

123 3595 160 3654 et
176 3583 244 3670 91).

171 3707 205 3770 6.
231 3703 275 3769 Ut
288 3701 470 3785 legitimum
485 3701 526 3764 sit
541 3698 762 3785 juramentum
788 3699 932 3776 testium,
947 3698 1151 3766 observando
1171 3710 1249 3767 sunt

125 3821 297 3908 sequentia
316 3839 324 3885 ε
344 3824 462 3898 Primo,
486 3825 524 3883 ut
546 3823 720 3901 prestetur
735 3818 769 3883 in
784 3817 958 3901 presentia
975 3817 1145 3902 utriusque
1174 3835 1249 3901 por·
1283 3846 1289 3854 ·

124 3941 186 4023 tis;
211 3940 349 4017 swoodo,
366 3943 404 4001 ut
416 3941 591 4020 prestetur
608 3953 717 3999 coram
738 3933 849 4018 judice
874 3952 977 3998 oeusae
1000 3932 1055 3998 vel
1074 3911 1247 4012 instantior,

124 4064 183 4122 aut
195 4054 293 4141 hujus
307 4042 544 4134 commissori03
559 4069 635 4115 nem
649 4056 757 4133 potest
776 4049 880 4135 judex
902 4068 1039 4116 examen
1056 4049 1188 4114 testium
1204 4050 1250 4116 el·

124 4174 191 4242 teri
203 4171 374 4256 delegore;
392 4171 448 4256 qui
461 4177 572 4236 cutem
587 4169 751 4235 examinet
762 4168 983 4254 juramentum
1000 4167 1099 4233 etiem
1113 4168 1247 4253 recipit;

125 4297 228 4369 tortio,
253 4296 292 4354 ut
312 4291 489 4372 prestetur
505 4287 540 4350 in
557 4285 633 4351 loco
652 4284 778 4371 judicii,
799 4304 819 4350 e
840 4304 905 4370 quo
927 4291 1036 4352 temen
1063 4284 1247 4352 conditione

125 4405 315 4472 eximuntur
328 4401 451 4485 egroti,
466 4400 662 4469 eliivesimili
676 4418 718 4467 ex
735 4418 832 4467 ceusu
839 4399 1004 4506 impediti3
1021 4400 1150 4468 hieuim
1161 4400 1250 4468 domi
