2714 4980
117 292 178 356 254
461 302 647 358 rmcrarus
669 310 714 357 on
736 308 884 358 runrcus.

115 438 241 498 textum
262 426 351 498 hunc
377 434 611 517 praemittimus,
638 436 744 500 varias
764 432 843 501 dein
871 432 1096 500 conclusiones
1126 430 1211 501 dedu·

115 549 217 615 cturi:
233 548 451 633 «significasti
462 549 554 616 nohis
567 548 655 635 quod
671 548 740 615 P...
751 549 898 628 clericus,
910 548 953 616 ad
962 540 1213 634 petitionemtl...

119 666 347 744 «mercatoris,
365 684 399 731 se
416 672 480 731 tue
496 664 712 750 jurisdictioni
722 664 873 751 subjecit,
894 666 921 731 si
934 666 969 732 in
982 666 1127 733 termino
1144 682 1218 731 nnnc

119 782 258 864 relapso
274 779 316 845 de
330 781 467 864 pecunia
476 787 622 847 mutuata
632 802 698 848 non
711 780 919 848 satisfecisset
933 780 1221 866 eidem...1nquisl

119 896 228 961 «tioni
237 901 300 960 tuae
314 897 424 961 taliter
432 895 677 979 respondemus,
689 895 776 982 quod
790 897 866 963 lieet
875 897 1081 979 privatorum
1096 913 1222 962 consen·

119 1028 204 1076 csus
215 1029 301 1089 eum,
325 1011 383 1097 qui
396 1009 612 1097 iurisdictioni
634 1030 772 1096 praesse
790 1011 1002 1096 dignoscitur,
1022 1030 1119 1077 suum
1135 1013 1224 1095 possit

119 1124 294 1212 «judicem
315 1128 531 1206 constituere,
560 1127 670 1193 clerici
695 1136 805 1195 tamen
826 1128 861 1193 in
882 1127 1026 1212 judicem
1049 1146 1118 1192 non
1141 1144 1226 1193 sunm

120 1245 224 1332 a(nisi
243 1245 332 1311 forte
351 1247 392 1310 sit
410 1264 548 1330 persona
568 1246 798 1325 ecclesiastica,
826 1255 861 1313 et
886 1248 1036 1332 Episcopi
1061 1246 1226 1313 dioecesanl

120 1363 304 1428 «voluntas
314 1359 460 1447 accedat)
479 1364 661 1429 consentire
682 1382 746 1428 non
764 1368 911 1446 possunt.
941 1393 954 1418 »
981 1362 1167 1448 Alloquitur
1180 1378 1227 1426 au·

118 1484 187 1544 tem
200 1479 234 1542 in
248 1476 307 1542 hac
323 1477 479 1544 decretali
488 1478 663 1561 Gregorius
674 1479 719 1543 IX
733 1477 891 1543 abbatem
904 1480 1111 1544 Tmcensem.
1126 1476 1228 1545 Facilis

118 1610 160 1657 er
178 1611 216 1658 ea
231 1592 305 1676 tege
316 1592 468 1658 canonica
478 1593 649 1677 propositae
661 1593 845 1677 questionis
861 1594 989 1660 solutio.
1007 1595 1102 1672 Nam,

162 1713 287 1788 Primo,
314 1716 405 1792 patet
432 1707 578 1787 clericos,
603 1708 724 1793 absque
746 1728 904 1775 consensu
925 1710 1050 1792 proprii
1074 1709 1224 1793 Episcopi,

119 1841 185 1887 non
205 1842 299 1906 posse
320 1822 410 1889 adire
433 1831 469 1890 et
491 1830 731 1906 competentem
746 1823 874 1890 efficere
885 1823 1029 1908 judIcem
1043 1844 1111 1891 non
1130 1843 1226 1901 suum,

120 1937 188 2001 sive
209 1936 244 2001 in
258 1938 360 2002 causis
374 1938 440 2002 suis
455 1937 684 2020 spiritualibus
710 1939 779 2005 sive
803 1941 902 2004 etiam
925 1940 958 2002 in
983 1937 1225 2023 temporalibus.

120 2050 280 2136 Expresse
300 2053 385 2117 enim
402 2050 550 2119 decernit
576 2053 752 2137 Gregorius
766 2054 828 2131 IX,
845 2072 912 2118 non
927 2072 1021 2137 posse
1045 2055 1182 2119 clericos
1203 2054 1229 2117 in

119 2167 266 2253 judicem
279 2189 344 2235 non
361 2187 457 2234 suum
471 2170 667 2247 consentire,
689 2176 752 2233 uisa·
766 2175 906 2253 Episcopi
928 2173 1088 2234 diecesani
1101 2173 1230 2233 uoluatur

121 2288 253 2350 accedat.
266 2282 307 2349 Id
317 2291 426 2349 nutem
440 2285 670 2367 pronuntiatur
683 2286 922 2363 universaliter,
935 2305 972 2350 ac
980 2284 1120 2368 proinde
1133 2280 1230 2369 quoad

124 2416 235 2463 causas
250 2416 362 2464 omnes
383 2398 576 2463 clericorum
590 2416 662 2482 quae
679 2396 720 2464 ad
739 2398 849 2464 forum
869 2400 1128 2465 ecclesiasticum
1141 2400 1232 2483 perti·

122 2519 219 2596 nent;
238 2530 316 2596 ergo
337 2520 371 2577 et
391 2511 498 2597 quoad
518 2514 716 2597 temporales
731 2533 845 2580 eorum
864 2534 994 2592 causas,
1022 2532 1099 2579 cum
1118 2521 1153 2580 et
1172 2516 1232 2579 iste¹

122 2629 248 2693 ratione
260 2634 363 2692 status
376 2628 533 2693 clericalis
544 2629 607 2693 sint
623 2629 721 2693 etiam
737 2630 971 2707 ecclesiastice,
991 2636 1026 2695 et
1041 2629 1232 2714 ceteroquin

122 2743 156 2807 in
181 2739 257 2808 cas'u
279 2743 467 2826 particulari
485 2763 545 2827 pro
568 2762 633 2828 qno
653 2741 827 2810 decretalis
841 2745 928 2810 iacta
942 2751 1002 2824 est,
1024 2752 1181 2828 ageretur
1197 2740 1232 2808 de

122 2858 292 2942 temporati
304 2877 399 2924 causa
415 2857 584 2942 cujusdam
601 2858 723 2923 clerici.

167 2977 312 3054 Secundo,
338 2979 474 3057 possunt
496 2980 607 3039 tamen
633 2974 753 3051 clerici,
776 2974 909 3056 proprio
929 2974 1155 3041 consentiente
1168 2974 1235 3058 Epi-

123 3109 231 3175 scopo,
246 3088 337 3155 adire
352 3097 386 3154 et
396 3096 636 3172 competentem
648 3088 776 3154 efficere
784 3087 930 3172 judicem
940 3109 1005 3154 non
1019 3108 1126 3168 sunm,
1145 3087 1234 3155 modo

124 3205 180 3270 ille
200 3207 240 3270 sit
262 3225 402 3289 pemeus
420 3205 646 3270 ecclesiastica.
669 3205 750 3270 Cum
768 3205 853 3269 enim
871 3204 1047 3288 Gregorius
1065 3207 1111 3271 IX
1126 3203 1235 3270 decer·

123 3327 180 3384 nat
195 3317 234 3385 id
253 3320 330 3403 ipsis
345 3339 409 3384 non
426 3320 528 3385 licere
546 3326 608 3383 utra·
623 3327 664 3383 stt
680 3340 810 3402 persona
826 3323 1022 3383 ecclesiastico
1043 3329 1073 3384 et
1097 3324 1233 3403 Episcopi

124 3439 281 3500 diaecesani
293 3439 432 3500 voluutas
450 3440 581 3516 accedat,
606 3443 719 3519 aperte
738 3435 902 3518 colligitur
919 3436 1031 3514 licere,
1049 3435 1151 3504 modo
1173 3438 1235 3502 istc

123 3551 196 3618 dnae
226 3552 426 3618 conditiones
455 3552 704 3634 adimpleantur.
733 3551 888 3616 «Sufficit
920 3559 1032 3617 autem
1066 3568 1236 3618 consensus

129 3699 143 3725 α
154 3670 273 3734 tacitus
287 3668 444 3752 Episcopi,
459 3675 497 3732 ut
510 3669 537 3732 si
553 3667 645 3734 scivit
663 3667 818 3757 clericum
830 3666 994 3732 subditum
1006 3686 1104 3732 snum
1114 3669 1235 3752 litigare

128 3818 142 3845 ι
154 3785 380 3871 coramjudice
395 3785 623 3863 ecclesiastico,
642 3792 677 3849 et
696 3804 761 3849 non
784 3783 989 3850 contradixit.
1018 3809 1035 3846 u
1064 3785 1234 3872 (Pirrtring,

123 3901 214 3968 intit.
228 3905 260 3981 2,
275 3902 333 3967 lib.
354 3905 373 3966 2
392 3900 617 3978 decretalium,
635 3918 669 3964 n.
692 3897 782 3984 191.)

171 4022 282 4098 Tertio,
301 4018 426 4081 etiamsi
440 4034 535 4080 causa
551 4015 594 4079 sit
611 4032 701 4079 mere
716 4015 862 4097 profana,
884 4022 919 4079 et
930 4016 1101 4098 permittat
1115 4016 1239 4100 Episco-

124 4151 196 4216 pus,
214 4151 279 4196 non
291 4139 427 4214 possunt
446 4130 557 4194 clerici
582 4129 763 4194 consentire
781 4130 816 4192 in
828 4127 972 4213 judicem
991 4129 1181 4197 saecularem
1207 4137 1240 4195 et

124 4248 223 4330 ipsius
238 4245 496 4332 jurisdictionem
508 4264 697 4329 prorogare.
714 4244 795 4309 Nam
810 4264 851 4309 ex
867 4244 1024 4310 decretali
1042 4244 1242 4329 GregoriiiX

125 4383 190 4428 uon
209 4361 326 4429 sufficit
343 4362 468 4446 proprii
494 4361 645 4445 Episcopi
663 4378 848 4439 consensus,
871 4359 929 4425 sed
947 4357 1093 4438 additur,
1120 4362 1190 4426 cist
1204 4368 1244 4424 stt
