2714 4980
122 308 187 371 378
465 319 652 367 rascrnrus
673 318 718 366 on
739 313 886 364 mosolrs.

118 442 171 530 jes
201 443 439 527 Metropolitum
463 442 697 528 appellationes
725 437 949 524 recipiendia
978 438 1152 504 sententiis
1176 457 1225 522 pes

120 559 397 643 orffruganeorum
407 576 542 625 suomrn
553 558 697 624 vicarios
705 555 878 641 generales
888 554 1028 638 prolatis
1042 553 1090 640 (et
1104 553 1227 640 quiden

121 675 281 760 privative
297 673 340 740 ad
355 675 510 758 ipsosmet
528 669 769 758 suffraganeos),
790 672 817 736 si
834 671 907 756 quis
925 670 1113 755 Episcopus
1128 670 1228 735 suma

121 809 243 876 genens
257 789 303 856 de·
315 791 435 856 vicarii
449 790 499 855 sui
516 790 675 873 generalis
691 788 853 853 molentis
869 793 1055 870 cognoscat,
1073 792 1113 851 ot
1131 785 1230 852 rideat

121 925 200 971 num
216 906 257 970 sit
265 903 395 989 injmts,
414 903 505 971 etde
524 903 679 990 injustitia
695 903 894 987 pronuntiet,
913 902 980 967 hoc
990 901 1065 984 ipso
1082 900 1176 966 ladit
1187 899 1231 986 jus

121 1020 362 1104 metropolitani
376 1020 436 1085 sai.
453 1020 546 1102 Quis,
561 1020 769 1104 quantumvis
783 1017 820 1084 id
833 1018 931 1084 meiat
945 1017 1006 1083 sub
1025 1017 1159 1083 nomine
1172 1036 1231 1098 sep

117 1140 305 1220 plinuoou,
325 1136 360 1199 in
377 1155 414 1201 re
436 1143 547 1200 tamen
566 1136 730 1219 cognoscit
747 1133 790 1199 de
810 1151 906 1199 sousa
924 1133 959 1197 in
976 1131 1084 1217 gradu
1100 1131 1231 1216 appella·

123 1253 229 1330 tionis,
253 1271 327 1317 cum
353 1251 428 1316 talis
453 1251 658 1334 supplicatio,
685 1257 723 1314 ut
747 1247 874 1314 dictum
900 1255 961 1327 est,
981 1247 1064 1313 nihil
1088 1245 1178 1314 eliud
1197 1247 1231 1313 sit

125 1387 223 1455 quam
236 1384 315 1434 vora·
324 1375 361 1433 at
379 1368 511 1451 proprie
525 1365 614 1432 diota
629 1366 816 1449 appfflatio.

167 1484 318 1565 chsrro
344 1485 408 1548 10¹.
427 1517 469 1530 -
480 1486 528 1548 Aa
538 1486 702 1565 Episcopus
719 1500 839 1545 reomao
848 1483 1029 1563 pendentem
1042 1499 1148 1544 cuam
1159 1483 1233 1544 Viso·

125 1605 171 1663 sto
185 1618 238 1663 suso
260 1602 303 1663 orl
317 1619 348 1663 se
366 1618 504 1663 recusare
517 1604 627 1681 possit,
650 1605 705 1661 out
723 1603 816 1661 ctiam
836 1604 866 1661 ei
881 1599 1016 1662 inhibere
1033 1599 1234 1680 namuco

124 1721 205 1778 sarto
219 1733 323 1779 cosso.
343 1750 388 1764 -·-
402 1712 680 1798 Respondendum
700 1712 909 1797 affirmativa·;
932 1721 1049 1799 ascqne
1065 1713 1235 1778 oonnnun's

127 1827 300 1899 doctorum
315 1831 489 1908 sententia,
509 1829 552 1896 de
572 1849 636 1915 qna
651 1830 742 1895 nulla
756 1837 910 1896 movetur
923 1828 1110 1894 difficultas.
1127 1830 1235 1912 Quam·

129 1949 178 2012 ris
192 1947 279 2012 enim
293 1955 434 2032 nequeat
448 1947 638 2030 Episcopus,
660 1933 738 2031 quin
749 1946 894 2012 vicarius
908 1946 1070 2030 generalis
1083 1946 1159 2011 talis
1174 1962 1236 2010 esse

129 2060 267 2141 oenum,
282 2063 328 2127 ita
339 2061 599 2148 jurisdictionem
613 2062 683 2149 ejas
697 2080 758 2146 per
773 2062 1016 2128 reservationes·
1030 2062 1233 2146 restringere,

129 2185 168 2243 ut
178 2177 245 2262 jam
258 2197 324 2243 nen
337 2179 379 2244 sit
393 2178 564 2245 moraliter
575 2179 777 2258 uniuersalis,
788 2184 898 2263 potest
909 2187 1024 2244 tamma
1035 2197 1102 2262 per
1111 2177 1236 2245 modun

129 2294 328 2378 exceptionis
338 2301 374 2360 et
390 2294 631 2371 manationis,
648 2295 683 2360 in
697 2294 758 2360 hsc
774 2303 832 2361 aut
843 2295 899 2360 illa
914 2313 1010 2360 causa
1024 2310 1101 2361 eam
1117 2295 1237 2361 cesum

128 2423 217 2490 gena.
233 2407 437 2490 Ergopotast
452 2407 580 2473 Vicario
596 2425 654 2472 suo
668 2408 812 2491 generali
823 2406 1086 2492 jurisdictionem
1103 2407 1237 2474 minure

128 2519 238 2605 proed
256 2539 388 2587 causans
403 2540 515 2587 corum
538 2523 609 2605 ipso
627 2521 838 2605 pendentem,
855 2530 890 2588 et
904 2521 1015 2608 quoad
1035 2540 1169 2589 cauam
1188 2523 1237 2588 ali·

130 2655 226 2722 quam
242 2637 349 2726 adhuc
369 2640 540 2733 integram.
560 2638 699 2721 Quodsi
715 2639 822 2718 faciat,
842 2639 911 2724 jorn
930 2658 998 2704 non
1016 2641 1142 2724 poterit
1157 2640 1238 2705 Visa·

128 2754 196 2820 rius
211 2756 369 2839 generalis
383 2756 418 2820 in
428 2733 591 2840 ejusmodi
609 2773 789 2822 caussasse
802 2757 1037 2824 intromittere.

174 2871 325 2952 Qummo
351 2873 415 2937 lla
440 2891 487 2919 ··-
507 2875 587 2936 Num
601 2875 751 2954 appellari
761 2878 860 2954 possit
872 2893 893 2936 c
905 2875 1042 2954 delcpoto
1052 2876 1194 2957 Epimops'
1204 2873 1238 2934 ul

133 2991 286 3051 Virorum
304 2991 482 3069 praesulem.
506 3022 553 3035 —-
578 2988 851 3068 Controvertitur,
878 2995 916 3053 ut
941 2986 1057 3056 ridere
1082 2997 1135 3055 est
1161 2985 1239 3073 apud

132 3103 327 3170 Laureolum
347 3104 396 3191 (dc
410 3110 538 3170 Viccstis
555 3109 671 3188 Episc,
689 3124 761 3190 cap.
781 3109 813 3185 2,
835 3125 867 3190 q.
887 3102 954 3190 81).
971 3105 1050 3172 Mihi
1071 3114 1181 3172 tumen
1200 3105 1240 3168 ri·

133 3217 233 3285 datur
248 3219 439 3286 affirmative
457 3219 735 3304 respondendum.
762 3223 842 3286 Nam
856 3229 920 3287 stat
937 3223 1141 3307 principium
1153 3238 1240 3306 gene

133 3334 212 3412 rulo,
229 3352 322 3418 possa
341 3333 500 3402 Vioarimn
523 3337 712 3420 generalem
724 3337 830 3403 omnia
845 3354 915 3422 qnae
929 3343 1040 3421 potest
1051 3336 1240 3422 junsslictio·

64 3447 66 3452 ’
133 3450 251 3517 miter
272 3451 459 3535 Episcopus,
484 3453 630 3536 exceptis
649 3469 720 3537 que
735 3451 789 3537 jus
806 3461 944 3537 excepta
967 3453 1086 3533 voluit,
1104 3455 1238 3539 sesqua

133 3567 307 3652 Episcopus
327 3568 389 3633 sihi
410 3571 600 3635 reservavit.
627 3567 766 3635 Almnde
785 3588 877 3646 vero,
897 3569 990 3648 nullo
1002 3577 1101 3635 textu
1117 3568 1164 3637 ad
1176 3585 1236 3636 ren

134 3682 273 3750 iaciente
295 3683 464 3767 probatur,
492 3683 691 3769 prohibitum
711 3685 811 3750 fuisse
831 3684 957 3751 Vicario
976 3686 1126 3768 generati
1138 3705 1181 3750 ne
1197 3682 1237 3750 di-

133 3807 216 3865 ctam
231 3801 484 3884 appellatimm·
498 3802 644 3884 recipiat.
667 3803 753 3885 Ergo
771 3800 832 3865 nisi
855 3818 926 3866 eam
945 3800 1006 3867 sibi
1026 3799 1237 3868 reservaverit

134 3914 322 4000 Episcopus,
344 3919 594 4001 competentiam
618 3918 778 4001 generalis
802 3918 920 3983 vicarii
942 3916 1107 3984 excedere
1128 3934 1236 4001 nequa·

135 4049 233 4116 pram
246 4030 410 4098 censenda
423 4040 490 4099 est.
506 4033 573 4099 ileo
587 4031 760 4117 objiciatur
776 4033 971 4116 Episcopum
986 4033 1108 4098 vicarii
1126 4033 1176 4099 sui
1191 4048 1236 4114 ge·

135 4148 255 4214 nesciis
276 4147 391 4232 mons,
408 4149 547 4233 aliquam
572 4164 701 4214 causam
726 4147 982 4233 jurisdictionem
1006 4146 1235 4225 adimeretur

136 4265 207 4348 ipso
223 4263 312 4348 quon
330 4280 463 4331 musam
480 4266 567 4331 illam
586 4265 688 4332 alteri
700 4263 831 4349 deleget
848 4285 857 4332 :
873 4264 935 4332 hoc
954 4264 1043 4330 enim
1060 4283 1176 4332 rernm
1195 4265 1234 4325 ast

136 4379 307 4450 dammas
327 4380 439 4466 quood
456 4381 592 4464 primam
605 4381 809 4464 imtantioutc
833 4379 922 4450 node
937 4380 1090 4470 mqufflt·
1104 4377 1233 4448 tauns
