2716 4988
162 305 224 369 tto
507 320 695 369 massanos
717 323 762 368 ne
784 318 933 368 romeus.

160 476 176 503 ι
191 447 247 517 rel
260 446 377 535 saltem
387 453 439 514 est
451 446 573 534 aliquid
586 447 821 517 antecedenter
837 464 999 514 annexum
1012 442 1188 529 spirituali,
1201 459 1262 509 cun

160 592 175 621 a
188 561 362 632 ordinetur
372 563 415 632 ad
432 564 635 648 spiritualem
649 564 801 633 beneficii
815 564 1022 632 collationem
1032 561 1089 629 vel
1100 557 1262 626 institutio

158 713 173 738 «
187 702 263 749 nem
270 681 514 768 praesentati...;
526 683 616 768 atqui
623 681 666 749 de
677 683 830 750 connexis
835 688 870 748 et
878 677 1164 748 accessoriisidem
1171 675 1262 744 debe

157 828 172 855 a
187 819 259 867 esse
267 798 426 885 judicium
437 819 474 866 ac
483 797 651 884 dispositio
660 799 777 886 (capite
788 802 949 865 Translata
962 801 995 878 3,
1011 800 1050 862 de
1066 791 1255 879 densat)...

155 947 169 973 κ
183 935 262 1002 ergo
279 936 355 983 cum
374 915 416 983 de
426 916 592 984 beneficiis
606 917 679 983 laici
695 918 898 1001 nonpossint
912 934 985 982 esse
1000 911 1142 999 judices,
1163 927 1262 995 nequ<

152 1064 167 1091 a
183 1034 219 1101 in
231 1037 336 1102 causis
350 1033 640 1121 jurispatronatus,
653 1034 920 1121 quodbeneficiis
936 1048 1100 1099 annexum
1116 1035 1181 1111 est,
1199 1045 1262 1096 esst

151 1158 352 1237 «poterunt.
373 1181 388 1208 a
414 1153 463 1239 (ln
477 1152 659 1218 titulumde
674 1156 815 1232 Iudiciis,
834 1172 868 1216 n.
889 1148 958 1236 51.)

188 1245 322 1335 Dictum
332 1277 382 1335 est
396 1271 508 1334 directe
519 1276 554 1334 et
560 1289 618 1352 per
631 1290 685 1334 sc:
700 1298 714 1325 ι
731 1271 822 1347 llam,
836 1269 883 1334 ait
895 1264 1262 1348 ibidemSchmalzgrue

147 1415 161 1440 «
178 1385 250 1464 her,
271 1380 449 1452 accessorie
467 1393 502 1452 et
516 1383 709 1451 secundario
726 1386 829 1451 laicus
840 1383 943 1469 judex
960 1377 1097 1469 dejure
1114 1389 1262 1465 patrona

146 1533 160 1557 «
173 1511 228 1568 tus
242 1520 438 1587 cognoscere
452 1508 488 1569 et
498 1500 645 1588 judicare
660 1509 785 1587 potest·;
802 1509 842 1568 ut
860 1501 968 1581 lieret,
991 1501 1019 1566 si
1039 1499 1148 1586 judex
1169 1516 1262 1565 saecu

144 1619 249 1686 «laris
263 1619 529 1703 persententiam
546 1618 742 1686 condemnet
755 1635 974 1706 possessorem
993 1617 1094 1684 castri
1115 1614 1262 1701 alioujtu,

142 1735 313 1804 «utillud
339 1735 471 1802 domino
495 1755 555 1802 suo
575 1735 695 1803 reddat
719 1756 783 1803 una
809 1754 884 1802 cum
904 1735 1056 1803 omnibns
1077 1732 1215 1819 juribus
1235 1732 1262 1798 ei

141 1880 155 1908 «ι
169 1853 318 1936 annexis,
334 1870 411 1917 nam
425 1851 454 1916 si
469 1851 501 1917 ei
514 1852 612 1917 etiam
628 1870 792 1917 amorum
805 1850 907 1937 sitjus
922 1856 1119 1936 patronatus
1133 1847 1181 1915 ad·
1193 1864 1262 1914 cer·

140 1997 154 2023 ιι
168 1973 239 2034 tum
257 1969 312 2035 vel
328 1974 420 2032 certa
438 1965 607 2046 beneficia,
622 1967 721 2033 etiam
733 1966 794 2034 hoc
809 1985 884 2033 cum
899 1967 1027 2034 caeteris
1043 1965 1077 2032 vi
1096 1965 1176 2031 talis
1190 1983 1262 2031 sen·

138 2114 153 2138 «
165 2083 276 2150 tentiae
292 2081 425 2150 tradere
435 2099 600 2165 possessor
613 2079 727 2149 debet.
746 2111 760 2139 ι

549 2460 552 2465 ¹
570 2365 705 2434 carus
718 2368 823 2462 vm.-

361 2624 405 2674 ΒΕ
427 2622 537 2671 ctusts
560 2623 645 2672 sotto
667 2623 830 2689 suculam
855 2625 1015 2686 rnormts.

173 2892 294 2960 Omnes
319 2892 518 2976 generaliter
545 2908 648 2956 causae
678 2908 767 2956 mere
791 2892 1008 2976 temporales,
1034 2902 1162 2978 praeter
1184 2895 1256 2963 illas

126 3028 207 3096 quas
231 3007 329 3074 modo
353 3008 539 3091 excepimus
557 3013 592 3072 et
607 3004 822 3090 jurisdictioni
837 3008 1082 3075 eccelesiasticae
1104 3010 1256 3078 vindica·

125 3126 241 3203 vimus,
259 3123 302 3189 ad
321 3123 429 3188 forum
449 3122 603 3187 saeculare
617 3123 782 3204 pertinere
800 3132 928 3192 certum
941 3131 1001 3205 est,
1021 3134 1094 3191 tum
1118 3147 1162 3194 ex
1178 3128 1254 3216 jure

125 3239 247 3318 divino,
264 3246 336 3305 tum
351 3258 392 3303 ex
409 3238 517 3302 multis
533 3239 629 3302 etiam
637 3235 720 3321 juris
734 3240 941 3307 ecclesiastici
953 3242 1251 3330 declarationibus

124 3363 197 3422 tum
211 3375 253 3420 ex
264 3352 427 3419 communi
442 3349 485 3416 de
503 3351 562 3416 hac
576 3370 612 3416 re
625 3348 797 3419 doctorum
811 3359 983 3422 sententia.

169 3468 264 3539 Unde
275 3459 320 3536 ex'
334 3467 430 3534 dictis
442 3469 474 3531 in
493 3474 564 3532 tota
578 3467 638 3532 hac
652 3469 793 3536 sectione
810 3472 917 3555 colligi
936 3481 1058 3556 potest,
1075 3474 1121 3542 ad
1137 3477 1256 3546 Eccle-

121 3589 202 3662 siam
213 3586 391 3670 pertinere,
407 3603 473 3649 non
483 3590 611 3648 tantum
619 3583 802 3666 spirituales
813 3605 925 3652 omnes
940 3607 1065 3671 causas,
1076 3591 1255 3662 sedetiam

121 3711 230 3773 certas
249 3699 406 3788 quasdam
428 3717 609 3766 causarum.
628 3702 856 3782 temporalium
881 3706 1027 3791 species3
1044 3708 1093 3774 ita
1119 3713 1257 3783 scilicet

120 3820 272 3913 exigente
287 3816 353 3883 fine
365 3814 515 3881 Ecclesia
529 3814 663 3898 proprio
675 3833 734 3880 seu
742 3817 921 3885 animarum
932 3821 1099 3906 spirituali
1111 3825 1208 3894 bono
1220 3836 1256 3896 et

118 3933 361 4021 supernaturali
375 3927 592 3997 beatitudine.
614 3928 664 3995 Ad
679 3928 825 4014 judicem
840 3936 922 4001 raro
939 3940 1138 4009 saecularem
1158 3964 1257 4029 spec·

116 4058 190 4143 tant
202 4050 373 4153 dumtaxat
392 4065 495 4114 causa
514 4047 723 4129 temporales,
742 4068 906 4136 nunquam
927 4072 1009 4123 vero
1031 4058 1253 4148 spiritualea;

116 4176 155 4259 et
165 4185 233 4233 non
245 4183 359 4232 omnes
371 4162 502 4231 omnino
517 4181 620 4228 causa
638 4166 850 4247 temporales,
871 4167 932 4237 sed
949 4190 1027 4239 cum
1037 4177 1254 4262 exceptione

117 4300 231 4351 earum
246 4298 326 4367 quas
336 4277 486 4348 Ecclesiae
498 4275 613 4362 subjici
625 4277 801 4370 probatum*
812 4289 874 4348 est.

160 4399 243 4475 Hinc
255 4413 523 4482 synonymaenon
537 4400 612 4459 sunt
624 4393 675 4482 hae
686 4415 783 4474 voces
797 4417 893 4465 cacsoe
903 4406 1085 4482 spintaalea
1094 4415 1132 4475 et
1147 4431 1253 4485 saw

1048 4533 1075 4580 ο
