2714 4980
452 324 455 329 ι
546 292 628 346 raas
651 291 767 347 rum.
930 272 935 279 '
1176 280 1219 353 et

95 416 546 506 mincmmanetlpslaera
556 421 789 506 dammis
797 417 1220 509 qnccdprcprtccacemsuc-

95 537 411 629 subjiciantque
426 555 466 603 ea
479 533 580 603 babet
593 553 614 602 a
629 538 701 605 Dec
714 554 781 604 non
794 536 843 604 ab·
851 534 1020 626 Ecclesia),
1035 539 1114 607 lieet
1126 539 1221 610 inde·

96 655 249 744 pendens
264 674 332 723 non
346 656 388 722 sit
398 651 508 742 quoad
523 655 799 721 micrdctacttoccm
809 653 844 723 in
857 651 896 724 lis
909 669 982 744 qam
996 652 1095 724 tinem
1109 652 1227 727 Eccle·

96 774 153 841 rie
170 773 342 860 preprium
359 769 456 837 siml
473 769 649 855 attingant.
667 769 764 854 Quod
773 769 851 838 ride
871 770 975 838 fndus
989 773 1172 859 expositum
1185 773 1221 842 ist

96 889 179 958 meis
191 887 388 956 mactetibus
399 888 438 953 de
448 888 524 953 lare
536 888 690 972 literatos,
702 889 787 954 etde
798 889 873 954 Jcrc
885 890 1027 955 mbae
1038 891 1166 956 relative
1177 893 1220 956 cd

96 1002 204 1072 ciuiles
212 1008 380 1072 coetctctcc

140 1121 312 1188 Preterea
323 1137 422 1187 nemo
435 1137 502 1187 non
516 1115 622 1198 ridet,
640 1123 722 1205 quet
734 1119 905 1206 perpetuis
926 1119 1082 1205 periculis
1096 1127 1132 1189 st
1144 1140 1221 1209 per·

96 1235 339 1306 turbationibus
370 1240 567 1324 quateretur
601 1235 768 1315 Ecclesia,
801 1236 829 1302 si
853 1236 936 1303 laica
962 1245 1128 1322 potestas,
1158 1232 1221 1307 sub
1326 1236 1329 1240 ⁴

97 1363 254 1440 pretextu
279 1352 369 1440 qucd
394 1370 505 1438 neque
528 1351 686 1418 inferiora
707 1351 882 1420 tribunalia
900 1354 1135 1435 ecclesiastica,
1166 1374 1224 1424 ne·

97 1472 247 1558 queipsc
275 1471 365 1555 Papa
387 1467 547 1556 justitiam
574 1477 664 1536 recte
689 1468 724 1534 in
750 1471 856 1535 causis
878 1471 1107 1538 ecclesiasticis
1126 1488 1221 1539 ‹sarcer-¹

98 1595 204 1668 ceant‚
230 1594 340 1671 posset
364 1604 419 1652 eas
439 1603 552 1652 causas
574 1585 637 1651 sibi
661 1585 829 1653 vindicare
854 1595 889 1653 st
919 1606 1073 1673 supremo
1098 1587 1221 1675 judicio

98 1704 250 1773 delinire.
273 1704 365 1788 Saepe
378 1703 496 1789 sepius
516 1704 602 1770 enim
625 1703 797 1769 saeculares
823 1705 987 1789 principes
1006 1724 1069 1790 pro
1094 1706 1221 1775 intenso

99 1840 158 1888 sne
175 1822 210 1887 in
230 1823 407 1888 Ecclesiam
429 1821 547 1901 animo,
567 1814 626 1888 aut
646 1820 713 1906 jam
736 1821 902 1889 titubante
926 1841 1041 1890 eorum
1064 1823 1222 1891 catholice

98 1935 175 2018 lide,
199 1936 337 2024 injustas
361 1942 519 2005 vocarent
540 1936 771 2003 ecclesiasticae
786 1938 973 2016 sententias,
994 1957 1066 2024 quae
1091 1937 1219 2025 injusta

99 2057 229 2123 minime
255 2061 379 2125 essent.
399 2056 491 2139 Saepe
517 2056 634 2139 sapius
656 2056 801 2140 ipsorum
820 2054 864 2122 de
888 2055 988 2122 rebus
1008 2047 1105 2122 meris
1125 2056 1221 2130 etde

100 2171 202 2239 causis
213 2169 437 2254 spiritualibus
452 2170 620 2256 sententie
635 2169 800 2237 schismati
810 2175 846 2236 et
859 2170 974 2238 baeresi
988 2171 1154 2239 faverent,

138 2290 310 2358 Praeterea
320 2306 451 2372 semper
460 2288 584 2372 poterit
592 2286 693 2354 Sedes
702 2287 885 2372 Apostolica
896 2290 1059 2356 secularis
1067 2291 1222 2378 principis

98 2407 245 2477 iacausa
266 2407 482 2474 ecclesiastica
502 2403 662 2491 judicium
682 2404 848 2492 judicare;
867 2407 942 2492 quia
956 2407 1026 2474 haec
1046 2427 1161 2490 causa,
1179 2428 1222 2475 an

100 2535 327 2614 competenter
344 2533 380 2593 et
397 2523 485 2612 juste
508 2525 771 2611 pronuntiaverit
789 2525 953 2592 saecularis
973 2533 1119 2610 potestas
1134 2528 1219 2595 circu

98 2662 149 2716 res
173 2645 220 2714 ad
240 2643 500 2733 jurisdictionem
519 2642 771 2710 ecclesiasticam
791 2644 1005 2727 pertinentes,
1025 2653 1077 2711 est
1096 2650 1132 2711 et
1148 2646 1219 2730 ipsa

95 2781 193 2834 muse
218 2763 446 2831 ecclesiastica.
473 2759 568 2828 Unde
590 2762 618 2827 si
640 2759 835 2845 admittatur
857 2761 892 2826 in
915 2762 1005 2846 Papa
1019 2767 1055 2828 et
1071 2762 1218 2848 principa

95 2884 266 2968 reciproca
290 2886 435 2967 potestas
458 2878 543 2945 alter
559 2878 694 2944 alterius
718 2876 842 2964 judicia
865 2877 1087 2958 reformandi,
1109 2877 1219 2944 nullus

95 2997 169 3069 lari
190 2996 316 3084 poterit
337 2995 503 3064 conflictui
525 2994 616 3072 finis,
642 2992 703 3060 sed
733 3001 857 3060 reterns
886 2993 1070 3060 remanebit
1096 2999 1220 3061 statuta

95 3135 220 3205 rugna.
241 3116 357 3183 Potest
380 3112 514 3200 quidem
536 3111 678 3192 admitti,
703 3119 738 3178 ct
757 3110 962 3178 admittenda
979 3110 1139 3197 probatur
1159 3113 1220 3179 Ec«

95 3235 203 3305 alcsiae
229 3241 374 3318 potestas
389 3229 494 3316 judici
507 3228 652 3296 seculari
667 3227 852 3313 supplendi,
871 3226 1004 3315 quando
1023 3228 1061 3296 id
1081 3229 1221 3315 requirit

95 3351 266 3442 spirituale
282 3349 432 3417 fidelium
443 3348 583 3433 bonum3
604 3353 639 3413 et
656 3345 732 3412 binc
741 3364 887 3413 summus
904 3345 987 3413 crdo
1005 3367 1012 3414 :
1030 3353 1146 3415 atvero
1165 3346 1221 3414 ad·

95 3470 184 3539 mitti
197 3468 312 3555 nequit
325 3467 504 3552 reciproca,
522 3464 599 3552 qnia
618 3462 696 3532 iude
720 3484 847 3532 summa
868 3463 1026 3546 confusia,
1048 3484 1147 3552 quam
1162 3485 1220 3533 ro·

95 3586 199 3658 :uisse
218 3588 327 3652 Deum
342 3585 482 3669 supponi
496 3583 622 3668 nequit.
1045 3670 1046 3673 Ἴ

136 3705 226 3773 Hinc
241 3703 372 3769 omnine
391 3697 618 3767 concludenda
638 3698 848 3784 illegitimitas
872 3699 1129 3784 appellationum
1148 3707 1221 3767 tsn-

95 3841 196 3912 qnam
210 3823 249 3886 cb
265 3822 372 3902 mma,
391 3839 410 3885 a
426 3817 589 3885 sententia
608 3817 825 3883 ecclesiastica
839 3814 883 3882 ad
898 3817 1083 3884 saecularem
1102 3817 1221 3901 prinda

95 3958 191 4027 pem;
211 3936 271 4006 sed
283 3937 352 4004 haec
370 3935 414 4003 ad
430 3942 610 4002 tractatum
626 3937 664 4000 de
682 3938 757 4000 Jcrc
773 3936 913 4000 Ecclesiae
927 3937 1055 4000 relative
1069 3936 1110 4000 ad
1130 3940 1220 4000 socic-

95 4059 293 4127 woroime-s
306 4056 515 4122 remittimus,
1020 4061 1024 4070 ·
1246 4060 1248 4065 ·

97 4170 116 4213 -’
143 4178 272 4261 Otptctea
289 4177 334 4240 1⁰.
347 4171 493 4240 Admissa
507 4168 694 4257 hujusmodi
707 4168 866 4248 doctrina,
888 4167 1017 4235 nullum
1034 4178 1221 4238 remaneret

98 4292 294 4373 remedium,
307 4280 390 4358 ‘basa
406 4308 472 4376 qna
488 4287 594 4374 judex
609 4287 856 4366 ecclesiasticus,
876 4292 912 4353 et
932 4287 1031 4353 etiam
1047 4288 1117 4373 ipse
1132 4288 1221 4374 Papa

103 4408 147 4481 at
158 4430 257 4499 quem
270 4416 514 4488 commeretur,
528 4427 571 4479 ex
587 4427 701 4476 errore
715 4412 773 4473 aut
785 4404 933 4492 nequitie
949 4406 1060 4494 inique
1078 4425 1222 4492 pmnunff
