2714 4980
116 280 181 344 440
416 371 419 377 .
459 299 647 349 massanos
667 301 712 349 nn
733 301 882 349 marcus.

161 416 367 491 Contrarium
382 432 491 492 tamen
505 427 560 492 alii
573 433 687 493 tenent
703 445 775 493 cum
792 427 886 505 Rota,
904 447 948 494 ex
965 427 1124 512 gravibus
1139 429 1218 494 ratio

116 539 222 618 nibus
249 559 329 625 quas
353 539 431 608 vide
454 542 543 627 apud
564 543 759 609 Leurenium
785 541 833 630 (dc
858 549 990 608 Vicoriis
1017 548 1136 628 Episc,
1154 565 1180 610 c.
1193 548 1218 621 3,

117 675 149 744 q.
167 658 243 736 aaa,
261 678 294 722 n.
309 654 355 740 a).

160 780 241 841 Noto
260 779 289 840 l.
308 779 406 843 Posse
425 784 535 843 tamen
548 777 670 864 absque
686 778 818 863 speciali
832 775 988 845 mandato
1002 777 1169 845 Vicarinm
1182 799 1223 864 ge

116 891 272 970 uenalem,
294 892 402 976 quoad
417 891 578 959 beneficia
594 893 877 979 jurispatronatus,
895 901 1116 978 praesentatos
1142 915 1161 960 a
1179 914 1223 978 pa·

115 1008 219 1074 tronis
248 1010 438 1089 instituere,
474 1010 550 1077 aide
580 1011 669 1095 apud
704 1011 860 1078 eumdem
893 994 1100 1078 Leureninm
1132 1011 1221 1100 (ibid,

117 1143 149 1210 q.
169 1122 258 1208 234).

117 1246 241 1307 -·Nota
258 1244 290 1306 2.
314 1241 413 1310 Plura
433 1244 496 1309 alia
520 1246 653 1329 quesita
676 1243 718 1310 de
743 1249 905 1330 potestate
932 1243 1055 1309 Vicarii
1080 1244 1224 1328 generalis

116 1358 201 1423 circa
218 1377 288 1424 rem
303 1358 560 1440 beneficiariam,
576 1360 651 1426 ride
667 1359 756 1446 apud
771 1359 896 1427 dictum
910 1360 1114 1427 beureninm
1131 1359 1225 1447 (delo

116 1479 208 1539 coriis
223 1477 341 1558 Epioe,
359 1476 465 1560 capite
482 1473 528 1560 4).

579 1761 712 1828 CAPUT
726 1765 766 1829 V.

318 2030 362 2077 DE
376 2029 569 2078 vtcaltlarcs
586 2028 767 2077 causatus
782 2029 1031 2100 remeandum.
1048 2025 1050 2029 ’

164 2289 191 2354 Ι.
210 2292 258 2353 Aa
272 2293 409 2353 Vicartos
420 2291 570 2371 poteratis
593 2293 634 2351 sit
652 2291 810 2370 diputtos?
824 2325 869 2336 -
884 2287 1047 2354 strictiori
1074 2307 1171 2356 sensu
1190 2288 1230 2355 di

120 2404 224 2490 gnitas
249 2412 395 2502 vocatur,
421 2424 486 2470 non
509 2403 681 2489 quodlibet
701 2401 845 2470 officium
869 2424 944 2470 cum
966 2405 1191 2488 praecedentia
1204 2413 1231 2471 et

117 2519 354 2606 jurisdictione,
373 2521 434 2588 sed
459 2520 629 2587 dumtaxat
652 2519 797 2586 officium
822 2531 1015 2604 perpetuum,
1040 2542 1103 2589 seu
1127 2523 1231 2589 titulus

120 2641 155 2701 ir.
171 2645 348 2720 perpetuom
367 2637 504 2705 collatus
520 2639 572 2703 cui
592 2657 717 2704 annexa
742 2645 793 2704 est
812 2638 1034 2721 procedentia
1059 2646 1096 2705 et
1114 2639 1233 2725 jurisd'r

121 2750 197 2816 ctio.
219 2748 313 2836 (Vide
326 2769 435 2816 meum
448 2756 624 2816 tractatum
639 2753 676 2814 de
691 2753 853 2832 Capitulis,
863 2769 897 2834 p.
917 2747 985 2836 79.)
1007 2753 1117 2818 Minus
1135 2760 1232 2819 autem

121 2867 234 2933 stricto
242 2885 339 2933 sensu
354 2867 491 2951 dignitas
506 2872 652 2946 vocatur,
668 2868 725 2951 qui
736 2887 778 2932 ex
793 2867 901 2933 officio
916 2887 975 2935 suo
989 2868 1233 2952 praecedentiam

121 3003 195 3050 cum
211 2983 438 3068 jurisdictione
453 2984 593 3063 obtinet,
609 2985 735 3051 etiamsi
752 2984 897 3049 officium
914 2985 1017 3068 ipsius
1031 3005 1101 3051 non
1118 2987 1161 3052 sit
1172 3005 1237 3070 per·

121 3109 270 3185 petuum,
294 3100 354 3167 sed
376 3100 419 3167 ad
438 3107 553 3168 nutum
571 3100 770 3168 revocabile.
796 3103 868 3184 Qua
890 3102 997 3184 posita
1020 3100 1234 3180 distinctione,

121 3224 214 3300 patet
228 3217 392 3283 Vicarium
404 3218 591 3302 generalem
604 3235 670 3281 non
680 3232 751 3283 esse
769 3215 961 3301 dignitatem
971 3218 1006 3282 in
1019 3218 1124 3302 priori
1135 3235 1234 3294 sensu,

122 3351 196 3397 cum
214 3332 256 3397 sit
268 3331 311 3398 ad
327 3340 444 3399 nutum
458 3332 606 3417 Episcopi
624 3330 830 3410 revocabilis,
859 3328 943 3398 bene
969 3350 1054 3401 vero
1080 3335 1115 3399 in
1137 3341 1236 3418 poste

122 3449 211 3527 riori,
229 3467 303 3514 cum
319 3450 381 3533 ipsi
399 3455 563 3532 competat
584 3447 802 3532 praecedentia
816 3457 851 3514 et
865 3448 1063 3535 jurisdictio.
1084 3451 1185 3538 Cujus
1199 3449 1237 3518 d'r

123 3566 301 3633 stinctionis
319 3586 392 3652 ope,
411 3566 505 3632 facile
521 3564 564 3631 ad
582 3563 785 3632 concordiam
800 3563 939 3633 reduces
953 3568 1046 3634 varia
1067 3570 1237 3636 canonista·

123 3703 197 3750 rum
219 3683 279 3750 hac
298 3682 341 3749 de
357 3703 394 3749 re
414 3682 513 3749 dicta.

169 3802 302 3867 Certum
312 3809 421 3866 autem
432 3810 482 3868 est
495 3801 624 3867 Vicario
640 3800 787 3885 generali
804 3818 898 3884 posse
914 3798 1064 3886 delegem
1079 3822 1191 3871 causas
1208 3806 1235 3871 in

122 3918 269 4003 partibus
284 3916 400 3984 aSede
414 3918 617 4002 Apostolica3
634 3916 782 4002 quamvm
796 3916 869 4001 jure
886 3924 1021 3983 cautum
1040 3920 1085 3984 sit
1105 3928 1144 3985 ut
1170 3919 1235 3985 talis

6 4027 19 4052 '
124 4035 286 4120 delegatio
300 4035 374 4102 fieri
390 4042 549 4120 nequeat,
568 4035 629 4101 nisi
646 4035 791 4119 personis
805 4034 839 4099 in
855 4033 1025 4118 dignitate,
1054 4037 1110 4104 vel
1133 4037 1234 4103 saltem

126 4152 217 4236 quasi
235 4151 392 4236 dignitate
408 4152 605 4218 constitutis.
1041 4163 1044 4166 ·

170 4267 213 4332 ΙΙ.
235 4276 282 4331 An
298 4263 439 4332 ‘Viccrtos
458 4263 606 4350 pecoralis
623 4270 721 4351 quood
736 4270 983 4349 praecellentium,
1011 4277 1149 4353 superior
1166 4274 1230 4350 iosc-

128 4389 225 4446 rioroe
244 4388 375 4467 capitolo
398 4388 558 4450 censendus
578 4390 646 4449 ait?
662 4423 706 4433 -
726 4383 920 4470 Respondeo
943 4407 950 4451 :
971 4377 1028 4471 qui
1052 4407 1118 4454 non
1143 4384 1228 4452 habet
