2714 4980
121 306 186 370 toi
473 322 659 371 macrinus
682 322 726 371 nn
745 322 893 371 sumens.

117 464 191 533 quae
205 458 325 532 nempe
347 446 524 530 respiciant
542 464 692 531 regnum,
716 449 894 527 civitatem,
915 454 974 515 cett
988 447 1082 514 ollam
1095 462 1209 516 commo·

118 564 270 647 nitatcm3
291 574 333 627 ne
360 563 564 646 privatorum
589 563 793 646 pactionibus
817 562 1047 649 prejudicium
1074 563 1211 632 inieratn

117 676 204 745 bono
229 677 377 763 publico.
413 681 448 744 8·
475 679 586 744 Causa
613 696 727 745 omnes
750 694 850 764 super
875 679 993 765 quibos
1022 676 1153 765 transigi
1170 692 1213 747 bc·

117 795 199 878 quit.
234 792 327 880 (Vide
350 792 652 879 schmalagrueber,
672 795 707 860 in
723 796 775 860 tit.
794 796 850 874 lt,
868 795 946 862 libri
967 799 980 861 l
1002 793 1211 877 decretalium,

115 924 149 976 n.
172 907 240 995 16.)

160 1030 252 1092 Noto.
278 1024 449 1108 Quomodo
473 1004 683 1110 dignoscatur
703 1035 816 1094 utrum
848 1035 1040 1112 competens
1058 1028 1102 1093 sit
1122 1028 1216 1093 crbttn

108 1148 205 1226 jeria,
224 1161 290 1208 non
306 1150 356 1207 est
368 1160 427 1209 cur
439 1142 606 1227 speciatim
617 1143 833 1228 expendatur.
847 1143 979 1210 Arbiter
992 1145 1080 1211 enirn
1092 1142 1170 1230 juris
1180 1150 1217 1211 cst

117 1258 282 1324 adinstar
302 1257 421 1343 judicis
443 1258 584 1343 delegati
603 1260 711 1345 quoad
733 1260 981 1351 determinatam
1003 1261 1142 1346 aliquam
1158 1276 1217 1327 ctu·

117 1392 202 1455 sum,
232 1382 268 1442 et
287 1375 404 1442 eodem
426 1372 523 1441 modo
541 1396 579 1442 ac
602 1394 662 1460 pro
684 1375 795 1462 judice
819 1376 967 1461 delegato
988 1374 1090 1460 ipsius
1107 1392 1217 1462 compe

116 1492 220 1558 tentia
251 1491 399 1576 dignosci
429 1498 549 1575 potest.
581 1493 622 1557 Et
649 1491 725 1559 ideo
758 1491 928 1577 requisitas
963 1490 1164 1559 conditiones
1190 1498 1218 1558 ut

116 1607 241 1674 arbiter
267 1608 409 1691 legitime
440 1606 675 1687 constituatur,
704 1606 746 1672 ad
776 1607 915 1673 arbitros
938 1608 1218 1692 compromlmarics

116 1723 355 1789 restrinximus.

159 1839 215 1906 IV.
233 1840 497 1922 Dejnrisdiettonc
522 1858 573 1902 sen
592 1844 787 1922 competentia
812 1859 852 1902 en
876 1844 1113 1920 reconventione,
1139 1852 1218 1903 corso

115 1960 296 2019 connexione
314 1962 343 2018 ct
355 1957 519 2036 prtottepto
556 1963 674 2021 exorto.
698 1986 744 2003 --
765 1955 944 2021 Recensitls
972 1955 1080 2022 modis
1103 1953 1217 2042 J'urlsd‘r

116 2072 258 2136 ctionem
271 2088 329 2135 scu
346 2070 598 2152 competentiam
626 2069 913 2136 extraordinariam
935 2069 1147 2155 acquirendi,
1174 2084 1217 2136 m·

115 2184 323 2252 numeranda
353 2192 430 2250 sunt
450 2186 681 2264 reconventio,
705 2200 810 2252 causae
831 2186 1013 2265 connexio,
1042 2191 1079 2252 et
1104 2184 1219 2272 pn'dlc

116 2301 221 2386 gium3
239 2299 413 2387 dequibus
436 2307 585 2367 remanet
595 2298 757 2368 tradenda
772 2300 882 2388 quoad
896 2306 1093 2386 presentem
1106 2314 1219 2385 scopam

116 2418 217 2484 notio.
1202 2491 1205 2495 .

165 2535 195 2598 l.
222 2532 309 2616 Quid
326 2533 367 2599 sit
387 2534 609 2614 reconventio,
632 2541 666 2601 ct
680 2531 844 2620 quomodo
858 2553 921 2619 per
937 2550 1009 2600 eam
1022 2532 1137 2621 judex,
1161 2530 1221 2599 alio·

118 2649 196 2735 quin
220 2649 458 2734 incompetens,
481 2656 672 2734 competens
687 2651 817 2716 evadat.
842 2688 888 2702 -·-
908 2648 1047 2733 Quando
1071 2652 1159 2718 Reus
1179 2662 1220 2717 nt

117 2784 189 2832 ram
210 2764 320 2851 judice
344 2772 534 2845 conventus,
556 2766 696 2832 uicissim
720 2768 790 2850 ipse
806 2768 960 2834 Actorcm
986 2786 1099 2834 coram
1122 2766 1220 2835 eodcn

117 2881 226 2968 judice
241 2884 403 2961 convenit,
417 2881 487 2966 ejus
500 2890 592 2948 actus
606 2889 792 2947 reconventic
803 2891 952 2949 uocatur.
967 2885 1006 2950 In
1020 2902 1119 2952 causa
1128 2890 1219 2952 auten

118 3018 216 3086 quam
231 2999 320 3065 Reus
334 3000 380 3064 sic
395 3003 626 3064 reconvenienno
636 3001 792 3086 proponit
805 3008 920 3066 contra
932 3001 1098 3080 Actorum,
1113 2999 1220 3088 ipsedt

118 3117 228 3197 Actor,
248 3124 282 3181 ct
295 3116 368 3182 uice
382 3134 477 3182 versa
490 3115 591 3183 Actor
608 3116 668 3182 Rei
685 3133 859 3200 personam
872 3115 990 3182 induit.
1009 3116 1107 3184 Unde
1125 3115 1221 3184 eiam

121 3240 174 3298 cte
200 3236 390 3297 servaretur
424 3231 566 3297 celebris
590 3232 723 3316 regula,
752 3235 846 3296 Actor
875 3236 974 3315 sonant
1006 3235 1062 3298 liet
1091 3241 1218 3317 woclin,

121 3350 178 3433 qui
198 3348 405 3426 reconvenit,
429 3365 495 3412 non
512 3356 624 3432 posset
643 3347 678 3413 id
696 3347 806 3414 facere
832 3348 893 3414 nisi
917 3364 1027 3415 coram
1049 3348 1223 3416 tribunalia

120 3483 185 3551 quo
200 3463 325 3548 pendet
338 3463 474 3530 adversa
489 3482 575 3548 pars.
592 3464 655 3531 Sed
669 3464 743 3550 jure
760 3465 924 3543 canonico,
937 3482 1003 3530 non
1015 3466 1126 3532 minus
1142 3480 1223 3552 quan

121 3579 329 3657 Iustinianeo,
346 3580 479 3645 cautum
501 3586 562 3655 est,
587 3587 626 3645 ut
641 3578 699 3643 ubi
714 3578 752 3644 fit
772 3580 956 3657 conventio,
984 3579 1032 3644 ibi
1050 3581 1149 3646 simul
1167 3578 1226 3646 ficrl

121 3698 222 3782 possit
235 3697 462 3781 reconventio;
481 3704 516 3762 et
529 3696 631 3782 jadex
649 3698 706 3782 qui
722 3696 980 3782 jurisdictionem
1004 3696 1106 3765 habet
1121 3699 1228 3766 adter-

121 3813 304 3881 mirandam
313 3830 440 3879 causam
450 3813 830 3897 conventionis,hocipso
838 3813 994 3899 aequalem
1001 3812 1123 3882 habeat
1130 3814 1231 3883 adter-

121 3928 305 3996 minandum
326 3929 421 3995 simul
440 3944 568 3995 causam
582 3929 863 4012 reconventionis3
880 3936 918 3994 ut
932 3936 1024 4013 patet
1037 3946 1080 3996 ex
1093 3933 1190 3999 titulo
1202 3930 1230 4007 l,

122 4050 159 4111 de
174 4048 288 4111 Mntnts
296 4048 505 4128 petitionibus,
527 4046 603 4111 libri
616 4048 636 4110 Ξ
650 4044 877 4110 decretalium.
894 4046 935 4110 lit
948 4046 995 4110 sic
1014 4049 1128 4113 evenit
1141 4056 1180 4115 ut
1191 4049 1236 4135 jn·

122 4161 197 4241 dex,
210 4163 266 4247 qui
279 4159 550 4247 jurisdictionem
565 4161 703 4246 aliquam
716 4179 845 4227 oausam
857 4167 994 4240 careret,
1010 4182 1084 4228 eam
1096 4167 1239 4252 acquirat

122 4279 148 4345 si
167 4297 261 4344 causa
279 4277 348 4347 hac
363 4297 424 4362 per
438 4277 574 4345 modum
594 4279 861 4346 reconventione
887 4297 995 4347 coram
1013 4280 1119 4365 ipsius
1139 4285 1241 4353 tribu·

121 4394 187 4459 nali
200 4401 410 4478 proponatur.
