2714 4980
197 301 261 370 130
547 314 733 363 rnaoraros
755 314 800 362 nu
823 312 971 362 runicus.

192 452 265 511 tum
283 449 337 510 est·
354 440 389 510 id
409 438 556 528 judicem
579 441 777 526 regulariter
795 459 902 527 posse.⁸
924 437 1081 524 «Aperte
1101 442 1241 516 constan
1266 435 1310 502 ait

196 558 514 644 «Schmalzgrueber
523 557 606 646 (loco
618 559 729 638 citato,
741 572 775 623 u.
788 556 840 644 io)
852 557 975 642 exlege
987 561 1176 639 Qaaocmpoc
1185 557 1219 633 2,
1230 551 1264 619 ff.
1278 556 1311 619 Si

195 682 294 760 opacis
306 681 411 760 iujos,
428 682 462 740 et
475 674 549 758 lege
560 677 597 739 Si
613 679 682 755 pois
693 674 763 757 cita3
780 671 992 738 ubidicitur:
1008 675 1158 737 Protoris
1175 675 1222 734 ert
1237 673 1315 734 crte

195 817 212 855 n
226 812 309 858 marc
325 811 366 856 on
381 810 437 855 stro
455 794 496 854 sit
504 791 692 873 jurisdictio.
711 788 807 854 Ratio
830 795 881 855 est
908 788 983 873 quie
1002 785 1309 877 hujusmodi-causat

196 909 302 975 «licet
316 907 457 992 propriae
470 905 585 971 similis
597 905 650 982 sit,
668 923 786 970 revera
800 911 911 970 temen
926 911 1058 971 nonest
1074 903 1224 987 propria,
1241 918 1314 968 cum

195 1047 211 1086 a
226 1022 296 1110 ejus
310 1020 564 1088 commodumst
582 1019 705 1086 utilitas
723 1018 767 1086 ad
778 1018 922 1106 judicem
939 1014 1201 1104 nonpertineat
1220 1018 1315 1085 doce

193 1161 210 1202 n
225 1138 274 1206 dit
287 1139 362 1224 quia
375 1137 495 1220 praevia
511 1135 672 1221 ejusmodi
685 1136 824 1221 cognitio
839 1136 1020 1202 necessaria
1034 1143 1084 1202 est
1095 1133 1313 1222 dijudicandi

194 1279 212 1318 «
226 1273 361 1323 munere
377 1253 440 1319 rite
457 1252 551 1337 fungi
562 1252 665 1339 judex
680 1256 791 1338 possit.
811 1251 967 1319 Procedit
988 1260 1098 1318 autem
1116 1251 1180 1318 hoo
1193 1255 1314 1335 reputo-

193 1396 210 1434 «
224 1378 310 1437 riter.
326 1372 407 1436 Nam
426 1370 546 1453 triplici
567 1388 642 1436 casu
663 1348 859 1454 cognoscere
878 1368 922 1435 dc
942 1367 1167 1455 jurisdictione
1189 1369 1225 1433 in
1242 1386 1314 1434 eon-

194 1487 417 1555 «troversiam
429 1493 545 1565 tracta,
561 1507 603 1552 an
616 1506 676 1552 sua
688 1488 740 1565 sit,
752 1488 866 1572 nequit
881 1507 888 1553 :
906 1488 938 1552 1⁰
950 1484 1080 1572 quando
1091 1484 1250 1572 objicitur
1260 1484 1313 1552 de

166 1613 171 1621 ·
194 1605 331 1671 (efectus
345 1604 501 1688 sugillans
522 1622 695 1687 personam
714 1602 879 1688 ejusdem,
903 1603 998 1669 verbi
1021 1602 1133 1687 gratia,
1155 1598 1250 1688 quod
1275 1602 1314 1667 sit

195 1745 211 1782 n
224 1719 528 1797 excommunicatus,
553 1718 691 1798 infamis,
714 1717 947 1804 jurisdictionis
963 1720 1114 1803 incapax;
1132 1715 1314 1802 mqaando

194 1862 211 1898 n
226 1844 398 1905 recusatur
414 1843 452 1901 ut
466 1842 649 1918 suspectus,
668 1835 730 1900 nisi
749 1836 900 1920 exceptio
916 1835 1104 1919 suspicionis
1117 1835 1159 1899 sit
1173 1833 1312 1919 frivola3

193 1978 210 2017 n
225 1957 259 2021 3⁰
273 1954 300 2018 si
313 1951 415 2037 judex
428 1948 521 2035 cnjus
533 1948 716 2034 jurisdictio
728 1949 830 2018 dubia
845 1960 906 2030 est,
920 1970 962 2018 ex
971 1951 1155 2035 cognitione
1168 1950 1314 2016 notabile

194 2069 481 2136 «emolumentum
498 2073 719 2149 percepturus
734 2075 797 2134 est.
813 2089 831 2130 »
850 2066 1164 2156 (Schmalzgmeberp
1181 2067 1218 2130 in
1240 2065 1316 2131 titu-

190 2186 286 2256 luml
306 2187 344 2249 de
355 2185 497 2264 iudiciis,
514 2181 625 2247 lihri2
644 2181 869 2266 decretalium,
884 2206 917 2250 n.
935 2183 1002 2271 19.)

236 2299 411 2365 Notandum
424 2302 503 2360 circo
513 2301 678 2382 postcras
688 2304 885 2381 exceptionem
899 2335 947 2360 .—
963 2298 1077 2383 aliquo
1091 2302 1190 2363 seusu
1203 2304 1316 2381 potest

192 2412 344 2482 sustineri
365 2413 488 2478 nullam
503 2412 575 2479 dari
591 2415 815 2504 exceptionem
835 2413 878 2481 ad
898 2415 1093 2500 precipuum
1109 2414 1201 2478 illem
1217 2432 1318 2500 regu-

191 2531 257 2596 lum
274 2528 445 2614 jurisque
467 2539 675 2612 praecavetur
692 2550 729 2595 ue
750 2535 926 2615 poisjcdec
944 2537 986 2596 sit
1005 2537 1189 2614 inproprie
1208 2550 1313 2596 occec

191 2648 273 2712 Nam
287 2645 315 2710 si
331 2649 552 2730 voxjodr'ciom
566 2648 599 2712 in
614 2666 654 2712 ea
669 2647 782 2713 stricte
796 2647 1029 2731 significatione
1040 2654 1201 2727 sumatur,
1217 2667 1317 2734 quam

191 2764 226 2828 iu
237 2763 340 2846 prima
353 2763 497 2828 sectione
513 2763 810 2842 dctenninavimus‚
828 2765 874 2828 ita
889 2782 1008 2848 nempe
1031 2772 1070 2831 ut
1094 2761 1157 2828 hoo
1183 2766 1317 2833 nomine

191 2878 402 2963 intelligenda
419 2879 589 2945 dumtaxat
604 2880 715 2945 veniat
732 2886 881 2945 anteacta
897 2882 1027 2963 clicapos
1043 2883 1081 2946 de
1095 2900 1129 2945 co
1139 2885 1225 2964 prod
1238 2886 1318 2948 citer

191 3001 296 3059 costra
313 3001 435 3059 tertiora
452 2998 602 3077 postoioi,·
617 3001 651 3060 et
661 3004 900 3080 consequenter
910 2996 937 3060 si
948 2996 1232 3080 magistratusnon
1244 3011 1319 3065 een·

193 3110 315 3176 sendus
331 3113 373 3176 sit
382 3115 575 3194 judicialiter
598 3131 656 3177 seu
678 3119 832 3197 tanquam
849 3118 972 3195 proprie
981 3117 1082 3196 judee
1104 3114 1313 3198 procedere,

193 3227 253 3291 nisi
268 3226 354 3292 adsit
367 3228 401 3292 in
418 3226 552 3312 judicio,
570 3235 691 3313 praeter
706 3226 862 3314 judicem,
886 3229 1000 3314 aliquis
1019 3229 1119 3297 Actor
1142 3237 1179 3296 et
1196 3233 1317 3319 alirpais

193 3341 290 3421 Reus,
304 3341 466 3428 praedicte
479 3345 689 3428 exceptiones
704 3353 920 3430 evanescuut3
943 3346 1020 3432 quia
1032 3346 1073 3412 iis
1087 3346 1238 3413 admissis
1252 3366 1318 3414 non

192 3459 359 3543 reperitur
372 3460 475 3524 ulium
488 3452 620 3545 proprie
636 3460 761 3526 dictum
771 3460 930 3547 judicium
943 3463 978 3528 in
991 3482 1056 3548 quo
1073 3461 1241 3549 judex'd'c
1257 3484 1318 3533 sua

192 3575 326 3661 proprio
343 3594 440 3643 causo
463 3575 631 3643 decernet.
655 3581 761 3643 Primo
784 3579 871 3643 enim
891 3578 934 3644 ad
951 3577 1098 3664 judicem
1122 3591 1317 3668 supremum

193 3690 283 3778 quod
297 3693 431 3765 attinet
449 3692 580 3777 quaudo
600 3692 721 3759 dirimit
744 3712 874 3760 causam
888 3695 995 3778 ipsum
1011 3695 1101 3762 inter
1113 3701 1151 3762 et
1164 3697 1317 3767 subditos

194 3815 446 3885 controversam,¹
466 3807 642 3875 dicendum
659 3809 695 3875 id
711 3809 845 3895 quidem
863 3829 957 3896 posse
979 3812 1021 3878 ab
1042 3812 1115 3896 ipso
1132 3816 1266 3902 peragi3
1281 3824 1317 3883 at

192 3925 227 3990 in
237 3923 489 4009 eoproccdendi
505 3924 602 3992 modo
615 3944 682 3990 non
695 3926 760 3992 erit
773 3927 903 4010 proprie
911 3926 1040 3993 dictum
1045 3925 1207 4014 judicium
1221 3942 1317 4016 agno

162 4064 163 4067 ¹
193 4040 361 4122 scendum,
389 4060 463 4108 cum
479 4042 514 4107 in
536 4061 576 4108 eo
592 4042 677 4110 desit
692 4045 791 4111 Actor
806 4046 859 4112 vel
869 4047 955 4112 Reus
968 4065 987 4111 a
998 4044 1111 4133 judice
1127 4045 1327 4115 isunnam

194 4162 340 4240 Secundo,
367 4157 456 4225 idem
477 4158 666 4225 verificatur
690 4161 725 4226 in
746 4164 933 4229 memoratis
960 4162 1211 4246 exceptionibus
1244 4180 1313 4252 quo

194 4282 331 4342 ceteros
343 4273 470 4360 judices
486 4275 686 4361 respiciunt:
703 4278 737 4343 in
759 4279 799 4343 iis
816 4296 935 4364 nempe
959 4278 1098 4358 casibus,
1116 4279 1173 4346 vel
1194 4279 1313 4348 falsum

194 4400 245 4464 est
260 4412 316 4460 eos
324 4390 472 4479 judicare
488 4393 666 4479 inproprie
680 4413 787 4476 causa,
805 4396 860 4463 rel
871 4402 951 4463 tunc
967 4401 1067 4482 agunt
1080 4402 1240 4484 tanquam
1252 4403 1324 4464 ms'*
