2714 4980
184 289 249 353 406
532 302 720 351 rmcmrus
742 305 787 350 on
808 304 957 352 runicus.

183 438 252 496 tate
272 428 449 505 Pontifioia,
468 426 504 492 id
523 432 583 504 est,
605 428 732 493 aSaora
746 429 1004 514 congregatione
1020 431 1255 515 Episooporum
1267 439 1295 497 et

99 616 103 623 ,
184 546 394 630 regularium,
414 543 467 610 vel
484 543 625 621 Consilii,
644 553 736 611 certo
754 546 935 629 possidebit
946 547 1069 612 Viearii
1083 547 1244 631 generalis
1256 547 1296 633 ju·

188 661 425 745 risdiotionem;
445 679 552 745 neque
582 660 657 726 ullae
683 661 878 728 exorientur
900 661 1112 728 ‹liffioultates
1133 670 1193 728 aut
1213 662 1298 729 dubi-

185 778 336 858 tationes.

697 1015 713 1087 §
732 1011 790 1074 Ill.

238 1243 273 1291 ln
289 1241 421 1290 necessario
435 1242 459 1290 in
472 1254 611 1305 unaquaque
628 1240 723 1290 diocesi
745 1242 924 1294 constituendus
937 1245 968 1292 ab
982 1245 1099 1308 Episcopo
1115 1245 1147 1294 sil
1158 1244 1262 1294 viratim

678 1337 803 1399 generalis.

231 1590 259 1654 Ι.
286 1587 422 1651 Certum
437 1591 487 1650 est
502 1584 656 1651 doctores
670 1586 704 1652 in
725 1586 788 1682 boo
802 1606 867 1653 non
892 1588 1095 1655 concordare
1108 1611 1117 1674 ;
1133 1598 1236 1674 prout
1252 1590 1303 1657 ad-

187 1709 279 1771 notat
293 1700 473 1767 Leurenius
497 1699 545 1785 (de
562 1705 692 1765 Vtcuriis
706 1707 822 1784 Epioe,
841 1711 941 1787 eaput
962 1707 991 1782 l,
1013 1721 1046 1788 q.
1064 1703 1134 1789 27).
1152 1706 1217 1771 Alii
1231 1706 1306 1772 enim

189 1819 335 1887 sentiunt
352 1838 417 1883 non
432 1817 540 1883 teneri
558 1818 766 1903 Episcopum,
788 1820 936 1887 absolute
954 1820 1134 1905 loquendo,
1150 1823 1215 1888 sibi
1228 1823 1308 1888 Visa

190 1937 275 2003 rium
300 1932 485 2017 generalem
505 1933 715 1998 constituere.
746 1934 807 2000 Alii
832 1936 947 2001 volunt
975 1936 1122 2002 eumad
1149 1937 1186 2002 id
1212 1938 1309 2004 teneri

190 2054 288 2121 etiam
314 2056 407 2114 extra
433 2068 542 2114 casum
573 2051 786 2116 necessitatis.
804 2050 865 2118 Aut
884 2052 1018 2119 tandem
1040 2051 1249 2137 distinguunt
1268 2056 1309 2118 in-

189 2177 243 2236 ter
257 2185 366 2233 casum
379 2184 443 2250 quo
458 2165 638 2249 Episcopus
658 2166 829 2233 commode
846 2176 956 2251 potest
973 2170 1196 2254 perseipsum
1213 2171 1310 2237 omnia

193 2283 372 2350 dimoeseos
402 2281 532 2365 negotia
559 2280 731 2365 expedire,
761 2291 796 2349 et
817 2303 926 2350 casum
948 2303 1012 2370 quo
1036 2284 1072 2350 id
1093 2287 1232 2371 nequit,
1251 2287 1309 2352 sire

75 2407 76 2410 ’
193 2399 282 2487 quod
305 2399 381 2464 satis
403 2399 528 2481 peritus
552 2399 621 2481 ipse
647 2418 712 2465 non
738 2401 798 2477 sit,
824 2402 892 2467 sive
918 2401 959 2466 ob
986 2400 1139 2467 dioeeesis
1167 2403 1310 2486 amplitu-

194 2516 329 2593 dinem,
363 2514 611 2598 negotiorumve
642 2514 786 2580 molem:
817 2523 852 2582 et
880 2517 914 2580 in
943 2517 1120 2600 posteriori
1145 2515 1311 2602 hypothesi

196 2631 321 2698 debere
363 2630 404 2695 ab
440 2630 600 2714 Episcopo
638 2632 792 2697 constitui
817 2632 982 2699 Viearium
1012 2634 1227 2717 generalem,
1255 2651 1311 2698 non

197 2754 307 2816 autem
332 2748 365 2812 in
388 2746 490 2831 priori
512 2747 684 2812 sustinent.
707 2749 852 2830 Quorum
886 2750 1136 2837 canonistarum·
1152 2732 1312 2816 enumera-

196 2867 319 2932 tionem
344 2861 419 2929 uide
448 2861 537 2946 apud
557 2863 764 2942 Leurenium,
791 2864 889 2930 eitato
909 2865 994 2931 loeo.
1027 2865 1245 2933 Recentiores
1264 2885 1312 2931 au-

197 2991 277 3070 tem,
300 2987 399 3064 prout
426 2979 639 3045 Reiffenstuel
662 2980 706 3066 (in
729 2980 787 3046 lib.
806 2983 817 3045 l
836 2979 979 3059 derret,
998 2981 1049 3046 tit.
1070 2979 1181 3060 28‚'n.
1208 2980 1262 3068 65)
1285 2989 1312 3046 et

202 3097 371 3165 Ferrarius
385 3094 438 3182 (ad
450 3115 564 3161 vocem
587 3101 724 3161 Vtoara‘ur
743 3101 903 3179 generalis,
931 3105 992 3162 art.
1013 3100 1042 3176 1,
1069 3117 1105 3162 n.
1129 3096 1178 3182 4),
1195 3098 1313 3164 tertiam

199 3213 393 3279 sententiam
410 3213 613 3277 communius
638 3213 741 3279 serati
764 3220 850 3279 sunt.
878 3213 961 3279 Rota
980 3220 1090 3280 autem
1116 3214 1235 3298 primm
1254 3233 1314 3279 eon

198 3335 323 3393 stanter
337 3325 470 3392 adhaesit
491 3327 578 3414 (vide
598 3327 669 3413 ejus
699 3327 741 3393 de
760 3329 820 3392 hae
850 3349 886 3394 re
903 3327 1083 3395 decisiones
1103 3330 1197 3413 apud
1214 3333 1313 3397 Ferm-

201 3444 287 3511 rium
303 3443 375 3508 looo
397 3442 497 3510 eitato
513 3441 699 3528 indicatas).
722 3446 886 3510 Putarunt
899 3464 1018 3528 nempe
1035 3443 1135 3530 hujus
1154 3444 1313 3513 tribunalis

202 3567 359 3626 emunotae
372 3558 458 3624 naris
474 3559 546 3638 viri,
564 3559 647 3626 duas
662 3560 740 3626 alias
755 3561 932 3627 sententias
940 3561 1084 3644 rigorose
1093 3563 1252 3628 sustineri
1262 3579 1313 3628 non

201 3695 306 3763 posse.
328 3676 369 3743 Et
387 3695 505 3742 revera
519 3677 546 3741 si
562 3675 748 3760 diligentius
767 3678 977 3762 quoestionem
995 3677 1167 3758 rimemur,
1192 3680 1241 3748 ita
1257 3693 1312 3745 aaut

203 3791 431 3863 resolvendam
448 3791 637 3858 fatebimur.
661 3792 767 3871 Unde,

250 3910 293 3976 11.
310 3908 495 3975 Dicendum
521 3908 663 3987 uidetur,
697 3910 887 3993 simpliciter
910 3928 976 3975 non
988 3910 1096 3975 teneri
1111 3911 1146 3975 in
1159 3911 1230 3978 ullo
1250 3925 1311 3976 casu

204 4025 410 4110 Episoopum,
437 4026 543 4110 quiin
563 4023 695 4091 dioeoesi
717 4044 776 4090 sua
793 4024 929 4103 residet,
951 4025 1114 4091 Vioarium
1139 4026 1311 4111 generalem

204 4140 414 4220 constituere,
446 4141 511 4219 nisi⁴
525 4140 586 4205 hoo
602 4141 633 4204 ei
647 4140 825 4226 injunxerit
840 4139 1011 4207 Pontificio
1029 4142 1219 4209 auotoritas.
1245 4143 1311 4209 llam

206 4254 408 4330 admittenda
419 4277 485 4323 non
496 4261 545 4320 est
559 4257 710 4339 Episcopi
727 4255 892 4340 obligatio,
907 4272 979 4339 quae
996 4275 1059 4322 neo
1074 4276 1116 4322 ex
1131 4257 1205 4341 lege
1220 4255 1310 4323 eodo·

206 4372 342 4449 siastioa,
365 4391 426 4437 neo
450 4392 491 4437 ex
510 4371 585 4456 lege
604 4372 744 4446 naturali
762 4370 893 4456 probari
912 4378 1019 4454 potest
1040 4393 1046 4437 :
1067 4373 1160 4459 atqui
1181 4373 1253 4441 talis
1271 4374 1310 4437 at
