2714 4980
188 322 230 388 lu
323 296 325 299 ’
531 338 726 404 rrmersmss¹
739 339 785 387 on
806 338 954 389 morans.

187 493 207 522 s
221 467 338 546 mania,
355 463 485 533 auditas
508 467 797 551 utriusquepartis
812 466 966 546 rabones,
986 465 1147 534 sententia
1170 464 1300 534 damna·

192 612 207 638 ι
220 590 271 649 tos
288 583 372 650 Reos
388 583 445 669 qui
460 583 602 649 convicti
615 582 669 648 vel
686 589 895 650 contumaces
908 581 1044 649 fuerunt
1061 604 1068 649 :
1086 590 1154 661 aut,
1176 582 1210 648 in
1230 600 1302 650 oasa

192 701 424 768 «notorietatis
441 699 590 785 publica,
612 699 743 784 punitos
763 698 898 766 eosdem
915 707 989 784 post
1005 704 1109 765 cause
1131 697 1302 766 discussio

183 841 206 874 ·«
218 835 306 884 nem.
322 817 428 900 Quam
442 817 589 901 priorum
610 816 803 883 sesmarum
817 814 1019 901 disciplinam
1042 816 1069 880 si
1090 816 1163 900 quis
1182 833 1302 900 negare

191 933 310 1012 «velit,
327 951 460 1000 necesse
478 940 529 999 est
544 937 582 997 ut
597 931 748 1000 omnibns
764 950 835 1018 que
851 938 1078 998 remanserunt
1093 930 1212 998 harum
1226 939 1303 998 tene

190 1079 207 1106 a
221 1068 338 1135 porum
358 1052 575 1117 monumentis
597 1050 757 1117 historicis
773 1049 945 1116 valedicat.
963 1079 978 1106 »
1007 1048 1166 1138 (Bianchi,
1188 1052 1302 1115 Politia

187 1169 270 1231 dalla
287 1169 406 1248 clieta,
426 1168 450 1234 1.
472 1171 502 1246 1,
518 1186 548 1233 a.
569 1170 599 1246 5,
622 1170 681 1246 52,
699 1186 733 1232 n.
755 1164 821 1251 lt.)

236 1283 366 1350 «Caute
382 1303 461 1368 ergo
474 1282 636 1368 legendus
649 1284 790 1349 loannes
803 1285 957 1361 Marinus,
978 1299 1067 1361 aum,
1086 1283 1120 1347 in
1134 1299 1194 1348 suo
1207 1283 1305 1348 notis-

191 1429 206 1457 «
219 1401 298 1466 simo
318 1398 362 1464 de
380 1397 662 1466 administratione
682 1399 874 1465 sacramenti
886 1398 1090 1464 Paenitentia
1104 1415 1216 1482 opere,
1231 1415 1305 1482 per·

192 1545 206 1573 α
220 1513 360 1582 suadere
376 1515 488 1580 multis
502 1515 538 1580 in
552 1515 631 1580 lacis
647 1522 795 1593 conatur,
812 1533 874 1598 per
885 1513 981 1599 plura
991 1513 1110 1580 secula
1123 1531 1190 1578 non
1204 1512 1304 1580 fuisse

192 1658 206 1686 a
220 1649 373 1698 censuras
384 1649 403 1694 a
414 1631 605 1714 paenitentia
615 1629 749 1714 publica
761 1629 930 1696 distinctas
940 1652 948 1714 3
960 1647 1109 1714 novaque
1120 1629 1306 1713 posteains·

190 1747 371 1814 «titutione
384 1748 561 1825 invectum,
579 1754 617 1812 ut
634 1764 779 1812 censure
799 1746 909 1813 forent
928 1754 1019 1812 actus
1032 1744 1213 1830 judiciales,
1231 1762 1306 1810 con·

191 1888 207 1918 ι
217 1863 348 1930 tentiosi
362 1870 396 1929 et
408 1861 670 1948 jurisdictionem
685 1863 965 1946 presuppaneutis
983 1861 1047 1928 fori
1061 1881 1069 1926 ε
1082 1879 1148 1926 nan
1162 1860 1305 1926 extitisse

188 1978 358 2063 «proinde
375 1979 556 2046 multorum
575 1979 767 2045 seculorum
785 1984 895 2043 tractu
909 1976 1019 2043 forum
1029 1976 1180 2042 Ecclesiae
1196 1982 1306 2043 exter·

189 2122 207 2152 s
217 2114 295 2162 num
310 2094 352 2161 ab
363 2096 493 2161 interna
508 2093 673 2162 diversum
686 2115 694 2160 ε
708 2101 852 2182 tuncque
864 2108 1017 2159 censuras
1027 2112 1088 2177 pro
1098 2091 1306 2177 judicialibus

191 2238 207 2268 ι
218 2213 386 2278 sententiis
396 2211 656 2295 babericoeptas,
674 2208 804 2295 quanda
816 2211 938 2276 interni
948 2215 983 2275 et
994 2210 1121 2275 externi
1132 2209 1198 2275 fori
1210 2228 1304 2276 usur·

191 2353 207 2383 ι
219 2335 297 2411 pata
320 2326 484 2393 distinctio
504 2327 668 2415 (Marinus,
687 2331 724 2392 de
740 2330 864 2392 Admta.
884 2347 962 2392 sacr.
979 2331 1079 2406 raa,
1096 2327 1120 2393 1.
1138 2328 1172 2404 6,
1192 2345 1222 2391 c.
1246 2329 1300 2406 25,

191 2471 207 2500 a
219 2464 253 2509 n.
271 2440 336 2529 12).
351 2444 455 2526 Quam
463 2443 614 2528 proiecta
625 2443 824 2510 falsissimam
835 2443 1064 2528 opinationem,
1076 2448 1147 2509 tota
1156 2441 1304 2512 excludit

192 2561 351 2645 «nunqua
369 2559 518 2624 Ecclesiae
544 2558 722 2644 disciplina.
747 2560 778 2623 si
793 2557 938 2645 quidem,
964 2577 1029 2624 nan
1050 2559 1143 2624 novis
1162 2558 1300 2639 artibus,

188 2676 522 2744 s'sabolasticorumve
551 2675 803 2754 inventionibus,
825 2683 864 2741 ut
894 2676 964 2758 ipse
989 2673 1129 2754 dictitat,
1155 2674 1216 2741 sed
1242 2695 1304 2743 usu

185 2816 207 2850 ἰ
220 2794 450 2879 antiquissimo,
468 2812 605 2860 censura
622 2794 752 2877 proprie
775 2792 863 2859 dictu
881 2800 1043 2876 perpetuo
1061 2792 1124 2858 fuit
1139 2812 1158 2857 a
1171 2793 1303 2877 publica
1330 2822 1333 2827 ⁴

192 2938 207 2966 a
219 2909 414 2976 Paenitentia
426 2909 587 2988 dramata,
599 2916 699 2995 atque
710 2908 820 2976 habita
830 2926 892 2993 pro
902 2927 980 2975 vera
994 2907 1140 2994 judiciali
1148 2909 1303 2978 candem·

189 3027 364 3106 «natione,
380 3045 456 3093 cum
471 3028 613 3112 strepitu
629 3026 753 3093 scilicet
767 3035 802 3092 et
815 3026 1018 3093 solemnitate
1029 3025 1142 3111 judicii
1158 3045 1303 3111 pronun-

187 3173 207 3199 -a
220 3145 300 3210 tiata
312 3165 319 3209 :
334 3143 424 3229 quod
434 3143 530 3210 relati
543 3142 732 3210 Tertrdliani
746 3149 780 3208 et
793 3142 824 3207 S.
843 3143 996 3229 Cypriani
1008 3151 1121 3210 textus
1136 3134 1243 3228 palam
1254 3145 1303 3212 ta-

191 3286 207 3314 u
219 3259 343 3324 ciunt.»
363 3256 517 3344 (Bianchi,
531 3261 647 3327 Politia
668 3260 751 3322 della
767 3260 886 3339 Cbc'caa,
903 3259 927 3324 1.
949 3262 978 3337 1,
994 3279 1024 3325 a.
1045 3261 1076 3339 5,
1094 3266 1110 3339 5
1127 3262 1158 3339 2,
1177 3280 1211 3325 n.
1232 3259 1300 3346 11.)

232 3374 395 3440 Ceterum
412 3375 508 3458 plane
524 3373 585 3439 sibi
602 3373 798 3440 contradicit
815 3374 969 3453 Marinus,
984 3373 1064 3440 dum
1080 3374 1149 3462 (lib.
1170 3377 1202 3455 2,
1219 3395 1250 3442 c.
1267 3374 1301 3462 6)

186 3510 231 3560 cx
239 3482 387 3576 professo
396 3492 533 3557 sustinet
543 3491 749 3558 extimulatae
758 3491 835 3558 inda
843 3491 941 3557 tuisse
952 3493 1101 3578 antiquos
1112 3492 1304 3562 cbristimos

186 3607 231 3675 nd
248 3607 412 3693 publicam
427 3606 481 3674 vel
496 3613 654 3674 secretam
668 3609 837 3692 culparum
852 3626 984 3674 suarum
998 3607 1244 3689 confessionem,
1260 3630 1302 3677 nc

186 3723 502 3812 alioquininjudicia
510 3724 553 3791 ab
562 3725 803 3792 accusatoribus
812 3725 975 3804 conventi,
985 3725 1189 3809 gravioribus
1199 3728 1304 3810 poenis

184 3842 429 3927 plecterentur:
440 3838 518 3909 inde
527 3842 615 3908 euim
627 3842 672 3907 sic
684 3842 912 3926 contraipsum
927 3842 1113 3926 arguimus:
1128 3859 1208 3926 ergo
1217 3851 1299 3922 erat,

184 3964 308 4044 prater
322 3958 578 4043 penitentialem
592 3959 711 4038 farum,
730 3959 820 4026 aliud
834 3958 1002 4045 judicium,
1020 3966 1054 4024 et
1071 3957 1206 4043 quidem
1225 3979 1303 4026 aon·

185 4076 372 4156 tentiasurn,
399 4077 444 4143 ad
466 4075 556 4163 quod
573 4096 635 4162 per
651 4085 856 4145 amusatores
872 4095 949 4144 reus
973 4075 1162 4142 vocabatur.
1179 4076 1221 4143 Et
1234 4096 1303 4143 ma·

184 4209 286 4276 gnum
301 4201 392 4260 certe
409 4193 586 4262 discrimen
600 4197 687 4262 inter
701 4195 871 4280 utriusque
889 4194 954 4261 fari
969 4194 1162 4260 sententiam
1177 4201 1211 4259 et
1226 4213 1303 4278 pra-

185 4302 327 4377 cedendi
349 4308 508 4378 modurn:
530 4313 566 4378 in
585 4313 657 4380 faro
680 4311 895 4397 poemtentiali
916 4311 1200 4396 pronuntiabatur,
1228 4321 1302 4397 post

186 4418 351 4511 paratum
363 4428 596 4513 penitentiam,
614 4429 776 4497 sententia
789 4426 1018 4496 absolutionis:
1033 4429 1066 4496 in
1080 4428 1153 4496 fora
1166 4437 1302 4498 rontan-
