<?xml version="1.0" encoding="UTF-8"?>
<!DOCTYPE html PUBLIC "-//W3C//DTD XHTML 1.0 Transitional//EN"
    "http://www.w3.org/TR/xhtml1/DTD/xhtml1-transitional.dtd">
<html xmlns="http://www.w3.org/1999/xhtml" xml:lang="en" lang="en">
 <head>
  <title>
</title>
<meta http-equiv="Content-Type" content="text/html;charset=utf-8" />
  <meta name='ocr-system' content='tesseract 3.04.00' />
  <meta name='ocr-capabilities' content='ocr_page ocr_carea ocr_par ocr_line ocrx_word'/>
</head>
<body>
  <div class='ocr_page' id='page_1' title='image "./tractatusdejudi00bouigoog_0439.png"; bbox 0 0 2714 4980; ppageno 0'>
   <div class='ocr_carea' id='block_1_1' title="bbox 124 281 903 347">
    <p class='ocr_par' dir='ltr' id='par_1_1' title="bbox 124 281 903 347">
     <span class='ocr_line' id='line_1_1' title="bbox 124 281 903 347; baseline -0.001 -2"><span class='ocrx_word' id='word_1_1' title='bbox 124 281 188 347; x_wconf 77' lang='lat'><strong><em>426</em></strong></span> <span class='ocrx_word' id='word_1_2' title='bbox 322 335 324 339; x_wconf 94' lang='lat'>.</span> <span class='ocrx_word' id='word_1_3' title='bbox 477 296 665 347; x_wconf 71' lang='lat' dir='ltr'><strong><em>racemus</em></strong></span> <span class='ocrx_word' id='word_1_4' title='bbox 687 297 732 345; x_wconf 86' lang='lat' dir='ltr'><strong><em>nn</em></strong></span> <span class='ocrx_word' id='word_1_5' title='bbox 753 296 903 347; x_wconf 80' lang='lat' dir='ltr'><strong><em>runicus.</em></strong></span> 
     </span>
    </p>
   </div>
   <div class='ocr_carea' id='block_1_2' title="bbox 120 417 1237 1089">
    <p class='ocr_par' dir='ltr' id='par_1_2' title="bbox 123 417 1232 746">
     <span class='ocr_line' id='line_1_2' title="bbox 123 417 1232 519; baseline 0 -32"><span class='ocrx_word' id='word_1_6' title='bbox 123 417 418 513; x_wconf 61' lang='lat' dir='ltr'><strong><em>conspirastis,</em></strong></span> <span class='ocrx_word' id='word_1_7' title='bbox 438 421 617 497; x_wconf 80' lang='lat' dir='ltr'><strong><em>erratione</em></strong></span> <span class='ocrx_word' id='word_1_8' title='bbox 642 420 878 519; x_wconf 77' lang='lat' dir='ltr'><strong><em>fundamentali</em></strong></span> <span class='ocrx_word' id='word_1_9' title='bbox 903 419 995 507; x_wconf 77' lang='lat' dir='ltr'><strong><em>quod</em></strong></span> <span class='ocrx_word' id='word_1_10' title='bbox 1021 419 1144 495; x_wconf 84' lang='lat' dir='ltr'><strong><em>habeat</em></strong></span> <span class='ocrx_word' id='word_1_11' title='bbox 1157 420 1232 489; x_wconf 88' lang='lat' dir='ltr'><strong><em>iden</em></strong></span> 
     </span>
     <span class='ocr_line' id='line_1_3' title="bbox 123 537 1231 626; baseline -0.001 -19"><span class='ocrx_word' id='word_1_12' title='bbox 123 537 266 617; x_wconf 75' lang='lat' dir='ltr'><strong><em>tribunal</em></strong></span> <span class='ocrx_word' id='word_1_13' title='bbox 289 556 363 605; x_wconf 85' lang='lat' dir='ltr'><strong><em>cum</em></strong></span> <span class='ocrx_word' id='word_1_14' title='bbox 377 537 547 623; x_wconf 72' lang='lat' dir='ltr'><strong>Episcopo.</strong></span> <span class='ocrx_word' id='word_1_15' title='bbox 566 538 661 626; x_wconf 88' lang='lat' dir='ltr'><strong><em>(Vide</em></strong></span> <span class='ocrx_word' id='word_1_16' title='bbox 677 540 884 622; x_wconf 82' lang='lat' dir='ltr'><strong><em>Leurenium,</em></strong></span> <span class='ocrx_word' id='word_1_17' title='bbox 913 539 987 607; x_wconf 90' lang='lat' dir='ltr'><strong><em>loco</em></strong></span> <span class='ocrx_word' id='word_1_18' title='bbox 1014 539 1088 619; x_wconf 79' lang='lat' dir='ltr'><strong><em>cit,</em></strong></span> <span class='ocrx_word' id='word_1_19' title='bbox 1112 559 1181 625; x_wconf 89' lang='lat' dir='ltr'><strong><em>cap.</em></strong></span> <span class='ocrx_word' id='word_1_20' title='bbox 1206 543 1231 621; x_wconf 83' lang='grc'><strong><em>3,</em></strong></span> 
     </span>
     <span class='ocr_line' id='line_1_4' title="bbox 123 650 565 746; baseline 0.002 -27"><span class='ocrx_word' id='word_1_21' title='bbox 123 671 157 746; x_wconf 80' lang='lat' dir='ltr'><strong><em>q.</em></strong></span> <span class='ocrx_word' id='word_1_22' title='bbox 176 655 238 719; x_wconf 79' lang='lat'><strong><em>126</em></strong></span> <span class='ocrx_word' id='word_1_23' title='bbox 256 650 394 737; x_wconf 79' lang='lat' dir='ltr'><strong><em>et127.)</em></strong></span> <span class='ocrx_word' id='word_1_24' title='bbox 563 659 565 664; x_wconf 86' lang='lat'>&#39;</span> 
     </span>
    </p>

    <p class='ocr_par' dir='ltr' id='par_1_3' title="bbox 120 769 1237 1089">
     <span class='ocr_line' id='line_1_5' title="bbox 165 769 1236 864; baseline 0 -27"><span class='ocrx_word' id='word_1_25' title='bbox 165 769 502 864; x_wconf 70' lang='lat' dir='ltr'><strong><em>Quusr107¹.-Aa</em></strong></span> <span class='ocrx_word' id='word_1_26' title='bbox 527 777 591 840; x_wconf 81' lang='lat' dir='ltr'><strong><em>siaa</em></strong></span> <span class='ocrx_word' id='word_1_27' title='bbox 613 775 737 854; x_wconf 85' lang='lat' dir='ltr'><strong><em>spectati</em></strong></span> <span class='ocrx_word' id='word_1_28' title='bbox 760 775 904 847; x_wconf 61' lang='lat' dir='ltr'><strong><em>caumata</em></strong></span> <span class='ocrx_word' id='word_1_29' title='bbox 917 778 1018 855; x_wconf 78' lang='lat' dir='ltr'><strong><em>possit</em></strong></span> <span class='ocrx_word' id='word_1_30' title='bbox 1044 775 1236 837; x_wconf 70' lang='lat' dir='ltr'><strong><em>sacedotitos</em></strong></span> 
     </span>
     <span class='ocr_line' id='line_1_6' title="bbox 120 888 1237 967; baseline 0.003 -18"><span class='ocrx_word' id='word_1_31' title='bbox 120 888 275 961; x_wconf 73' lang='lat' dir='ltr'><strong><em>sauciare</em></strong></span> <span class='ocrx_word' id='word_1_32' title='bbox 285 888 461 967; x_wconf 75' lang='lat' dir='ltr'><em>facultatem</em></span> <span class='ocrx_word' id='word_1_33' title='bbox 481 890 655 967; x_wconf 82' lang='lat' dir='ltr'><strong><em>absoiacocii</em></strong></span> <span class='ocrx_word' id='word_1_34' title='bbox 670 890 708 951; x_wconf 82' lang='lat' dir='ltr'><strong><em>ab</em></strong></span> <span class='ocrx_word' id='word_1_35' title='bbox 719 892 854 953; x_wconf 72' lang='lat' dir='ltr'><strong><em>omnious</em></strong></span> <span class='ocrx_word' id='word_1_36' title='bbox 869 891 989 951; x_wconf 77' lang='lat' dir='ltr'><strong><em>casibus</em></strong></span> <span class='ocrx_word' id='word_1_37' title='bbox 1003 907 1067 953; x_wconf 82' lang='lat' dir='ltr'><strong><em>aaa</em></strong></span> <span class='ocrx_word' id='word_1_38' title='bbox 1087 896 1237 955; x_wconf 77' lang='lat' dir='ltr'><strong><em>reservatis</em></strong></span> 
     </span>
     <span class='ocr_line' id='line_1_7' title="bbox 121 1001 1236 1089; baseline -0.001 -20"><span class='ocrx_word' id='word_1_39' title='bbox 121 1007 214 1085; x_wconf 85' lang='lat' dir='ltr'><strong><em>Papa</em></strong></span> <span class='ocrx_word' id='word_1_40' title='bbox 232 1004 285 1084; x_wconf 81' lang='lat' dir='ltr'><strong><em>cci</em></strong></span> <span class='ocrx_word' id='word_1_41' title='bbox 295 1005 440 1085; x_wconf 75' lang='lat' dir='ltr'><strong><em>Episcopo</em></strong></span> <span class='ocrx_word' id='word_1_42' title='bbox 450 1006 466 1066; x_wconf 82' lang='lat' dir='ltr'><strong><em>t</em></strong></span> <span class='ocrx_word' id='word_1_43' title='bbox 476 1040 522 1051; x_wconf 93' lang='lat'>—</span> <span class='ocrx_word' id='word_1_44' title='bbox 533 1001 810 1086; x_wconf 88' lang='lat' dir='ltr'><strong><em>Respondendum</em></strong></span> <span class='ocrx_word' id='word_1_45' title='bbox 821 1002 1027 1083; x_wconf 80' lang='lat' dir='ltr'><strong><em>offirmptive,</em></strong></span> <span class='ocrx_word' id='word_1_46' title='bbox 1042 1003 1173 1071; x_wconf 87' lang='lat' dir='ltr'><strong><em>etiamsi</em></strong></span> <span class='ocrx_word' id='word_1_47' title='bbox 1179 1005 1236 1089; x_wconf 86' lang='lat' dir='ltr'><strong><em>ipse</em></strong></span> 
     </span>
    </p>
   </div>
   <div class='ocr_carea' id='block_1_3' title="bbox 1 1114 1236 1202">
    <p class='ocr_par' dir='ltr' id='par_1_4' title="bbox 1 1114 1236 1202">
     <span class='ocr_line' id='line_1_8' title="bbox 1 1114 1236 1202; baseline 0 -20"><span class='ocrx_word' id='word_1_48' title='bbox 1 1128 3 1135; x_wconf 82' lang='grc'><em>’</em></span> <span class='ocrx_word' id='word_1_49' title='bbox 120 1135 186 1195; x_wconf 86' lang='lat' dir='ltr'><strong><em>non</em></strong></span> <span class='ocrx_word' id='word_1_50' title='bbox 197 1117 240 1185; x_wconf 84' lang='lat' dir='ltr'><strong><em>sit</em></strong></span> <span class='ocrx_word' id='word_1_51' title='bbox 248 1114 401 1183; x_wconf 87' lang='lat' dir='ltr'><strong><em>sacerdos</em></strong></span> <span class='ocrx_word' id='word_1_52' title='bbox 421 1138 429 1181; x_wconf 90' lang='lat'>:</span> <span class='ocrx_word' id='word_1_53' title='bbox 446 1117 474 1182; x_wconf 90' lang='lat' dir='ltr'><strong><em>si</em></strong></span> <span class='ocrx_word' id='word_1_54' title='bbox 489 1124 600 1183; x_wconf 87' lang='lat' dir='ltr'><strong><em>autem</em></strong></span> <span class='ocrx_word' id='word_1_55' title='bbox 623 1118 665 1183; x_wconf 89' lang='lat' dir='ltr'><strong><em>sit</em></strong></span> <span class='ocrx_word' id='word_1_56' title='bbox 682 1116 844 1196; x_wconf 83' lang='lat' dir='ltr'><strong><em>sacerdos,</em></strong></span> <span class='ocrx_word' id='word_1_57' title='bbox 864 1117 988 1201; x_wconf 82' lang='lat' dir='ltr'><strong><em>poterit</em></strong></span> <span class='ocrx_word' id='word_1_58' title='bbox 1006 1118 1158 1202; x_wconf 85' lang='lat' dir='ltr'><strong><em>insuper,</em></strong></span> <span class='ocrx_word' id='word_1_59' title='bbox 1176 1125 1236 1183; x_wconf 86' lang='lat' dir='ltr'><strong><em>ets</em></strong></span> 
     </span>
    </p>
   </div>
   <div class='ocr_carea' id='block_1_4' title="bbox 120 1225 1266 2124">
    <p class='ocr_par' dir='ltr' id='par_1_5' title="bbox 120 1225 1266 1433">
     <span class='ocr_line' id='line_1_9' title="bbox 120 1225 1266 1321; baseline 0.003 -25"><span class='ocrx_word' id='word_1_60' title='bbox 120 1225 259 1308; x_wconf 73' lang='lat' dir='ltr'><strong><em>fortiori</em></strong></span> <span class='ocrx_word' id='word_1_61' title='bbox 279 1231 379 1314; x_wconf 84' lang='lat' dir='ltr'><strong><em>ipseo</em></strong></span> <span class='ocrx_word' id='word_1_62' title='bbox 396 1230 491 1299; x_wconf 87' lang='lat' dir='ltr'><strong><em>dietis</em></strong></span> <span class='ocrx_word' id='word_1_63' title='bbox 505 1233 631 1300; x_wconf 86' lang='lat' dir='ltr'><strong><em>casibus</em></strong></span> <span class='ocrx_word' id='word_1_64' title='bbox 640 1233 821 1303; x_wconf 84' lang='lat' dir='ltr'><strong><em>absolvere.</em></strong></span> <span class='ocrx_word' id='word_1_65' title='bbox 833 1232 933 1321; x_wconf 77' lang='lat' dir='ltr'><strong><em>(Vide.</em></strong></span> <span class='ocrx_word' id='word_1_66' title='bbox 944 1233 1162 1310; x_wconf 88' lang='lat' dir='ltr'><strong><em>Leurenium,</em></strong></span> <span class='ocrx_word' id='word_1_67' title='bbox 1176 1234 1236 1300; x_wconf 85' lang='lat' dir='ltr'><strong><em>loco</em></strong></span> <span class='ocrx_word' id='word_1_68' title='bbox 1263 1251 1266 1256; x_wconf 75' lang='grc'>’</span> 
     </span>
     <span class='ocr_line' id='line_1_10' title="bbox 122 1325 715 1433; baseline 0.002 -20"><span class='ocrx_word' id='word_1_69' title='bbox 122 1347 193 1431; x_wconf 73' lang='lat' dir='ltr'><strong><em>ut,</em></strong></span> <span class='ocrx_word' id='word_1_70' title='bbox 208 1366 280 1432; x_wconf 76' lang='lat' dir='ltr'><strong><em>cap.</em></strong></span> <span class='ocrx_word' id='word_1_71' title='bbox 297 1350 375 1433; x_wconf 68' lang='lat' dir='ltr'><strong><em>aq.</em></strong></span> <span class='ocrx_word' id='word_1_72' title='bbox 396 1345 485 1432; x_wconf 75' lang='lat'><strong>133.)</strong></span> <span class='ocrx_word' id='word_1_73' title='bbox 712 1325 715 1331; x_wconf 76' lang='grc'>’</span> 
     </span>
    </p>

    <p class='ocr_par' dir='ltr' id='par_1_6' title="bbox 120 1462 1239 2013">
     <span class='ocr_line' id='line_1_11' title="bbox 164 1462 1238 1549; baseline 0.002 -22"><span class='ocrx_word' id='word_1_74' title='bbox 164 1462 316 1544; x_wconf 70' lang='lat' dir='ltr'><strong><em>Quctsrro</em></strong></span> <span class='ocrx_word' id='word_1_75' title='bbox 339 1466 383 1529; x_wconf 77' lang='lat'><strong><em>8¹.</em></strong></span> <span class='ocrx_word' id='word_1_76' title='bbox 407 1502 454 1513; x_wconf 91' lang='lat'><em>-</em></span> <span class='ocrx_word' id='word_1_77' title='bbox 467 1470 548 1531; x_wconf 86' lang='lat' dir='ltr'><strong><em>Nam</em></strong></span> <span class='ocrx_word' id='word_1_78' title='bbox 571 1470 635 1529; x_wconf 87' lang='lat' dir='ltr'><strong><em>siae</em></strong></span> <span class='ocrx_word' id='word_1_79' title='bbox 662 1468 786 1549; x_wconf 85' lang='lat' dir='ltr'><strong><em>speciali</em></strong></span> <span class='ocrx_word' id='word_1_80' title='bbox 807 1467 950 1529; x_wconf 69' lang='lat' dir='ltr'><strong><em>madata</em></strong></span> <span class='ocrx_word' id='word_1_81' title='bbox 960 1471 1064 1548; x_wconf 80' lang='lat' dir='ltr'><strong><em>possit</em></strong></span> <span class='ocrx_word' id='word_1_82' title='bbox 1086 1467 1238 1549; x_wconf 79' lang='lat' dir='ltr'><strong><em>approbare</em></strong></span> 
     </span>
     <span class='ocr_line' id='line_1_12' title="bbox 120 1577 1239 1665; baseline 0.004 -25"><span class='ocrx_word' id='word_1_83' title='bbox 120 1580 345 1659; x_wconf 67' lang='lat' dir='ltr'><strong><em>emissarios?</em></strong></span> <span class='ocrx_word' id='word_1_84' title='bbox 372 1617 417 1627; x_wconf 97' lang='lat'>—</span> <span class='ocrx_word' id='word_1_85' title='bbox 438 1577 714 1664; x_wconf 80' lang='lat' dir='ltr'><strong><em>Respondendum</em></strong></span> <span class='ocrx_word' id='word_1_86' title='bbox 736 1578 942 1663; x_wconf 79' lang='lat' dir='ltr'><strong><em>affirmative3</em></strong></span> <span class='ocrx_word' id='word_1_87' title='bbox 973 1580 1052 1664; x_wconf 79' lang='lat' dir='ltr'><strong><em>quia</em></strong></span> <span class='ocrx_word' id='word_1_88' title='bbox 1066 1579 1139 1664; x_wconf 77' lang='lat' dir='ltr'><strong><em>ipse</em></strong></span> <span class='ocrx_word' id='word_1_89' title='bbox 1162 1581 1239 1665; x_wconf 79' lang='lat' dir='ltr'><strong><em>venit</em></strong></span> 
     </span>
     <span class='ocr_line' id='line_1_13' title="bbox 121 1692 1234 1781; baseline 0 -22"><span class='ocrx_word' id='word_1_90' title='bbox 121 1692 183 1771; x_wconf 81' lang='lat' dir='ltr'><strong><em>sub</em></strong></span> <span class='ocrx_word' id='word_1_91' title='bbox 201 1693 331 1761; x_wconf 72' lang='lat' dir='ltr'><strong><em>nomme</em></strong></span> <span class='ocrx_word' id='word_1_92' title='bbox 359 1692 548 1761; x_wconf 84' lang='lat' dir='ltr'><strong><em>Ordinarii:</em></strong></span> <span class='ocrx_word' id='word_1_93' title='bbox 579 1700 614 1759; x_wconf 90' lang='lat' dir='ltr'><strong><em>et</em></strong></span> <span class='ocrx_word' id='word_1_94' title='bbox 640 1695 687 1761; x_wconf 87' lang='lat' dir='ltr'><strong><em>sic</em></strong></span> <span class='ocrx_word' id='word_1_95' title='bbox 714 1693 793 1761; x_wconf 91' lang='lat' dir='ltr'><strong><em>dum</em></strong></span> <span class='ocrx_word' id='word_1_96' title='bbox 824 1693 1053 1765; x_wconf 67' lang='lat' dir='ltr'><strong><em>tridentinum</em></strong></span> <span class='ocrx_word' id='word_1_97' title='bbox 1074 1694 1167 1781; x_wconf 87' lang='lat' dir='ltr'><strong><em>(sess.</em></strong></span> <span class='ocrx_word' id='word_1_98' title='bbox 1190 1697 1234 1770; x_wconf 77' lang='lat'><strong><em>23,</em></strong></span> 
     </span>
     <span class='ocr_line' id='line_1_14' title="bbox 123 1805 1238 1895; baseline 0.002 -23"><span class='ocrx_word' id='word_1_99' title='bbox 123 1827 153 1873; x_wconf 85' lang='lat' dir='ltr'><strong><em>c.</em></strong></span> <span class='ocrx_word' id='word_1_100' title='bbox 174 1805 226 1893; x_wconf 88' lang='lat'><strong><em>15)</em></strong></span> <span class='ocrx_word' id='word_1_101' title='bbox 249 1809 517 1893; x_wconf 81' lang='lat' dir='ltr'><strong><em>approbationem</em></strong></span> <span class='ocrx_word' id='word_1_102' title='bbox 535 1809 806 1877; x_wconf 81' lang='lat' dir='ltr'><strong><em>confessariorum</em></strong></span> <span class='ocrx_word' id='word_1_103' title='bbox 820 1808 961 1894; x_wconf 84' lang='lat' dir='ltr'><strong><em>injungit</em></strong></span> <span class='ocrx_word' id='word_1_104' title='bbox 982 1810 1164 1895; x_wconf 86' lang='lat' dir='ltr'><strong><em>Episcopis,</em></strong></span> <span class='ocrx_word' id='word_1_105' title='bbox 1185 1829 1238 1891; x_wconf 89' lang='lat' dir='ltr'><strong><em>non</em></strong></span> 
     </span>
     <span class='ocr_line' id='line_1_15' title="bbox 122 1921 1036 2013; baseline 0.001 -25"><span class='ocrx_word' id='word_1_106' title='bbox 122 1921 312 2013; x_wconf 78' lang='lat' dir='ltr'><strong><em>cicladitur</em></strong></span> <span class='ocrx_word' id='word_1_107' title='bbox 323 1924 471 1991; x_wconf 76' lang='lat' dir='ltr'><strong><em>vicarius</em></strong></span> <span class='ocrx_word' id='word_1_108' title='bbox 483 1925 654 2009; x_wconf 88' lang='lat' dir='ltr'><strong><em>generalis.</em></strong></span> <span class='ocrx_word' id='word_1_109' title='bbox 677 1925 878 2012; x_wconf 84' lang='lat' dir='ltr'><strong><em>(Leurenius,</em></strong></span> <span class='ocrx_word' id='word_1_110' title='bbox 896 1941 928 2009; x_wconf 89' lang='lat' dir='ltr'><strong><em>q.</em></strong></span> <span class='ocrx_word' id='word_1_111' title='bbox 944 1922 1036 2008; x_wconf 80' lang='lat'>134.)</span> 
     </span>
    </p>

    <p class='ocr_par' dir='ltr' id='par_1_7' title="bbox 164 2016 1238 2124">
     <span class='ocr_line' id='line_1_16' title="bbox 164 2016 1238 2124; baseline -0.003 -17"><span class='ocrx_word' id='word_1_112' title='bbox 164 2039 316 2122; x_wconf 68' lang='lat' dir='ltr'><strong><em>Quusrro</em></strong></span> <span class='ocrx_word' id='word_1_113' title='bbox 331 2044 376 2107; x_wconf 74' lang='lat'><strong><em>9³.</em></strong></span> <span class='ocrx_word' id='word_1_114' title='bbox 390 2079 435 2089; x_wconf 98' lang='lat'>—</span> <span class='ocrx_word' id='word_1_115' title='bbox 452 2045 501 2107; x_wconf 80' lang='lat' dir='ltr'><strong><em>Aa</em></strong></span> <span class='ocrx_word' id='word_1_116' title='bbox 524 2044 633 2123; x_wconf 79' lang='lat' dir='ltr'><strong><em>absque</em></strong></span> <span class='ocrx_word' id='word_1_117' title='bbox 661 2044 784 2123; x_wconf 82' lang='lat' dir='ltr'><strong><em>speciali</em></strong></span> <span class='ocrx_word' id='word_1_118' title='bbox 798 2016 950 2105; x_wconf 27' lang='lat' dir='ltr'><strong><em>&#39;reumata</em></strong></span> <span class='ocrx_word' id='word_1_119' title='bbox 975 2044 1124 2123; x_wconf 82' lang='lat' dir='ltr'><strong><em>Episcopi</em></strong></span> <span class='ocrx_word' id='word_1_120' title='bbox 1146 2048 1238 2124; x_wconf 81' lang='lat' dir='ltr'><strong><em>possit</em></strong></span> 
     </span>
    </p>
   </div>
   <div class='ocr_carea' id='block_1_5' title="bbox 120 2155 1237 2473">
    <p class='ocr_par' dir='ltr' id='par_1_8' title="bbox 120 2155 1237 2473">
     <span class='ocr_line' id='line_1_17' title="bbox 123 2155 1237 2254; baseline 0 -35"><span class='ocrx_word' id='word_1_121' title='bbox 123 2160 262 2223; x_wconf 86' lang='lat' dir='ltr'><strong><em>Viccrias</em></strong></span> <span class='ocrx_word' id='word_1_122' title='bbox 283 2160 433 2254; x_wconf 82' lang='lat' dir='ltr'><strong><em>pecccatis</em></strong></span> <span class='ocrx_word' id='word_1_123' title='bbox 455 2177 475 2220; x_wconf 94' lang='lat' dir='ltr'><strong><em>a</em></strong></span> <span class='ocrx_word' id='word_1_124' title='bbox 484 2162 658 2239; x_wconf 78' lang='lat' dir='ltr'><strong><em>juraouoto</em></strong></span> <span class='ocrx_word' id='word_1_125' title='bbox 673 2159 844 2221; x_wconf 82' lang='lat' dir='ltr'><strong><em>adscivere?</em></strong></span> <span class='ocrx_word' id='word_1_126' title='bbox 859 2193 904 2203; x_wconf 98' lang='lat'>—</span> <span class='ocrx_word' id='word_1_127' title='bbox 923 2185 937 2209; x_wconf 93' lang='lat'>«</span> <span class='ocrx_word' id='word_1_128' title='bbox 955 2155 1158 2245; x_wconf 85' lang='lat' dir='ltr'><strong><em>Respondeo</em></strong></span> <span class='ocrx_word' id='word_1_129' title='bbox 1183 2175 1237 2233; x_wconf 84' lang='lat' dir='ltr'><strong><em>non</em></strong></span> 
     </span>
     <span class='ocr_line' id='line_1_18' title="bbox 122 2271 1235 2361; baseline 0.002 -27"><span class='ocrx_word' id='word_1_130' title='bbox 122 2271 330 2337; x_wconf 77' lang='lat' dir='ltr'><strong><em>«convenire</em></strong></span> <span class='ocrx_word' id='word_1_131' title='bbox 344 2273 378 2337; x_wconf 94' lang='lat' dir='ltr'><strong><em>in</em></strong></span> <span class='ocrx_word' id='word_1_132' title='bbox 389 2271 450 2337; x_wconf 92' lang='lat' dir='ltr'><strong><em>hoc</em></strong></span> <span class='ocrx_word' id='word_1_133' title='bbox 466 2280 628 2349; x_wconf 89' lang='lat' dir='ltr'><strong><em>auctores,</em></strong></span> <span class='ocrx_word' id='word_1_134' title='bbox 645 2291 707 2337; x_wconf 92' lang='lat' dir='ltr'><strong><em>nee</em></strong></span> <span class='ocrx_word' id='word_1_135' title='bbox 723 2273 799 2337; x_wconf 86' lang='lat' dir='ltr'><strong><em>satis</em></strong></span> <span class='ocrx_word' id='word_1_136' title='bbox 819 2271 881 2337; x_wconf 89' lang='lat' dir='ltr'><strong><em>sibi</em></strong></span> <span class='ocrx_word' id='word_1_137' title='bbox 892 2278 1056 2355; x_wconf 66' lang='lat' dir='ltr'><strong><em>censure</em></strong></span> <span class='ocrx_word' id='word_1_138' title='bbox 1078 2301 1092 2325; x_wconf 64' lang='grc' dir='ltr'><em>ν</em></span> <span class='ocrx_word' id='word_1_139' title='bbox 1113 2271 1235 2361; x_wconf 79' lang='lat' dir='ltr'><strong><em>(Leure-</em></strong></span> 
     </span>
     <span class='ocr_line' id='line_1_19' title="bbox 120 2386 1234 2473; baseline -0.001 -20"><span class='ocrx_word' id='word_1_140' title='bbox 120 2389 204 2466; x_wconf 91' lang='lat' dir='ltr'><strong><em>nius,</em></strong></span> <span class='ocrx_word' id='word_1_141' title='bbox 225 2391 262 2453; x_wconf 86' lang='lat' dir='ltr'><strong><em>aa</em></strong></span> <span class='ocrx_word' id='word_1_142' title='bbox 282 2393 411 2455; x_wconf 77' lang='lat' dir='ltr'><strong><em>Vicaciis</em></strong></span> <span class='ocrx_word' id='word_1_143' title='bbox 420 2392 536 2471; x_wconf 68' lang='lat' dir='ltr'><strong><em>Episc„</em></strong></span> <span class='ocrx_word' id='word_1_144' title='bbox 556 2408 585 2453; x_wconf 91' lang='lat' dir='ltr'><strong><em>c.</em></strong></span> <span class='ocrx_word' id='word_1_145' title='bbox 602 2391 634 2466; x_wconf 85' lang='lat'><strong><em>3,</em></strong></span> <span class='ocrx_word' id='word_1_146' title='bbox 656 2406 689 2473; x_wconf 85' lang='lat' dir='ltr'><strong><em>q.</em></strong></span> <span class='ocrx_word' id='word_1_147' title='bbox 710 2386 799 2473; x_wconf 88' lang='grc'>137.)</span> <span class='ocrx_word' id='word_1_148' title='bbox 817 2387 972 2455; x_wconf 87' lang='lat' dir='ltr'><strong><em>Rationes</em></strong></span> <span class='ocrx_word' id='word_1_149' title='bbox 983 2405 1046 2471; x_wconf 91' lang='lat' dir='ltr'><strong><em>pro</em></strong></span> <span class='ocrx_word' id='word_1_150' title='bbox 1069 2396 1106 2473; x_wconf 71' lang='lat' dir='ltr'><strong><em>pt</em></strong></span> <span class='ocrx_word' id='word_1_151' title='bbox 1132 2395 1234 2465; x_wconf 84' lang='lat' dir='ltr'><strong><em>contre</em></strong></span> 
     </span>
    </p>
   </div>
   <div class='ocr_carea' id='block_1_6' title="bbox 66 2502 1236 4458">
    <p class='ocr_par' dir='ltr' id='par_1_9' title="bbox 120 2502 676 2591">
     <span class='ocr_line' id='line_1_20' title="bbox 120 2502 676 2591; baseline -0.002 -23"><span class='ocrx_word' id='word_1_152' title='bbox 120 2502 198 2591; x_wconf 75' lang='lat' dir='ltr'><strong><em>vide</em></strong></span> <span class='ocrx_word' id='word_1_153' title='bbox 217 2502 306 2586; x_wconf 86' lang='lat' dir='ltr'><strong><em>apud</em></strong></span> <span class='ocrx_word' id='word_1_154' title='bbox 321 2505 456 2573; x_wconf 84' lang='lat' dir='ltr'><strong><em>citatum</em></strong></span> <span class='ocrx_word' id='word_1_155' title='bbox 468 2504 676 2571; x_wconf 86' lang='lat' dir='ltr'><strong><em>canonistam.</em></strong></span> 
     </span>
    </p>

    <p class='ocr_par' dir='ltr' id='par_1_10' title="bbox 66 2620 1234 3519">
     <span class='ocr_line' id='line_1_21' title="bbox 66 2620 1234 2709; baseline -0.001 -24"><span class='ocrx_word' id='word_1_156' title='bbox 66 2653 68 2659; x_wconf 95' lang='lat'>·</span> <span class='ocrx_word' id='word_1_157' title='bbox 162 2620 314 2709; x_wconf 73' lang='lat' dir='ltr'><strong><em>Quasrro</em></strong></span> <span class='ocrx_word' id='word_1_158' title='bbox 339 2622 403 2687; x_wconf 77' lang='lat'>10¹.</span> <span class='ocrx_word' id='word_1_159' title='bbox 428 2659 473 2669; x_wconf 98' lang='lat'>—</span> <span class='ocrx_word' id='word_1_160' title='bbox 486 2624 534 2687; x_wconf 84' lang='lat' dir='ltr'><strong><em>Aa</em></strong></span> <span class='ocrx_word' id='word_1_161' title='bbox 547 2627 612 2685; x_wconf 87' lang='lat' dir='ltr'><strong><em>siae</em></strong></span> <span class='ocrx_word' id='word_1_162' title='bbox 622 2624 745 2705; x_wconf 86' lang='lat' dir='ltr'><strong><em>speciali</em></strong></span> <span class='ocrx_word' id='word_1_163' title='bbox 757 2623 900 2684; x_wconf 77' lang='lat' dir='ltr'><strong><em>mandato</em></strong></span> <span class='ocrx_word' id='word_1_164' title='bbox 909 2625 1010 2702; x_wconf 88' lang='lat' dir='ltr'><strong><em>possit</em></strong></span> <span class='ocrx_word' id='word_1_165' title='bbox 1019 2625 1234 2703; x_wconf 79' lang='lat' dir='ltr'><strong><em>partireeaces·</em></strong></span> 
     </span>
     <span class='ocr_line' id='line_1_22' title="bbox 116 2736 1234 2818; baseline 0 -17"><span class='ocrx_word' id='word_1_166' title='bbox 116 2757 168 2813; x_wconf 68' lang='lat' dir='ltr'><strong><em>pas</em></strong></span> <span class='ocrx_word' id='word_1_167' title='bbox 193 2736 372 2817; x_wconf 75' lang='lat' dir='ltr'><strong><em>officialium</em></strong></span> <span class='ocrx_word' id='word_1_168' title='bbox 401 2739 544 2807; x_wconf 73' lang='lat' dir='ltr'><strong><em>lauream</em></strong></span> <span class='ocrx_word' id='word_1_169' title='bbox 576 2739 646 2818; x_wconf 84' lang='lat' dir='ltr'><strong><em>sibi,</em></strong></span> <span class='ocrx_word' id='word_1_170' title='bbox 680 2739 728 2800; x_wconf 86' lang='lat' dir='ltr'><strong><em>cel</em></strong></span> <span class='ocrx_word' id='word_1_171' title='bbox 753 2740 898 2818; x_wconf 83' lang='lat' dir='ltr'><strong><em>Episcopo</em></strong></span> <span class='ocrx_word' id='word_1_172' title='bbox 921 2741 1132 2816; x_wconf 67' lang='lat' dir='ltr'><strong><em>servantiam,</em></strong></span> <span class='ocrx_word' id='word_1_173' title='bbox 1159 2737 1234 2803; x_wconf 77' lang='lat' dir='ltr'><strong><em>ceti</em></strong></span> 
     </span>
     <span class='ocr_line' id='line_1_23' title="bbox 116 2851 1233 2937; baseline 0.003 -22"><span class='ocrx_word' id='word_1_174' title='bbox 116 2858 229 2934; x_wconf 86' lang='lat' dir='ltr'><strong><em>pratia,</em></strong></span> <span class='ocrx_word' id='word_1_175' title='bbox 258 2859 400 2933; x_wconf 85' lang='lat' dir='ltr'><strong><em>actuarii,</em></strong></span> <span class='ocrx_word' id='word_1_176' title='bbox 424 2874 578 2917; x_wconf 85' lang='lat' dir='ltr'><strong><em>cursorum</em></strong></span> <span class='ocrx_word' id='word_1_177' title='bbox 602 2861 704 2934; x_wconf 84' lang='lat' dir='ltr'><strong><em>caria,</em></strong></span> <span class='ocrx_word' id='word_1_178' title='bbox 729 2861 759 2919; x_wconf 89' lang='lat' dir='ltr'><strong><em>ct</em></strong></span> <span class='ocrx_word' id='word_1_179' title='bbox 781 2854 950 2917; x_wconf 80' lang='lat' dir='ltr'><strong><em>similium?</em></strong></span> <span class='ocrx_word' id='word_1_180' title='bbox 973 2888 1020 2900; x_wconf 89' lang='lat'>-</span> <span class='ocrx_word' id='word_1_181' title='bbox 1043 2851 1233 2937; x_wconf 70' lang='lat' dir='ltr'><strong><em>Respondes</em></strong></span> 
     </span>
     <span class='ocr_line' id='line_1_24' title="bbox 120 2944 1233 3056; baseline -0.002 -21"><span class='ocrx_word' id='word_1_182' title='bbox 120 2971 153 3053; x_wconf 61' lang='lat'><strong><em>3⁰</em></strong></span> <span class='ocrx_word' id='word_1_183' title='bbox 173 2975 301 3054; x_wconf 85' lang='lat' dir='ltr'><strong><em>certum</em></strong></span> <span class='ocrx_word' id='word_1_184' title='bbox 314 2975 364 3035; x_wconf 89' lang='lat' dir='ltr'><strong><em>est</em></strong></span> <span class='ocrx_word' id='word_1_185' title='bbox 380 2988 421 3034; x_wconf 84' lang='lat' dir='ltr'><strong><em>ex</em></strong></span> <span class='ocrx_word' id='word_1_186' title='bbox 440 2969 546 3054; x_wconf 87' lang='lat' dir='ltr'><strong><em>capite</em></strong></span> <span class='ocrx_word' id='word_1_187' title='bbox 559 2973 641 3047; x_wconf 78' lang='lat' dir='ltr'><strong><em>Licet</em></strong></span> <span class='ocrx_word' id='word_1_188' title='bbox 656 2969 703 3056; x_wconf 80' lang='lat' dir='ltr'><strong><em>(dc</em></strong></span> <span class='ocrx_word' id='word_1_189' title='bbox 717 2944 826 3049; x_wconf 78' lang='lat' dir='ltr'><strong><em>Officio</em></strong></span> <span class='ocrx_word' id='word_1_190' title='bbox 842 2971 968 3048; x_wconf 85' lang='lat' dir='ltr'><strong><em>Vicarii,</em></strong></span> <span class='ocrx_word' id='word_1_191' title='bbox 988 2967 1022 3032; x_wconf 92' lang='lat' dir='ltr'><strong><em>in</em></strong></span> <span class='ocrx_word' id='word_1_192' title='bbox 1039 2965 1073 3052; x_wconf 88' lang='grc'><strong><em>6)</em></strong></span> <span class='ocrx_word' id='word_1_193' title='bbox 1089 2964 1233 3053; x_wconf 79' lang='lat' dir='ltr'><strong><em>indigere</em></strong></span> 
     </span>
     <span class='ocr_line' id='line_1_25' title="bbox 116 3083 1234 3177; baseline -0.004 -24"><span class='ocrx_word' id='word_1_194' title='bbox 116 3084 278 3157; x_wconf 78' lang='lat' dir='ltr'><strong><em>Vitorium</em></strong></span> <span class='ocrx_word' id='word_1_195' title='bbox 293 3086 424 3177; x_wconf 79' lang='lat' dir='ltr'><strong><em>speciali</em></strong></span> <span class='ocrx_word' id='word_1_196' title='bbox 436 3084 597 3167; x_wconf 82' lang='lat' dir='ltr'><strong><em>mandato,</em></strong></span> <span class='ocrx_word' id='word_1_197' title='bbox 615 3092 653 3169; x_wconf 86' lang='lat' dir='ltr'><strong><em>ut</em></strong></span> <span class='ocrx_word' id='word_1_198' title='bbox 666 3101 944 3170; x_wconf 83' lang='lat' dir='ltr'><strong><em>quorumcumque</em></strong></span> <span class='ocrx_word' id='word_1_199' title='bbox 966 3101 1123 3149; x_wconf 83' lang='lat' dir='ltr'><strong><em>excessus</em></strong></span> <span class='ocrx_word' id='word_1_200' title='bbox 1141 3083 1234 3167; x_wconf 89' lang='lat' dir='ltr'><strong><em>possit</em></strong></span> 
     </span>
     <span class='ocr_line' id='line_1_26' title="bbox 115 3199 1233 3286; baseline -0.002 -22"><span class='ocrx_word' id='word_1_201' title='bbox 115 3200 292 3285; x_wconf 86' lang='lat' dir='ltr'><strong><em>inquirere,</em></strong></span> <span class='ocrx_word' id='word_1_202' title='bbox 306 3204 481 3286; x_wconf 84' lang='lat' dir='ltr'><strong><em>corrigere,</em></strong></span> <span class='ocrx_word' id='word_1_203' title='bbox 501 3209 535 3267; x_wconf 90' lang='lat' dir='ltr'><strong><em>et</em></strong></span> <span class='ocrx_word' id='word_1_204' title='bbox 552 3202 680 3284; x_wconf 89' lang='lat' dir='ltr'><strong><em>punire.</em></strong></span> <span class='ocrx_word' id='word_1_205' title='bbox 697 3199 891 3284; x_wconf 72' lang='lat' dir='ltr'><strong><em>Respondes</em></strong></span> <span class='ocrx_word' id='word_1_206' title='bbox 908 3202 954 3279; x_wconf 81' lang='lat'><strong><em>2⁰,</em></strong></span> <span class='ocrx_word' id='word_1_207' title='bbox 977 3199 1110 3284; x_wconf 85' lang='lat' dir='ltr'><strong><em>quando</em></strong></span> <span class='ocrx_word' id='word_1_208' title='bbox 1129 3206 1233 3264; x_wconf 85' lang='lat' dir='ltr'><strong><em>tamen</em></strong></span> 
     </span>
     <span class='ocr_line' id='line_1_27' title="bbox 116 3314 1232 3416; baseline -0.001 -35"><span class='ocrx_word' id='word_1_209' title='bbox 116 3316 223 3401; x_wconf 77' lang='lat' dir='ltr'><strong><em>agitur</em></strong></span> <span class='ocrx_word' id='word_1_210' title='bbox 239 3315 281 3383; x_wconf 90' lang='lat' dir='ltr'><strong><em>de</em></strong></span> <span class='ocrx_word' id='word_1_211' title='bbox 303 3316 398 3383; x_wconf 86' lang='lat' dir='ltr'><strong><em>dictis</em></strong></span> <span class='ocrx_word' id='word_1_212' title='bbox 413 3315 617 3399; x_wconf 80' lang='lat' dir='ltr'><strong><em>officialibus,</em></strong></span> <span class='ocrx_word' id='word_1_213' title='bbox 641 3325 793 3416; x_wconf 81' lang='lat' dir='ltr'><strong><em>auctores</em></strong></span> <span class='ocrx_word' id='word_1_214' title='bbox 817 3335 883 3382; x_wconf 91' lang='lat' dir='ltr'><strong><em>non</em></strong></span> <span class='ocrx_word' id='word_1_215' title='bbox 908 3314 1124 3391; x_wconf 83' lang='lat' dir='ltr'><strong><em>concordant.</em></strong></span> <span class='ocrx_word' id='word_1_216' title='bbox 1144 3315 1232 3404; x_wconf 79' lang='lat' dir='ltr'><strong><em>(Vide</em></strong></span> 
     </span>
     <span class='ocr_line' id='line_1_28' title="bbox 117 3425 839 3519; baseline 0.004 -24"><span class='ocrx_word' id='word_1_217' title='bbox 117 3432 324 3512; x_wconf 85' lang='lat' dir='ltr'><strong><em>Leurenium,</em></strong></span> <span class='ocrx_word' id='word_1_218' title='bbox 341 3433 415 3499; x_wconf 90' lang='lat' dir='ltr'><strong><em>loco</em></strong></span> <span class='ocrx_word' id='word_1_219' title='bbox 430 3434 499 3513; x_wconf 78' lang='lat' dir='ltr'><strong><em>cit,</em></strong></span> <span class='ocrx_word' id='word_1_220' title='bbox 521 3425 550 3499; x_wconf 88' lang='lat' dir='ltr'><strong><em>c.</em></strong></span> <span class='ocrx_word' id='word_1_221' title='bbox 566 3435 599 3510; x_wconf 88' lang='lat'><strong><em>3,</em></strong></span> <span class='ocrx_word' id='word_1_222' title='bbox 615 3452 649 3519; x_wconf 88' lang='lat' dir='ltr'><strong><em>q.</em></strong></span> <span class='ocrx_word' id='word_1_223' title='bbox 667 3430 760 3515; x_wconf 75' lang='lat'>441.)</span> <span class='ocrx_word' id='word_1_224' title='bbox 836 3472 839 3477; x_wconf 91' lang='lat'><em>·</em></span> 
     </span>
    </p>

    <p class='ocr_par' dir='ltr' id='par_1_11' title="bbox 114 3547 1236 4458">
     <span class='ocr_line' id='line_1_29' title="bbox 160 3547 1234 3635; baseline -0.005 -20"><span class='ocrx_word' id='word_1_225' title='bbox 160 3547 312 3635; x_wconf 66' lang='lat' dir='ltr'><strong><em>Quasrro</em></strong></span> <span class='ocrx_word' id='word_1_226' title='bbox 332 3549 395 3614; x_wconf 73' lang='lat'><strong><em>11¹.</em></strong></span> <span class='ocrx_word' id='word_1_227' title='bbox 412 3585 458 3598; x_wconf 89' lang='lat'><em>-</em></span> <span class='ocrx_word' id='word_1_228' title='bbox 473 3552 521 3615; x_wconf 84' lang='lat' dir='ltr'><strong><em>Aa</em></strong></span> <span class='ocrx_word' id='word_1_229' title='bbox 538 3555 603 3614; x_wconf 87' lang='lat' dir='ltr'><strong><em>siaa</em></strong></span> <span class='ocrx_word' id='word_1_230' title='bbox 619 3551 742 3633; x_wconf 86' lang='lat' dir='ltr'><strong><em>speciali</em></strong></span> <span class='ocrx_word' id='word_1_231' title='bbox 756 3549 899 3613; x_wconf 63' lang='lat' dir='ltr'><strong><em>ouawto</em></strong></span> <span class='ocrx_word' id='word_1_232' title='bbox 919 3552 1017 3629; x_wconf 87' lang='lat' dir='ltr'><strong><em>possit</em></strong></span> <span class='ocrx_word' id='word_1_233' title='bbox 1039 3567 1179 3612; x_wconf 73' lang='lat' dir='ltr'><strong><em>caerem</em></strong></span> <span class='ocrx_word' id='word_1_234' title='bbox 1202 3567 1234 3610; x_wconf 87' lang='lat' dir='ltr'><strong><em>aa</em></strong></span> 
     </span>
     <span class='ocr_line' id='line_1_30' title="bbox 115 3665 1234 3749; baseline 0.001 -23"><span class='ocrx_word' id='word_1_235' title='bbox 115 3683 180 3746; x_wconf 79' lang='lat' dir='ltr'><strong><em>pua</em></strong></span> <span class='ocrx_word' id='word_1_236' title='bbox 191 3667 391 3730; x_wconf 66' lang='lat' dir='ltr'><strong><em>cwoeduatur</em></strong></span> <span class='ocrx_word' id='word_1_237' title='bbox 401 3670 547 3749; x_wconf 85' lang='lat' dir='ltr'><strong><em>Episcopo</em></strong></span> <span class='ocrx_word' id='word_1_238' title='bbox 562 3672 705 3747; x_wconf 81' lang='lat' dir='ltr'><strong><em>tauquam</em></strong></span> <span class='ocrx_word' id='word_1_239' title='bbox 718 3667 805 3730; x_wconf 83' lang='lat' dir='ltr'><strong><em>Sectis</em></strong></span> <span class='ocrx_word' id='word_1_240' title='bbox 819 3665 997 3747; x_wconf 80' lang='lat' dir='ltr'><strong><em>Apostolica</em></strong></span> <span class='ocrx_word' id='word_1_241' title='bbox 1011 3665 1181 3746; x_wconf 66' lang='lat' dir='ltr'><strong><em>daapato?</em></strong></span> <span class='ocrx_word' id='word_1_242' title='bbox 1197 3666 1234 3727; x_wconf 87' lang='lat' dir='ltr'><strong><em>Et</em></strong></span> 
     </span>
     <span class='ocr_line' id='line_1_31' title="bbox 116 3783 1235 3864; baseline -0.001 -20"><span class='ocrx_word' id='word_1_243' title='bbox 116 3799 156 3844; x_wconf 84' lang='lat' dir='ltr'><strong><em>aa</em></strong></span> <span class='ocrx_word' id='word_1_244' title='bbox 169 3786 231 3844; x_wconf 85' lang='lat' dir='ltr'><strong><em>oica</em></strong></span> <span class='ocrx_word' id='word_1_245' title='bbox 241 3801 328 3845; x_wconf 81' lang='lat' dir='ltr'><strong><em>occsa</em></strong></span> <span class='ocrx_word' id='word_1_246' title='bbox 337 3787 436 3863; x_wconf 88' lang='lat' dir='ltr'><strong><em>possit</em></strong></span> <span class='ocrx_word' id='word_1_247' title='bbox 443 3786 605 3864; x_wconf 87' lang='lat' dir='ltr'><strong><em>Episcopus</em></strong></span> <span class='ocrx_word' id='word_1_248' title='bbox 616 3800 785 3862; x_wconf 82' lang='lat' dir='ltr'><strong><em>coppascere</em></strong></span> <span class='ocrx_word' id='word_1_249' title='bbox 795 3797 916 3843; x_wconf 76' lang='lat' dir='ltr'><strong><em>casuum</em></strong></span> <span class='ocrx_word' id='word_1_250' title='bbox 928 3783 1048 3843; x_wconf 83' lang='lat' dir='ltr'><strong><em>Viaacio</em></strong></span> <span class='ocrx_word' id='word_1_251' title='bbox 1057 3799 1113 3842; x_wconf 87' lang='lat' dir='ltr'><strong><em>sao</em></strong></span> <span class='ocrx_word' id='word_1_252' title='bbox 1124 3799 1146 3842; x_wconf 94' lang='lat' dir='ltr'><strong><em>a</em></strong></span> <span class='ocrx_word' id='word_1_253' title='bbox 1154 3783 1235 3862; x_wconf 84' lang='lat' dir='ltr'><strong><em>Papo</em></strong></span> 
     </span>
     <span class='ocr_line' id='line_1_32' title="bbox 115 3892 1235 3983; baseline -0.004 -22"><span class='ocrx_word' id='word_1_254' title='bbox 115 3899 283 3983; x_wconf 76' lang='lat' dir='ltr'><strong><em>taiepataca</em></strong></span> <span class='ocrx_word' id='word_1_255' title='bbox 295 3901 310 3963; x_wconf 79' lang='lat' dir='ltr'><strong><em>i</em></strong></span> <span class='ocrx_word' id='word_1_256' title='bbox 320 3894 570 3983; x_wconf 59' lang='lat' dir='ltr'><strong><em>÷Respcndeo</em></strong></span> <span class='ocrx_word' id='word_1_257' title='bbox 584 3895 627 3961; x_wconf 88' lang='lat' dir='ltr'><strong><em>ed</em></strong></span> <span class='ocrx_word' id='word_1_258' title='bbox 640 3897 657 3962; x_wconf 95' lang='grc' dir='ltr'>Ι</span> <span class='ocrx_word' id='word_1_259' title='bbox 670 3916 678 3962; x_wconf 91' lang='lat'>:</span> <span class='ocrx_word' id='word_1_260' title='bbox 696 3896 751 3971; x_wconf 82' lang='lat' dir='ltr'><strong><em>rel</em></strong></span> <span class='ocrx_word' id='word_1_261' title='bbox 766 3914 815 3973; x_wconf 90' lang='lat' dir='ltr'><strong><em>ea,</em></strong></span> <span class='ocrx_word' id='word_1_262' title='bbox 836 3898 911 3961; x_wconf 89' lang='lat' dir='ltr'><strong><em>ante</em></strong></span> <span class='ocrx_word' id='word_1_263' title='bbox 924 3893 1100 3961; x_wconf 88' lang='lat' dir='ltr'><strong><em>concilium</em></strong></span> <span class='ocrx_word' id='word_1_264' title='bbox 1108 3892 1235 3961; x_wconf 79' lang='lat' dir='ltr'><strong><em>Triden</em></strong></span> 
     </span>
     <span class='ocr_line' id='line_1_33' title="bbox 114 4007 1236 4103; baseline -0.004 -26"><span class='ocrx_word' id='word_1_265' title='bbox 114 4012 231 4098; x_wconf 72' lang='lat' dir='ltr'><strong><em>tipum,</em></strong></span> <span class='ocrx_word' id='word_1_266' title='bbox 248 4011 479 4095; x_wconf 80' lang='lat' dir='ltr'><strong><em>competebant</em></strong></span> <span class='ocrx_word' id='word_1_267' title='bbox 491 4011 648 4103; x_wconf 85' lang='lat' dir='ltr'><strong><em>Episcopo</em></strong></span> <span class='ocrx_word' id='word_1_268' title='bbox 660 4009 734 4096; x_wconf 90' lang='lat' dir='ltr'><strong><em>jure</em></strong></span> <span class='ocrx_word' id='word_1_269' title='bbox 750 4007 923 4088; x_wconf 86' lang='lat' dir='ltr'><strong><em>ordinario,</em></strong></span> <span class='ocrx_word' id='word_1_270' title='bbox 939 4009 994 4074; x_wconf 81' lang='lat' dir='ltr'><strong><em>vel</em></strong></span> <span class='ocrx_word' id='word_1_271' title='bbox 1004 4027 1072 4073; x_wconf 91' lang='lat' dir='ltr'><strong><em>non</em></strong></span> <span class='ocrx_word' id='word_1_272' title='bbox 1084 4030 1092 4073; x_wconf 92' lang='lat'>:</span> <span class='ocrx_word' id='word_1_273' title='bbox 1106 4009 1136 4074; x_wconf 91' lang='lat' dir='ltr'><strong><em>si</em></strong></span> <span class='ocrx_word' id='word_1_274' title='bbox 1150 4008 1236 4093; x_wconf 86' lang='lat' dir='ltr'><strong><em>prius</em></strong></span> 
     </span>
     <span class='ocr_line' id='line_1_34' title="bbox 115 4122 1232 4211; baseline -0.001 -22"><span class='ocrx_word' id='word_1_275' title='bbox 115 4145 180 4190; x_wconf 92' lang='lat' dir='ltr'><strong><em>non</em></strong></span> <span class='ocrx_word' id='word_1_276' title='bbox 190 4126 314 4210; x_wconf 84' lang='lat' dir='ltr'><strong><em>indiget</em></strong></span> <span class='ocrx_word' id='word_1_277' title='bbox 332 4128 477 4193; x_wconf 75' lang='lat' dir='ltr'><strong><em>vicarius</em></strong></span> <span class='ocrx_word' id='word_1_278' title='bbox 494 4127 655 4210; x_wconf 80' lang='lat' dir='ltr'><strong><em>generalis</em></strong></span> <span class='ocrx_word' id='word_1_279' title='bbox 668 4125 799 4209; x_wconf 79' lang='lat' dir='ltr'><strong><em>speciali</em></strong></span> <span class='ocrx_word' id='word_1_280' title='bbox 820 4125 1043 4211; x_wconf 79' lang='lat' dir='ltr'><strong><em>commissione</em></strong></span> <span class='ocrx_word' id='word_1_281' title='bbox 1059 4122 1232 4209; x_wconf 87' lang='lat' dir='ltr'><strong><em>Episcopi:</em></strong></span> 
     </span>
     <span class='ocr_line' id='line_1_35' title="bbox 115 4239 1235 4329; baseline -0.004 -21"><span class='ocrx_word' id='word_1_282' title='bbox 115 4259 209 4323; x_wconf 58' lang='lat' dir='ltr'><strong><em>pune</em></strong></span> <span class='ocrx_word' id='word_1_283' title='bbox 220 4241 357 4329; x_wconf 79' lang='lat' dir='ltr'><strong><em>indiget.</em></strong></span> <span class='ocrx_word' id='word_1_284' title='bbox 375 4242 540 4319; x_wconf 79' lang='lat' dir='ltr'><strong><em>Probatur</em></strong></span> <span class='ocrx_word' id='word_1_285' title='bbox 551 4243 744 4313; x_wconf 83' lang='lat' dir='ltr'><strong><em>auctoritate</em></strong></span> <span class='ocrx_word' id='word_1_286' title='bbox 759 4243 862 4323; x_wconf 77' lang='lat' dir='ltr'><strong><em>¹Sacra</em></strong></span> <span class='ocrx_word' id='word_1_287' title='bbox 875 4240 1151 4327; x_wconf 74' lang='lat' dir='ltr'><strong><em>Congregatipnis</em></strong></span> <span class='ocrx_word' id='word_1_288' title='bbox 1161 4239 1235 4327; x_wconf 70' lang='lat' dir='ltr'><strong><em>ilpn·</em></strong></span> 
     </span>
     <span class='ocr_line' id='line_1_36' title="bbox 116 4353 1235 4458; baseline -0.001 -17"><span class='ocrx_word' id='word_1_289' title='bbox 116 4355 192 4442; x_wconf 75' lang='lat' dir='ltr'><strong><em>ciiii</em></strong></span> <span class='ocrx_word' id='word_1_290' title='bbox 208 4357 352 4445; x_wconf 63' lang='lat' dir='ltr'><strong><em>vesitus</em></strong></span> <span class='ocrx_word' id='word_1_291' title='bbox 364 4358 525 4450; x_wconf 44' lang='lat' dir='ltr'><strong><em>aaa&amp;</em></strong></span> <span class='ocrx_word' id='word_1_292' title='bbox 541 4356 781 4455; x_wconf 76' lang='lat' dir='ltr'><strong><em>iroueniscui</em></strong></span> <span class='ocrx_word' id='word_1_293' title='bbox 792 4355 996 4458; x_wconf 64' lang='lat' dir='ltr'><strong><em>Neapolitani</em></strong></span> <span class='ocrx_word' id='word_1_294' title='bbox 1010 4356 1074 4451; x_wconf 72' lang='lat' dir='ltr'><strong><em>siis</em></strong></span> <span class='ocrx_word' id='word_1_295' title='bbox 1093 4353 1235 4441; x_wconf 64' lang='lat' dir='ltr'><strong><em>ceneris</em></strong></span> 
     </span>
    </p>
   </div>
   <div class='ocr_carea' id='block_1_7' title="bbox 0 0 1362 4980">
    <p class='ocr_par' dir='ltr' id='par_1_12' title="bbox 0 0 1362 4980">
     <span class='ocr_line' id='line_1_37' title="bbox 0 0 1362 4980; baseline 0 0"><span class='ocrx_word' id='word_1_296' title='bbox 0 0 1362 4980; x_wconf 95' lang='lat' dir='ltr'><strong><em> </em></strong></span> 
     </span>
    </p>
   </div>
  </div>
 </body>
</html>
