2714 4980
533 318 613 367 runs
634 316 749 367 aaran.
1162 303 1202 369 28

98 475 110 502 a
134 446 308 513 versitates
325 445 431 511 solent
448 445 512 510 as.
530 443 687 511 Pontifice
708 460 898 529 expressam
916 443 1122 529 privilegium
1146 442 1204 512 ad·

98 592 110 619 a
133 561 288 629 mittendi
303 561 439 630 elericos
453 560 495 629 ad
513 561 661 646 publicas
674 561 785 646 legum
804 560 947 628 civilium
968 560 1126 630 lectiones
1143 561 1200 628 im·

96 710 108 736 a
132 687 279 764 petrare.
300 707 314 734 »

130 793 247 875 Quoad
262 792 540 861 denominationes
550 789 642 885 juris
656 789 806 861 sicilicet
817 789 906 885 juris
917 789 1067 874 Romani,
1085 796 1203 880 passim

90 909 293 975 acanonistis
317 910 468 994 usurpari
486 910 608 989 solitas,
626 911 704 976 sciat
721 911 825 977 lector
844 910 883 976 iis
905 909 984 976 nihil
1007 908 1097 977 aliud
1115 910 1201 977 desi·

90 1026 177 1109 gnari
198 1044 297 1111 quam
318 1024 441 1092 editam
454 1025 495 1092 ab
513 1027 710 1110 imperatore
726 1027 905 1093 iustiniano
914 1026 1025 1111 legum
1040 1027 1203 1095 collectio·

89 1159 174 1226 nem;
189 1139 279 1227 quod
294 1139 348 1226 jus
361 1137 451 1207 ciuile
464 1162 523 1208 seu
537 1140 727 1222 Romanum,
747 1142 790 1209 ad
805 1141 970 1209 vitandam
988 1161 1117 1210 omnem
1134 1161 1201 1210 am·

89 1255 287 1343 biguitatem,
304 1277 364 1325 nos
379 1258 413 1325 in
435 1257 578 1327 decursu
593 1260 700 1345 operis
717 1254 957 1328 Justiaiamom
979 1257 1178 1326 vocabimus.

559 1572 718 1602 *⁴0*-

426 1874 727 2011 Sittio
768 1875 850 2011 ΙΙ,

88 2190 263 2267 Probatur
274 2192 449 2269 Ecclesiae
463 2203 665 2294 competere
679 2193 821 2294 proprie
832 2191 963 2267 dictam
971 2191 1197 2294 judiciariam

127 2328 354 2418 potestatem,
381 2319 493 2403 idest,
527 2320 646 2396 i'orum
683 2329 869 2396 externum
904 2343 985 2394 oum
1018 2327 1193 2419 potestate

126 2445 300 2520 coactiva.

114 2895 166 2967 sd
188 2880 408 2963 evertendum
430 2892 624 2962 catholicum
649 2891 778 2978 dogma,
807 2893 850 2960 de
877 2899 969 2961 certa
997 2901 1033 2961 et
1052 2893 1190 2977 abipso

79 3008 199 3081 christo
205 3018 341 3095 accepta
345 3009 669 3095 judiciariaEcolesiae
676 3016 850 3093 potestate,
859 3009 1009 3077 nihilnon
1015 3016 1191 3077 moverunt

79 3123 276 3197 heterodoxi.
287 3127 441 3213 Apprime
454 3127 577 3195 scilicet
586 3127 819 3207 intellexerunt
828 3124 1053 3193 damnatarum
1064 3124 1188 3210 opinio-

76 3263 149 3312 num
164 3245 303 3330 patroni,
317 3245 380 3312 sibi
391 3264 509 3330 parum
520 3243 814 3330 pertimescendam
826 3244 899 3313 iore
913 3244 1063 3311 Ecclesiae
1077 3249 1188 3313 auoto-

77 3361 216 3439 ritetem,
235 3360 322 3426 siita
336 3366 570 3438 coarctaretur,
585 3367 622 3426 ut
636 3366 745 3443 posset
757 3359 1051 3439 tantumsuadera,
1069 3359 1188 3446 depre-

75 3479 147 3565 cari,
157 3484 199 3545 ..et
214 3461 258 3547 ad
270 3495 430 3543 summum
446 3476 746 3560 excommunicare3
763 3475 852 3543 nulia
870 3484 981 3543 autem
994 3479 1028 3543 vi
1043 3479 1187 3545 coactiva

74 3594 224 3678 polleret,
240 3612 306 3680 qua
322 3612 400 3660 reos
413 3594 511 3661 etiam
527 3594 646 3661 invitos
666 3591 709 3660 ad
723 3592 977 3679 comparendum
991 3614 1103 3662 coram
1127 3615 1186 3669 suo

73 3710 227 3779 tribunali
242 3711 464 3795 compelleret,
483 3730 539 3779 eos
554 3709 745 3792 discuteret,
763 3719 797 3779 et
815 3710 925 3780 debita
942 3714 1103 3780 sententia
1117 3711 1186 3798 jus·

72 3827 177 3914 tisque
190 3834 228 3895 et
242 3828 387 3899 externis
400 3831 506 3913 poenis
524 3836 703 3895 coerceret.
717 3829 810 3908 Hinc,
833 3848 894 3914 pro
911 3830 1094 3916 questionis
1110 3847 1185 3913 gra·

72 3945 182 4023 ritate,
209 3963 317 4029 opera
334 3945 476 4029 pretium
494 3944 645 4011 duximus
662 3946 901 4032 precipuorum
917 3946 1009 4012 istius
1024 3943 1114 4011 modi
1130 3964 1184 4013 er·

72 4080 181 4129 rorum
206 4061 378 4129 elenchum
400 4063 619 4147 praemittere:
637 4070 709 4130 tum
734 4064 910 4149 genuinum
934 4062 1035 4131 thesis
1053 4083 1184 4133 sensum

74 4176 122 4264 (ne
137 4177 207 4259 uflp
220 4186 410 4246 remaneant
424 4198 465 4247 eu
480 4180 732 4267 aequivocatione
746 4177 875 4266 effugia)
895 4177 1009 4248 sedulo
1027 4180 1183 4249 determi-

72 4313 166 4365 nare:
190 4314 230 4365 ac
249 4294 383 4367 tandem
408 4297 498 4364 varia
522 4305 728 4384 argumenta,
755 4295 873 4386 quibus
895 4318 974 4367 vcra
999 4298 1059 4367 hac
1084 4298 1118 4371 in
1143 4317 1180 4366 re

73 4411 215 4499 matrina
224 4414 336 4493 iuieiri
349 4415 443 4497 solet,
464 4416 631 4495 evolvere.
