2714 4980
123 297 190 360 450
467 305 654 358 anserinus
676 313 720 359 oa
742 313 890 360 rumoris.

152 425 335 503 -Contraria
352 442 463 502 tamen
485 437 644 502 sententia
670 435 768 523 (dicta
792 456 910 521 nempe
936 437 1061 502 Vicarii
1085 437 1233 519 generalis

122 555 240 621 delicta
253 573 322 620 esse
337 553 378 619 ab
392 553 492 637 ipsius
501 554 658 638 Episcopo
671 554 846 638 punienda,
859 575 924 621 non
932 563 1047 620 autem
1061 555 1105 620 ab
1118 554 1235 620 Archic·

121 668 283 756 piscopo)‚
310 691 328 734 a
350 669 518 735 veteribus
537 670 635 734 etiam
658 670 829 735 canonistis
854 677 1065 756 propugnata
1093 671 1168 736 fuit.
1195 671 1235 734 Sic

121 789 206 854 enim
219 788 330 872 legere
350 795 400 851 est
420 784 509 869 apud
528 785 731 864 Durandum,
752 789 942 870 cognomine
957 791 1185 878 Speculatorem
1200 788 1217 874 (⁹

120 904 261 988 speculo,
288 902 373 968 libro
396 905 427 980 2,
450 901 610 986 particula
629 906 658 980 l,
680 905 716 966 de
738 907 940 985 Competeutc's
951 907 1074 986 judicis
1097 907 1232 983 aditione,

120 1024 304 1102 §Sequitur,
327 1018 442 1102 pagina
464 1019 517 1095 20,
539 1025 619 1082 tom.
642 1020 673 1097 2,
694 1017 784 1083 editg
801 1017 953 1101 Lugduni
976 1017 1109 1104 1547):
1136 1021 1235 1085 altem

124 1167 136 1190 «
152 1141 240 1214 nota,
259 1133 348 1220 quod
364 1133 407 1199 de
427 1133 596 1212 maleficio,
618 1135 673 1198 vel
688 1134 791 1218 quasi,
814 1133 961 1200 Officialis
976 1136 1147 1220 Episcopi,
1162 1154 1235 1200 com-

124 1253 246 1318 «''misso
261 1254 295 1315 in
306 1250 419 1329 officio,
436 1257 474 1314 ut
489 1259 568 1334 puta
583 1251 618 1314 in
632 1251 791 1316 sententia
806 1252 865 1325 vel
876 1269 1054 1335 processu,
1084 1252 1235 1336 agendum

123 1400 136 1424 «
151 1378 202 1435 est
216 1387 323 1435 coram
337 1369 495 1451 Episcopo
509 1366 601 1451 cujus
619 1375 669 1432 est
687 1365 852 1451 Officialis;
868 1375 901 1432 et
915 1386 981 1432 non
994 1387 1108 1434 coram
1121 1369 1235 1434 Archie

123 1485 284 1570 «piscopo
299 1485 353 1550 vel
366 1483 437 1568 ejus
449 1482 593 1549 Officiali.
610 1485 787 1568 Episcopus
800 1492 921 1562 autem,
935 1484 963 1549 si
973 1486 1156 1570 requisitus
1165 1486 1235 1551 nolit

123 1618 136 1656 «ι’
150 1621 267 1685 cogere
283 1599 460 1667 Officialem
481 1618 576 1664 suum
599 1598 642 1663 ad
656 1598 843 1679 emendam,
860 1609 971 1684 potest
993 1604 1127 1667 ratione
1149 1600 1233 1686 hujus

123 1750 135 1773 «
150 1717 301 1784 maleficii
319 1717 483 1782 conveniri
503 1734 612 1795 coram
628 1718 879 1801 Metropolitano
893 1737 952 1783 seu
966 1717 1039 1803 ejus
1060 1719 1203 1785 Officiali.
1219 1749 1230 1774 ·

68 1898 70 1902 ,
118 1837 250 1902 Certum
271 1835 349 1899 item
368 1840 419 1899 est
439 1833 678 1916 speculatorem
701 1853 856 1918 sequaces
872 1837 905 1899 in
923 1836 986 1900 hac
1003 1838 1170 1902 sententia
1188 1836 1235 1900 ha·

117 1953 236 2019 buisse.

162 2075 194 2136 3.
221 2069 361 2135 Praefata
383 2075 493 2132 autem
512 2075 668 2132 veterum
689 2068 934 2138 canonistarum
957 2067 1133 2149 doctrina,
1157 2069 1234 2154 apud

117 2187 315 2252 recentiores
327 2182 494 2250 moderata
506 2190 556 2248 est
567 2184 601 2246 in
612 2183 699 2247 hunc
709 2183 852 2261 modum,
867 2185 928 2249 sub
941 2203 1007 2268 quo
1017 2186 1052 2249 in
1065 2193 1235 2250 sententiam

116 2307 343 2366 conamuciorem
357 2297 534 2363 transivit:
556 2297 609 2362 vel
623 2297 800 2380 Episcopus
819 2299 984 2380 particeps
1006 2299 1073 2363 fuit
1098 2301 1198 2383 culpae
1218 2321 1234 2364 a

117 2418 244 2482 Vicario
266 2415 411 2500 generali
430 2414 464 2476 in
481 2412 585 2478 officio
600 2433 658 2479 suo
685 2415 871 2492 commissa,
896 2417 950 2480 vel
969 2434 1037 2480 non
1061 2438 1070 2481 :
1096 2417 1124 2481 si
1146 2417 1232 2482 dicta

116 2535 219 2617 culpae
241 2544 360 2615 expers
384 2531 446 2595 fuit
468 2530 655 2613 Episcopus,
674 2529 838 2615 adipsum
856 2533 1002 2614 pertinet
1021 2552 1098 2597 eam
1112 2535 1231 2617 punire,

117 2667 223 2736 neque
246 2656 355 2734 potest
376 2647 645 2730 Archiepiscopus
663 2648 696 2710 in
711 2648 773 2714 hoc
787 2666 858 2713 sese
872 2649 1058 2715 immiscere
1074 2672 1082 2715 :
1099 2652 1126 2716 si
1148 2650 1233 2715 dicta

118 2752 219 2849 culpa
234 2766 397 2849 particeps
411 2763 475 2827 fuit
493 2763 687 2845 Episcopus,
712 2764 825 2847 nequit
841 2764 1008 2828 Vicarium
1032 2784 1131 2831 suum
1147 2784 1233 2850 gene·

117 2882 219 2948 raiem
238 2882 374 2963 punire,
404 2871 503 2962 idque
517 2879 669 2962 pertinet
691 2877 734 2943 ad
756 2878 1062 2963 Arcmepiseopum.
1092 2883 1236 2950 Officialis'

116 3005 225 3063 autem
248 2995 504 3078 archiepiscopi,
525 2994 623 3058 etiam
642 2994 676 3056 in
698 2993 760 3058 hoc
773 2995 947 3077 posteriori
964 3014 1067 3076 casu,
1094 2997 1234 3084 nequibit

117 3115 258 3178 vicarios
269 3111 439 3196 generales
450 3111 682 3194 Episcoporum
696 3108 855 3194 judicare.
870 3113 920 3177 Ita
936 3115 1047 3179 teneri
1060 3117 1232 3200 reperiesa
1259 3159 1262 3168 -

118 3225 250 3298 sororio
275 3231 358 3316 (loco
382 3247 481 3311 supra
507 3227 618 3304 citato,
646 3246 683 3291 n.
715 3225 779 3311 10),
797 3249 815 3292 a
832 3228 995 3295 Leurenio
1020 3231 1071 3317 (de
1103 3238 1232 3298 vacatis

117 3341 232 3430 Epiac,
253 3365 325 3428 cap.
346 3347 376 3420 5,
396 3362 428 3427 q.
452 3339 542 3425 300),
561 3363 580 3406 a
598 3343 739 3426 Loyman
752 3343 905 3429 (incaput
917 3350 1055 3412 Romana
1068 3354 1100 3430 l,
1115 3353 1154 3414 dc
1167 3351 1232 3430 offi-

116 3473 161 3528 cto
176 3469 300 3542 Vicorc't,
321 3461 355 3524 in
370 3458 416 3544 6),
438 3465 472 3523 et
491 3458 608 3541 passim
627 3478 645 3523 a
664 3458 830 3524 modernis
850 3461 932 3539 aliis,
956 3482 999 3527 ex
1022 3466 1146 3548 quibus
1166 3467 1232 3531 satis

116 3583 179 3648 erit
190 3583 225 3644 in
238 3576 384 3643 medium
396 3573 569 3640 adduxisse
584 3574 736 3658 Pirrhing
753 3598 759 3640 :
780 3597 797 3637 «
814 3577 847 3640 Si
859 3577 1020 3661 vicarius,
1040 3582 1160 3667 inquit,
1182 3581 1232 3648 de·

120 3698 275 3779 «linquat
292 3694 326 3757 in
343 3689 586 3775 pertinentibus
601 3688 643 3753 ad
658 3709 755 3754 suum
770 3689 918 3770 officium,
935 3694 982 3758 ita
997 3700 1113 3762 tamen
1121 3705 1159 3762 ut
1167 3696 1231 3779 Epi·

119 3819 268 3896 ‹tscopns
283 3816 376 3873 extra
398 3806 527 3889 culpam
550 3805 602 3882 sit,
624 3812 695 3869 tum
708 3808 806 3871 etiam
824 3806 867 3872 ad
881 3809 1084 3894 Episcopum
1097 3813 1231 3897 pertinet

119 3924 192 3990 cde
218 3923 338 3988 delicto
354 3928 410 3985 aut
424 3919 619 4000 negligentia
636 3918 756 3983 Vicarii
784 3939 992 4004 cognoscere,
1013 3943 1159 4010 eumque
1179 3943 1230 4008 pu·

118 4065 133 4102 a
147 4041 239 4104 nire:
255 4056 362 4122 neque
376 4033 642 4115 Archiepiscopus
651 4034 685 4096 in
694 4033 755 4098 hoc
774 4055 851 4100 casn
862 4055 897 4100 se
913 4038 1101 4106 immiscere
1116 4047 1225 4125 potest,

118 4157 209 4220 anisi
226 4152 403 4236 Episcopus
427 4148 602 4232 requisitus
622 4166 751 4213 causam
771 4169 966 4234 cognoscere
981 4165 1127 4222 recuset.
1146 4156 1230 4222 Ratio¹

118 4251 139 4330 (ἱ
147 4267 208 4347 est,
226 4245 301 4353 quia
314 4267 395 4331 licet
409 4264 528 4330 uicerit
540 4261 721 4347 jurisdictio
739 4265 854 4331 eadem
869 4268 913 4332 sit
928 4277 963 4334 et
973 4281 1152 4356 reputetur
1164 4284 1228 4337 cum'

117 4382 367 4469 «jurisdictione
387 4380 546 4463 Episcopi,
564 4397 627 4441 non
640 4387 752 4444 >tamea
764 4381 896 4460 eodem,
915 4385 975 4450 sed
992 4385 1126 4454 diverso
1140 4383 1222 4452 modo

252 4488 266 4527 a·
