2714 4980
18 4588 64 4672 ἱ

112 282 176 344 376
459 294 647 344 recasurus
669 296 713 343 uu
735 293 884 343 runicus.

111 423 229 503 quidem
247 422 407 502 appellari,
427 422 479 483 scd
492 423 658 502 supplicari
670 422 711 484 od
726 423 915 503 Episcopum.
933 457 978 470 -
997 422 1070 486 Non
1086 424 1161 487 satis
1171 443 1211 490 rc

111 538 274 604 baerenter
299 536 474 604 haedere
494 538 598 604 locuti
621 539 698 604 mibi
718 537 877 604 videntur
894 539 1044 605 nonnulli
1064 547 1212 607 auctores.

111 655 298 732 beurenius,
316 654 409 720 verbi
427 657 540 738 grstia,
560 664 731 740 postquam
752 655 869 741 (capite
886 657 918 734 2,
945 659 983 719 dc
999 660 1141 720 Vicae-tos
1156 661 1216 739 Ep'e

110 791 203 852 scop,
223 777 335 854 quaest.
362 768 415 854 77)
436 771 632 854 generaliter
650 770 804 836 sustinuit
825 789 891 835 non
911 788 983 834 esse
1006 771 1119 836 locum
1144 770 1216 856 ejas

112 883 201 948 modi
226 882 467 966 supplicationi,
499 891 613 966 postea
644 883 775 969 (quast.
802 880 855 966 79)
883 881 1030 949 admittit
1057 886 1218 970 supplicari

110 1017 205 1082 posse
223 1007 295 1063 tum
314 1005 452 1081 propter
469 1017 645 1080 gravamen
662 998 787 1064 illatum
803 999 964 1064 alicario
981 999 1218 1082 generalium

110 1115 236 1180 ratione
249 1114 408 1179 nullitatis
423 1115 589 1178 sententioe
602 1113 696 1178 abeo
708 1114 934 1197 pronuntiatae.
950 1115 1139 1198 Diligenter
1152 1133 1218 1199 ergo

111 1229 325 1313 expendenda
339 1230 472 1314 quaestio
487 1237 546 1307 est,
563 1235 662 1314 atque
676 1229 834 1312 imprimis
847 1229 888 1294 ab
905 1229 1122 1314 ambiguitate
1134 1249 1218 1316 quan

111 1346 283 1433 praesefcrt
302 1343 564 1410 discriminanda.
876 1369 879 1375 ·

154 1461 408 1546 Quadruplicem
421 1480 539 1545 nempe
555 1461 597 1528 ob
611 1461 710 1528 finem
725 1463 907 1545 concipitur
916 1461 990 1528 fieri
1000 1481 1098 1546 posse
1113 1462 1220 1530 dictam

1 1662 3 1667 ,
108 1579 151 1646 ad
164 1579 358 1662 Episcopum
371 1578 661 1660 supplicationem:
681 1581 713 1642 1⁰
729 1586 768 1644 ut
780 1578 967 1644 obtineatur
980 1581 1099 1662 gratia,
1117 1579 1216 1655 idest,

110 1696 254 1762 remissio
281 1713 385 1777 poenae
409 1712 471 1776 per
492 1694 685 1759 seutentiam
715 1695 833 1759 vicarii
861 1695 1023 1778 generalis
1049 1695 1220 1778 imposita3

111 1816 145 1877 2⁰
157 1818 195 1876 ut
209 1811 395 1878 obtineatur
413 1812 577 1876 restitutio
592 1829 695 1876 causae
709 1811 744 1875 in
755 1811 937 1895 integrum
951 1814 986 1876 3⁰
998 1818 1038 1877 ut
1052 1812 1222 1895 Episcopus

109 1927 218 1990 irritet
238 1924 356 1989 Vicarii
376 1923 535 2007 generalis
555 1926 765 2002 sententiam,
785 1932 947 2009 quatenus
966 1925 1038 2007 ipso
1061 1924 1135 2010 jure
1154 1925 1220 1990 nnl-

110 2043 172 2108 lam
188 2064 195 2125 3
214 2042 248 2104 4⁰
265 2046 303 2104 ut
319 2058 390 2104 eam
402 2040 510 2105 irritet
527 2048 689 2124 quatenus
704 2039 868 2125 iniustum.
886 2041 1109 2121 Quaestionem
1124 2039 1222 2126 quoad

110 2161 190 2226 istos
204 2166 346 2243 quatuor
360 2176 453 2223 casus
468 2158 704 2241 expendamus.

160 2281 192 2341 1⁰
214 2277 328 2342 Potest
343 2275 416 2340 fieri
438 2276 631 2359 supplicatio
647 2275 690 2341 ad
704 2277 901 2360 Episcopum
910 2272 952 2340 ‘iu
966 2275 1056 2342 bunc
1071 2276 1173 2342 finem
1189 2281 1223 2340 nt

111 2395 297 2461 obtineatur
311 2393 433 2476 gratia:
453 2401 581 2458 certum
597 2401 646 2458 est
665 2393 753 2459 enim
770 2412 863 2478 posse
883 2394 1082 2476 Episcopum
1097 2393 1221 2459 alicnis

112 2511 241 2578 Vicario
255 2510 399 2594 generali
418 2509 636 2574 condemnato
654 2511 791 2594 gratiam
805 2510 933 2587 facere,
955 2509 990 2575 id
1013 2517 1076 2587 est,
1102 2525 1223 2595 poenom

114 2626 156 2693 ad
172 2647 269 2713 quam
281 2626 452 2692 damnatus
471 2635 520 2692 est
537 2625 734 2693 condonare.

158 2747 192 2808 2⁰
214 2745 355 2826 Quaestio
371 2763 412 2807 sn
431 2745 532 2827 possit
548 2743 621 2808 fieri
635 2743 827 2827 supplicatio
842 2743 883 2809 ab
905 2742 1120 2809 obtinendam
1137 2742 1223 2809 resti-

114 2863 276 2926 tutionem
296 2862 330 2924 in
345 2860 521 2943 integrum,
544 2860 661 2925 recidit
678 2860 713 2923 in
732 2861 942 2944 quaestionem
960 2858 1034 2945 (sub
1053 2861 1223 2925 numeral

114 2977 211 3044 modo
224 2974 403 3060 tractatam)
419 2997 459 3041 an
472 2978 651 3060 Episcopus
663 2977 764 3060 possit
776 2985 888 3042 contra
902 2981 1103 3043 sententiam
1114 2974 1224 3043 Vicarii

115 3096 165 3160 sui
182 3095 341 3178 generalis
354 3095 547 3178 restituere3
564 3102 663 3179 atque
677 3094 794 3160 eodem
811 3094 910 3160 modo
925 3099 976 3160 est
992 3093 1163 3160 solvenda.

96 3223 100 3230 ·
154 3214 194 3276 ι3ο
216 3212 301 3275 Item
318 3210 465 3294 quaestio,
483 3229 525 3274 an
538 3211 639 3293 possit
656 3208 730 3274 fieri
744 3209 937 3293 supplicatio
953 3207 997 3274 ad
1020 3210 1221 3293 Episcopum,

115 3334 153 3391 nt
175 3325 295 3389 nullam
318 3325 436 3389 Vicarii
453 3325 503 3389 sui
521 3325 681 3408 generalis
705 3325 899 3390 sententiam
918 3318 1224 3410 declaret,'pendet

116 3440 157 3504 ab
173 3439 276 3504 altera
290 3458 386 3524 quam
399 3440 484 3504 inira
497 3447 675 3506 tractamus
692 3435 845 3527 (sectione
859 3441 889 3517 5,
909 3459 979 3523 cap.
1000 3443 1032 3519 2,
1049 3447 1066 3519 5
1085 3445 1115 3519 1,
1133 3461 1165 3526 q.
1183 3435 1220 3523 2),

115 3563 228 3621 utrum
249 3574 366 3638 nempe
381 3556 513 3640 querela
531 3552 687 3622 nullitatis
700 3556 837 3621 tractari
854 3557 987 3639 possita
1004 3555 1119 3642 judice
1139 3553 1224 3623 Ordi-

117 3671 210 3737 nario
223 3671 280 3756 qui
293 3671 488 3737 sententiam
503 3672 735 3753 pronuntiavit,
753 3691 795 3737 an
810 3668 890 3737 vero
903 3670 946 3737 ad
958 3665 1109 3756 'judicem
1126 3672 1224 3756 appel

116 3788 244 3854 lotionis
270 3789 454 3867 necessario
477 3786 657 3854 deferenda
683 3789 735 3853 sit.
765 3787 848 3854 Loco
878 3793 988 3853 autem
1018 3787 1164 3856 indicato
1186 3781 1223 3854 iu

118 3902 365 3969 concludimus:
385 3910 511 3969 attento
522 3909 595 3986 jore
610 3902 732 3986 scripio,
758 3903 892 3987 querela
911 3903 1083 3983 nullitatis,
1102 3911 1173 3970 tum
1190 3902 1222 3970 ab

120 4019 291 4086 ordinario
307 4021 363 4106 qui
377 4021 570 4086 sententiam
590 4020 676 4099 tulit,
695 4028 767 4085 tum
780 4039 799 4083 a
811 4018 921 4104 judice
938 4021 1164 4104 appellationis
1178 4039 1223 4087 co·

119 4135 230 4220 gnosci
242 4136 352 4220 potest
365 4144 400 4203 et
414 4136 534 4202 dirimi.
544 4137 593 4202 Ex
603 4139 755 4201 hodiernis
769 4155 838 4198 cero
853 4138 984 4198 mortim
994 4135 1220 4210 introductum,

120 4261 159 4317 ut
177 4253 218 4318 de
241 4273 280 4318 ea
297 4254 383 4319 solus
401 4253 504 4338 judex
519 4253 742 4337 appellationis
755 4253 956 4335 pronuntiet.
979 4253 1075 4330 Hinc,
1096 4249 1140 4319 ad
1155 4268 1222 4336 sup·

122 4370 326 4451 plicationem
343 4369 431 4455 quod
446 4370 573 4447 attinet,
595 4370 622 4434 si
639 4388 657 4433 a
676 4368 831 4451 predicta
851 4368 1088 4436 consuetudine
1105 4369 1221 4438 amuo-
