2714 4980
186 289 226 366 aa
534 307 721 365 macra-'rus
741 308 787 363 nu
806 308 956 366 tunium

182 437 331 509 sacularl
345 433 390 506 de
403 427 592 523 hujusmodl
607 439 710 507 mrsu
725 453 934 524 cognoscere,
950 437 985 504 ln
999 450 1078 507 casa
1089 438 1299 526 negligenter

183 564 241 626 aut
253 555 407 644 nequiter
418 553 648 624 administratae
664 576 683 623 a
697 555 811 642 judice
826 554 1046 623 eeclesiastico
1061 553 1212 642 jnattua,
1229 558 1299 626 nal·

182 675 312 742 luteuns
329 679 484 758 peccaret
500 674 574 760 qui,
595 673 685 758 apud
703 673 847 741 tribum
866 672 1123 742 ecclesiasticum
1141 672 1297 759 iustitiam

181 806 249 859 non
268 789 434 868 obtinens,
453 788 496 856 ad
516 789 670 856 saeculare
686 796 888 856 recurreret.
912 789 994 856 Cum
1016 806 1095 875 ergo
1120 808 1185 876 per
1209 808 1296 858 snum

182 906 401 975 universalem
421 903 623 990 disciplinam
642 907 839 973 contrarium
862 907 1015 974 statuent
1028 912 1065 974 et
1074 909 1225 975 sennem
1240 909 1297 975 lle·

181 1023 288 1102 alesia,
309 1022 438 1089 certum
449 1026 502 1088 est
515 1019 672 1107 praedicta
683 1021 840 1090 facultate
855 1038 969 1089 carere
985 1028 1184 1108 potestatem
1197 1041 1296 1092 seuu-

181 1141 297 1208 larem.
701 1182 704 1187 -

225 1257 389 1324 Probatur
403 1258 450 1324 3⁰.
470 1257 518 1322 br
535 1255 602 1323 fine
622 1256 754 1342 utrique
779 1254 934 1339 potestati
955 1258 1100 1341 proprio.
1119 1259 1203 1326 Num
1224 1257 1295 1327 idea

181 1375 386 1442 lleusroluit
401 1373 547 1440 homines
565 1379 802 1456 superterram
824 1373 1055 1459 aliquantisper
1069 1373 1215 1460 degere,
1239 1384 1292 1456 ut,

179 1500 304 1560 rectam
314 1489 417 1557 iidem
431 1489 569 1556 docente
586 1496 621 1556 et
634 1496 837 1556 sacramenta
852 1487 1063 1574 dispensante·
1074 1492 1231 1572 Ecclesia,
1245 1509 1296 1559 sar—

180 1607 424 1693 pernoturalem
447 1605 577 1671 visionis
600 1605 759 1671 intuitivae
782 1603 1019 1672 beatitudinem
1046 1616 1242 1675 mercantur
1264 1615 1296 1674 et

182 1730 432 1810 consequantur.
449 1720 499 1790 Ad
522 1721 612 1807 quod
633 1729 786 1808 tanquam
812 1722 957 1790 medium
978 1725 1240 1811 praereqadritur,
1260 1733 1297 1793 ut

184 1843 382 1926 necessarias
397 1839 440 1905 ad
451 1838 630 1906 vivendum
643 1840 840 1924 temporales
851 1857 916 1918 res,
930 1847 964 1907 et
974 1840 1190 1910 sufficientem
1202 1861 1297 1929 qusn-

181 1958 256 2026 dam
264 1952 530 2045 tranquillitatem
539 1962 573 2022 et
585 1957 794 2023 securitatem
807 1957 1022 2042 temporalem
1033 1957 1187 2026 babeant.
1205 1961 1297 2029 Com·

178 2074 275 2142 moda
290 2080 399 2141 autem
415 2073 484 2138 haec
499 2073 691 2156 temporalia
704 2073 767 2138 illis
784 2073 942 2152 tribuere,
959 2082 1011 2140 est
1024 2075 1179 2159 proprius
1194 2077 1295 2143 socie·

179 2187 257 2259 tatis
273 2191 375 2257 civilis
392 2190 475 2255 finis.
497 2191 546 2255 lix
559 2190 686 2255 intento
704 2208 783 2273 ergo
797 2191 858 2255 Dei
868 2192 902 2255 in
917 2190 1144 2258 constituenda
1156 2200 1295 2280 utraque

179 2306 444 2386 societatemn
463 2306 558 2370 unius
585 2303 631 2392 (id
650 2312 700 2372 est
725 2304 918 2392 saecularis),
944 2306 1002 2373 lmi
1021 2307 1157 2374 alterius
1182 2308 1229 2396 (id
1248 2315 1296 2377 est

181 2421 418 2508 ecclesiasticae)
434 2419 679 2489 subordinatur.
697 2423 746 2488 lla
761 2421 1026 2490 subordinatione
1040 2430 1152 2491 autem
1167 2425 1292 2506 linium,

179 2539 329 2626 sequitur
338 2536 408 2621 ipsa
417 2535 619 2614 societatem,
633 2533 869 2601 subordinatio.
879 2537 898 2602 J
899 2551 951 2603 am
962 2554 1044 2604 vero
1054 2537 1237 2606 absurdum
1247 2546 1296 2607 est

180 2653 376 2742 potestatem
391 2670 462 2740 quae
479 2651 576 2718 alteri
588 2651 821 2718 subordinatur
834 2671 928 2736 posse
946 2654 1033 2720 illius
1050 2653 1174 2739 judicia
1191 2655 1295 2723 retor-

179 2788 282 2853 mare,
306 2773 393 2838 illam
416 2771 590 2854 campere,
611 2770 824 2855 propriasque
848 2771 950 2855 ipsius
973 2786 1085 2838 causas
1108 2771 1152 2838 ad
1170 2788 1207 2840 se
1230 2779 1296 2839 tra-

178 2889 271 2958 bere.
288 2890 419 2956 sienim
434 2885 470 2953 id
484 2887 609 2954 voleret
622 2886 785 2952 saecularis
799 2894 957 2971 potestas,
973 2886 1041 2972 jam
1062 2909 1129 2957 non
1150 2890 1223 2974 ipsa
1243 2909 1295 2958 eo·

178 3006 376 3085 elcaasticae,
392 3004 453 3071 sed
466 3004 527 3088 ipsi
543 3000 759 3083 ecclesiastica
773 3001 1055 3072 subordinaretur.
1262 3076 1264 3081 ,

178 3154 181 3161 ·
224 3126 357 3193 Attento
380 3140 459 3207 ergo
478 3122 610 3206 utrique
629 3121 784 3205 potestati
799 3124 933 3207 proprio
951 3121 1028 3202 fine,
1049 3129 1140 3190 recte
1160 3120 1294 3209 quidem

177 3241 388 3311 concluditur
401 3257 497 3324 posse
509 3238 696 3317 Ecclesiam,
712 3239 838 3306 ratione
853 3238 932 3307 boni
946 3241 1120 3326 spiritualis
1132 3239 1290 3320 fidelium,

177 3359 411 3445 negligentiam
425 3356 587 3422 secularis
603 3357 820 3439 potestatium
839 3359 942 3423 causis
959 3358 1197 3443 temporalibus
1209 3358 1294 3446 justa

176 3474 362 3565 judicandis
375 3472 547 3559 supplerc;
567 3480 681 3541 atvero
699 3492 874 3558 perperam
892 3475 1148 3545 concluderetur
1162 3479 1294 3546 secula

178 3588 402 3663 remulcissim
412 3588 689 3676 principemidem
700 3589 1048 3676 quoadeoolesiastioas
1055 3613 1290 3680 causaspossea

175 3710 242 3780 ¹,hoc
258 3711 465 3796 ipsoquippe
486 3707 659 3775 tolleretur
672 3705 786 3773 finium
804 3711 974 3796 utriusque
992 3713 1162 3796 potestatis
1179 3712 1294 3780 sutor

175 3831 315 3898 dinatio.
337 3827 383 3894 lia
398 3834 509 3892 autem
524 3824 568 3892 de
582 3844 646 3910 qua
658 3825 823 3922 loquimur
836 3826 1074 3909 subordinate,
1092 3830 1224 3896 minime
1235 3831 1293 3897 inr-

179 3948 275 4035 pedit
290 3947 368 4032 quin
379 3951 519 4028 utraque
538 3943 673 4009 societas
691 3945 801 4010 aDeu
817 3945 1001 4013 immediate
1014 3948 1163 4014 instituta
1178 3948 1291 4028 luerit,

177 4073 216 4132 et
226 4082 282 4132 suu
294 4060 425 4148 utrique
437 4059 634 4144 siutpropric
643 4058 729 4145 jura,
747 4064 850 4129 alteo
862 4067 896 4129 et
905 4082 969 4130 non
980 4064 1022 4130 ab
1031 4065 1135 4131 altera
1143 4075 1290 4153 accepta.

176 4181 276 4250 Unde
294 4180 455 4247 saeoalmis
466 4185 621 4264 potestas,
632 4179 708 4245 licet
724 4179 874 4246 Ecclesiae
889 4181 1101 4250 subordinate
1113 4184 1147 4248 in
1165 4185 1205 4251 iis
1221 4199 1291 4272 qun

178 4298 317 4385 requirit
334 4296 456 4364 bonnm
473 4295 640 4380 spirituale
657 4294 833 4375 hominum,
853 4317 1059 4384 nequaquam
1076 4303 1127 4366 est
1145 4301 1292 4368 minister

177 4424 305 4485 tantum
320 4420 378 4481 aut
397 4429 473 4497 pars
491 4412 645 4498 alterius3
663 4412 722 4480 sed
741 4420 792 4479 est
810 4413 852 4480 ab
872 4416 1058 4484 eromuino
1076 4417 1240 4498 Mucia,
1257 4425 1291 4486 et
