2714 4980
213 306 255 370 68
559 321 746 369 sancrarus
767 323 812 370 nr
834 322 982 371 runicus.
1063 364 1064 367 ,

210 467 286 514 nam
297 447 444 513 saeculari
456 447 672 514 attribuendae
684 449 765 514 sint:
781 449 847 516 duo
861 450 969 534 priora
982 448 1192 516 desumemus
1206 471 1248 518 ex
1259 452 1327 537 ipsa

210 565 363 631 Ecclesia
392 566 541 644 essentia,
566 563 602 630 id
627 571 688 643 est,
716 584 757 631 ex
781 567 995 651 praerogativa
1016 565 1157 652 quidm
1184 587 1326 654 quama

210 682 338 762 Christo
354 685 492 765 accepit,
510 689 546 747 et
559 701 630 768 quae
647 680 689 745 ad
704 682 804 764 ipsius
819 681 1098 750 fundamentalem
1123 685 1325 752 constitutio-

208 819 285 866 nem
303 801 464 884 pertinet:
486 800 621 864 tertium
646 799 831 866 hauriemus
855 821 896 866 ex
914 801 979 866 fine
995 800 1146 868 Ecclesiae
1165 805 1320 888 proprio:

207 926 360 1004 quartum
375 916 516 1003 denique
531 936 573 984 ex
588 923 679 983 certa
696 925 730 984 ct
746 918 961 985 communiter
977 917 1065 1003 apud
1081 920 1261 988 catholicos
1273 941 1322 988 re-

208 1042 304 1120 cepta
319 1035 480 1100 doctrina.

249 1154 389 1220 Paruum
404 1171 608 1219 rmnolmuu.
621 1157 719 1218 -Ab
730 1157 1091 1220 omcibasadmitiecdam
1103 1165 1148 1221 est
1158 1178 1210 1221 eas
1220 1179 1320 1223 causas

203 1274 245 1336 ael
259 1274 358 1354 foram
372 1274 600 1334 ecclesiasticam
606 1278 771 1355 perticere,
783 1292 858 1354 quas
870 1275 1014 1354 Ecclesia,
1027 1279 1089 1337 siae
1099 1295 1158 1356 per
1166 1297 1319 1358 repressas

202 1390 404 1470 definitiones,
418 1395 481 1453 siue
489 1410 544 1471 per
561 1390 754 1470 sufficientem
772 1410 855 1453 suam
862 1396 1001 1473 praeiri,
1015 1394 1218 1456 declaraverit
1225 1399 1318 1476 juris·

201 1510 328 1571 dictioni
342 1526 402 1569 sua
413 1508 571 1588 subjacere.
584 1542 630 1554 —
643 1505 766 1572 Omnes
777 1506 864 1572 enim
876 1506 1023 1573 homines
1036 1513 1196 1574 tenentur
1210 1529 1317 1578 veram

202 1611 318 1690 Christi
334 1623 509 1689 Ecclesiam
524 1623 664 1708 ingredi,
682 1644 740 1690 seu
752 1643 821 1689 esse
837 1625 995 1705 catholici,
1008 1645 1046 1691 ac
1058 1626 1197 1711 proinde
1212 1628 1316 1695 catho

198 1738 296 1806 licam
311 1738 412 1804 fidem
427 1738 587 1823 profiteri.
607 1739 663 1803 Est
682 1746 792 1804 autem
808 1740 965 1806 articulus
982 1739 1072 1820 fidei,
1091 1742 1315 1809 Ecclesiamin

198 1855 347 1923 docendo
359 1863 393 1922 et
406 1855 593 1922 definiendo
605 1855 757 1940 dogmate
769 1857 999 1923 infallibilitate
1011 1858 1135 1942 pollere
1151 1881 1159 1926 :
1173 1860 1314 1928 Christus

201 1975 288 2042 enim
301 1974 383 2039 dixit
395 1995 401 2039 :
408 1981 507 2057 perlae
523 1975 615 2055 inferi
627 1994 686 2038 aaa
692 1977 900 2057 prevalebunt
909 1977 1053 2039 adversus
1064 1997 1149 2057 cam;
1161 1979 1314 2061 proevale·

196 2099 271 2158 rent
285 2096 395 2157 autem
410 2090 437 2156 si
451 2090 595 2155 Ecclesia
610 2090 643 2154 in
657 2087 808 2156 docendo
822 2089 901 2176 quid
918 2091 1123 2159 credendum
1140 2095 1193 2173 sit,
1207 2113 1312 2163 errare

194 2216 316 2294 posset.
330 2197 497 2273 Praeterea
513 2206 658 2272 Christus
672 2208 776 2273 voluit
791 2208 1009 2292 etimperavit
1024 2217 1062 2276 ut
1076 2230 1191 2277 omnes
1204 2211 1312 2278 Eccle

194 2325 247 2392 siae
261 2323 392 2390 docenti
404 2322 596 2389 crederent:
609 2331 710 2388 cautas
720 2327 830 2389 docete.
838 2373 860 2389 ..
872 2332 924 2407 qai
934 2346 994 2390 aaa
1004 2329 1168 2392 crediderit
1179 2331 1312 2394 coadae-

192 2444 317 2508 aubitur
323 2464 339 2522 ;
351 2460 416 2506 non
427 2440 534 2523 potuit
546 2448 656 2506 autem
667 2440 811 2505 Christus
823 2442 953 2525 exigere
964 2449 1001 2507 ut
1011 2442 1163 2508 Ecclesia
1177 2442 1309 2511 docenti

193 2557 397 2636 crederetur,
421 2557 482 2621 nisi
505 2557 683 2622 Ecclesiam
709 2556 828 2624 fecerit
854 2559 888 2622 in
913 2557 1065 2624 docendo
1091 2559 1306 2628 infallibilem.

192 2675 357 2742 Praeterea
371 2681 441 2739 tota
453 2679 584 2756 patrum
597 2672 730 2739 traditio
745 2675 851 2739 tenuit
865 2674 1044 2740 Ecclesiam
1061 2694 1080 2739 a
1096 2675 1226 2744 Christo
1238 2698 1310 2744 cum

192 2790 351 2879 praedicta
368 2789 598 2856 infallibilitate
620 2789 719 2856 fuisse
736 2791 956 2871 constitutam,
979 2799 1012 2856 et
1028 2812 1066 2858 ea
1085 2792 1148 2858 fnit
1167 2797 1330 2863 omnium

192 2909 386 2977 saeculornm
401 2907 504 2991 fides:
519 2926 591 2992 quae
606 2909 633 2971 si
644 2925 782 2972 erronea
797 2906 896 2986 foret,
916 2916 1111 2994 sequeretur
1125 2929 1144 2974 a
1158 2918 1344 2997 tempore:

190 3027 418 3113 Apostolorum
433 3020 536 3110 usque
551 3044 638 3090 nunc
653 3025 807 3108 Sponsam
825 3025 943 3091 Christi
958 3026 1057 3091 fuisse
1071 3038 1237 3112 perpetuo
1251 3031 1353 3098 fa·-

191 3144 313 3224 datam,
336 3151 372 3209 et
397 3150 510 3209 contra
528 3142 630 3225 ipsam
648 3147 759 3226 portos
780 3142 877 3208 inferi
897 3145 1115 3228 prevaluisse.
1135 3139 1353 3215 ‘Praeterea-

191 3259 347 3347 articulus
366 3256 407 3324 de
422 3256 579 3341 praedicta
591 3258 742 3323 Ecclesia
753 3257 982 3324 infallibilitate
998 3259 1062 3325 fuit
1073 3260 1242 3330 multoties
1254 3284 1353 3331 ex*

67 3357 69 3362 ¹
189 3396 300 3464 presse
312 3374 475 3440 definitus.
491 3375 568 3454 Qua
578 3376 684 3439 omnia
695 3376 728 3439 in
741 3381 884 3440 tractatu
896 3375 938 3441 de
950 3377 1093 3442 Ecclesia
1103 3377 1175 3444 fuse
1189 3381 1353 3450 atheo*

188 3494 269 3579 logis
282 3491 497 3559 demonstrari
513 3492 628 3556 solent.
643 3493 873 3558 Inconcussum
885 3513 964 3577 ergo
976 3501 1035 3574 est,
1053 3503 1087 3560 et
1100 3495 1142 3560 ab
1156 3498 1353 3566 omnibu!

188 3608 438 3686 admittendum,
458 3607 633 3674 Ecclesiam
651 3627 721 3673 esse
739 3609 772 3672 in
788 3607 938 3693 dogmate
952 3609 1139 3678 definiendo
1152 3613 1353 3682 infallibi‘

187 3731 264 3796 lem.
275 3729 347 3792 lam
357 3745 448 3804 vero,
462 3724 599 3789 definire
612 3724 711 3790 talem
725 3745 894 3791 causarum
904 3728 1047 3810 speciem
1059 3727 1101 3792 ad
1112 3730 1179 3795 tale
1194 3730 1331 3798 forum

185 3847 362 3932 pertinere,
384 3849 434 3907 est
453 3841 589 3908 definire
612 3840 746 3924 dogma:
772 3861 849 3926 ergo
867 3842 996 3928 quando
1018 3843 1163 3910 Ecclesia
1186 3845 1329 3914 definit:

130 3958 132 3961 ’
186 3973 293 4032 certas
307 3978 417 4026 causas
431 3957 648 4044 jurisdictioni
661 3978 726 4024 suaa
745 3959 926 4048 subjacere,
948 3962 1123 4028 infallibilis
1143 3972 1195 4030 est
1217 3965 1324 4052 ejus-

184 4080 275 4148 modi
290 4077 455 4143 delinitio:
472 4092 549 4158 ergo
562 4094 673 4141 omnes
688 4074 811 4141 debent
821 4083 975 4163 tanquam
987 4084 1113 4144 certum
1125 4077 1316 4149 admittere

186 4174 241 4265 eas
256 4213 367 4261 causas
380 4191 421 4256 ad
436 4190 544 4255 forum
561 4191 817 4257 ecclesiasticum
830 4195 1008 4277 pertinere,
1027 4215 1106 4280 quas
1117 4196 1178 4262 sibi
1191 4197 1315 4285 snbjaae

185 4334 261 4386 cere
277 4309 420 4377 Ecclesia
436 4307 611 4374 definierit.

230 4435 351 4500 Atvcro
370 4424 514 4491 Ecclesia
538 4423 717 4492 infallibilis
736 4433 796 4506 cst,
815 4446 880 4494 non
895 4435 1020 4496 tantum
1036 4430 1070 4496 in
1084 4433 1150 4498 suis
1164 4430 1312 4518 dogma·-
