2714 4980
565 314 645 362 elus
667 315 781 361 rnruu.
993 270 999 285 Ι
1173 301 1231 363 ²71

119 441 268 502 mettum
277 439 607 521 mitutiocirpruprte
617 440 742 504 dictim.
755 438 882 504 -u-Jam
890 436 1030 505 diximus
1041 437 1239 508 domicilium

117 553 325 620 labi-tationis
345 553 469 637 duplex
488 552 660 638 distingui:
678 554 793 620 stricte
812 562 979 637 sumptum
997 574 1128 639 nempe,
1146 554 1238 640 qnod

113 670 324 738 owstituitur
337 670 498 755 corporali
509 670 547 735 in·
555 670 664 754 aliquo
682 670 754 736 looo
773 672 956 754 prasentia,
970 689 1047 737 cum
1061 672 1168 738 animo
1179 671 1237 738 ibi

111 784 188 854 dem
202 787 365 852 stabiliter
378 785 540 864 manendi,
553 786 615 851 nisi
628 785 709 870 quid
723 793 858 852 avocet:
875 794 911 853 et
920 786 1231 880 quasidomicilinm,

109 922 129 968 a
145 903 250 986 priori
270 901 434 981 differens,
460 900 605 987 eoquod
624 901 667 968 ad
689 901 795 985 ipsum
818 902 1079 970 constituendum
1095 903 1235 971 sufficiat

107 1021 313 1102 propositum
324 1016 477 1084 manendi
490 1036 552 1101 per
566 1017 710 1083 notabile
721 1017 894 1083 dumtaxat
907 1025 1047 1103 tempus.
1064 1021 1116 1086 De
1131 1019 1234 1086 domi·

106 1135 181 1201 cilio
196 1134 403 1200 habitationis
415 1134 547 1220 proprie
564 1133 652 1202 dicto
670 1134 722 1200 bio
741 1136 875 1219 agimus.
894 1137 946 1202 De
961 1154 1026 1221 quo
1040 1135 1230 1220 expenden-

108 1247 189 1317 dum
206 1251 310 1328 venit,

114 1392 119 1399 ·
153 1372 188 1432 1ο
202 1367 292 1454 Quid
312 1368 500 1452 requiratur
522 1373 557 1433 et
579 1367 716 1433 sufficiet
737 1367 781 1433 ad
801 1368 867 1434 tale
887 1367 1087 1434 domicilium
1108 1369 1230 1436 alicubi

106 1482 396 1550 comtituendum?
409 1520 456 1535 -
471 1489 588 1564 Primo,
613 1472 792 1569 requiritur
808 1484 904 1549 simul
924 1486 1049 1550 animus
1068 1486 1230 1552 stabiliter

104 1603 137 1667 iu
152 1621 195 1667 eo
209 1600 282 1668 loco
295 1601 521 1686 permanendi,
543 1609 578 1667 et
600 1601 734 1666 actualis
747 1600 904 1666 habitatio
919 1600 986 1686 jam
999 1602 1142 1685 incepta.
1164 1604 1230 1667 Du·

103 1718 196 1802 plicis
206 1717 304 1803 hujus
316 1717 509 1784 conditionis
525 1718 755 1783 necessitatem
769 1717 988 1785 communiter
1004 1717 1155 1783 doctores
1171 1718 1228 1784 ad-

103 1836 250 1912 mittunt,
267 1840 303 1899 et
318 1835 456 1919 probant
469 1834 621 1919 pluribus
631 1834 765 1900 Romani
777 1833 859 1919 juris
872 1834 1030 1912 textibus,
1048 1853 1130 1919 quos
1147 1833 1224 1902 vide

102 1948 265 2016 indicatos
278 1949 370 2034 apud
386 1949 679 2034 schmalngrueber
695 1950 740 2037 (in
752 1950 805 2014 tit.
824 1953 856 2026 2,
873 1949 949 2014 libri
963 1953 983 2014 2
999 1949 1224 2027 decretalium,

102 2086 134 2133 n
150 2067 199 2152 9).
221 2066 303 2131 ilinc
321 2074 362 2132 ut
378 2067 450 2151 quis
466 2066 591 2133 dictum
608 2066 807 2132 domicilium
830 2066 947 2132 alicubi
965 2067 1025 2132 sibi
1043 2072 1223 2150 conparet,

102 2200 168 2248 ncu
181 2181 300 2248 sufficit
314 2182 357 2248 ab
373 2183 445 2265 ipso
458 2182 505 2248 ibi
520 2190 663 2266 emptam
682 2201 751 2247 esse
771 2181 918 2260 domum,
935 2182 1150 2248 translatasve
1166 2201 1226 2248 res

102 2317 185 2377 snus,
201 2318 278 2363 onnr
288 2299 453 2382 proposito
464 2297 583 2363 eodem
596 2297 758 2382 migrandi
771 2306 807 2363 et
820 2300 855 2362 in
870 2305 1070 2382 perpetuum
1079 2298 1126 2363 ibi
1140 2317 1226 2363 com·

103 2413 272 2498 morandi3
288 2413 348 2480 sed
359 2415 495 2498 insuper
508 2432 643 2479 necesse
658 2421 711 2479 est
721 2421 759 2478 ut
775 2413 843 2500 jam
854 2412 897 2479 de
913 2414 1000 2480 facto
1014 2414 1061 2480 ibi
1071 2414 1222 2481 habitare

101 2531 250 2614 coperit.
269 2529 416 2595 Vicissim
429 2547 495 2593 non
509 2527 624 2595 sufficit
637 2529 774 2594 actualis
790 2528 959 2608 habitatio,
975 2531 1004 2596 si
1020 2527 1106 2596 desit
1124 2529 1225 2596 stabi-

102 2643 178 2711 litsr
190 2645 416 2711 commorandi
428 2645 568 2712 animus.

137 2763 297 2842 mdo,
327 2769 451 2846 praeter
477 2761 667 2846 pradictum
692 2761 857 2844 duplicem
883 2761 1104 2829 conditionem
1131 2764 1221 2831 unda

104 2874 165 2941 ab
177 2875 376 2962 requiribrr;
394 2876 483 2962 quod
493 2880 591 2943 etium
601 2877 818 2943 communiter
830 2875 984 2944 doctores
997 2887 1124 2946 tenent.
1140 2879 1222 2944 ilinc

104 3008 168 3059 nnn
185 2993 367 3077 requiritur
387 3002 426 3059 ut
451 2994 523 3077 quis
544 2992 693 3059 fortunas
712 3010 799 3071 suas,
815 2992 884 3058 sire
903 2993 937 3056 in
958 3001 1077 3071 totum,
1094 2995 1163 3060 sire
1179 3012 1222 3058 cx

102 3114 208 3190 parte,
224 3109 260 3173 iu
277 3109 385 3174 lomim
402 3108 554 3175 domicilii
565 3109 788 3175 transtulerit:
806 3109 969 3174 nonnullis
987 3117 1099 3176 autem
1117 3110 1221 3176 lusti-

102 3226 211 3290 uisnei
229 3223 312 3310 juris
326 3225 481 3303 textibus,
500 3226 557 3310 qni
572 3225 772 3290 contrarium
791 3225 929 3289 innuere
955 3223 1122 3304 ridentur,
1140 3243 1222 3310 quo-

100 3339 203 3408 modo
217 3339 410 3424 responderi
423 3341 537 3419 soleat,
555 3339 631 3406 ride
645 3338 735 3424 apud
749 3340 1043 3424 Sohmalzgrueber
1056 3342 1101 3428 (in
1114 3343 1166 3407 tit.
1185 3345 1217 3421 2,

96 3455 213 3525 libris
231 3455 374 3535 decret,
395 3479 429 3522 n.
453 3455 519 3541 10).
537 3458 667 3522 Pariter
680 3475 748 3522 nnn
764 3457 945 3542 requiritur
965 3466 1002 3524 ut
1019 3478 1081 3542 per
1098 3459 1222 3543 aliquot

96 3591 231 3640 menses
241 3571 308 3658 jam
319 3573 367 3638 ibi
378 3572 525 3657 degerit;
546 3571 605 3638 sed
620 3573 724 3655 posito
740 3573 987 3656 inperpetuum
1000 3574 1221 3640 commorandi

96 3693 221 3768 mnino,
237 3687 375 3776 acquirit
384 3689 581 3755 domicilium
593 3689 703 3752 statim
717 3707 756 3752 ac
768 3707 807 3754 eo
822 3693 985 3772 pervenit.
1002 3690 1097 3776 (Lege
1111 3693 1221 3772 Pupil·

96 3811 148 3872 lua
167 3810 246 3887 239,
265 3805 299 3871 ff.
317 3810 354 3870 de
377 3809 537 3871 Verborum
553 3803 799 3892 sipuifieotioue.)
815 3805 943 3871 Pariter
957 3827 1023 3873 non
1041 3807 1221 3890 requiritur

95 3931 136 3989 nt
149 3921 197 3987 de
212 3921 303 3987 iacto
315 3929 428 4005 postea
446 3929 657 4004 parmaneat3
680 3917 798 3986 suffieit
815 3921 904 3987 enim
922 3922 1127 4005 perpetuitas
1145 3940 1220 4004 pro·

97 4041 217 4122 posita,
235 4039 385 4123 quumvis
395 4037 517 4104 deinde
532 4040 733 4122 propositum
750 4041 872 4108 mutari
890 4047 925 4106 et
940 4035 1138 4106 domicilium
1156 4038 1220 4105 alio

98 4154 276 4221 tmsierri
287 4157 462 4238 contingat.
478 4156 564 4220 Item
576 4174 643 4221 non
657 4159 847 4242 requiritur,
862 4155 978 4224 sivein
992 4155 1092 4234 tacto,
1106 4156 1219 4222 sivein

97 4271 278 4356 proposito,
296 4270 453 4336 habitatio
468 4288 636 4356 nunquam
651 4275 858 4358 interrupta;
881 4271 940 4339 sed
957 4273 1085 4339 etiamsi
1102 4271 1220 4339 identi-

99 4385 177 4456 dem
188 4387 262 4472 quis
274 4406 295 4452 a
306 4385 467 4454 domicuic
477 4409 536 4456 suo
545 4389 704 4468 discedat,
721 4389 888 4474 modoipsi
898 4389 1219 4458 revertendiauimus
