2714 4980
120 319 161 383 72
465 336 652 385 sancturus
673 338 718 383 nu
739 337 887 385 runicus.

116 462 251 547 precise
262 468 301 528 ut
311 480 393 546 pace
405 469 439 528 et
451 463 611 528 materiali
621 464 789 547 praesentis
801 465 875 528 rita
891 462 1049 531 felicitate
1061 465 1231 547 fruantur,

118 577 178 646 sed
197 586 246 658 ut,
269 577 433 646 mediante
451 579 511 644 hac
529 580 762 665 tranquillitate
783 587 815 645 et
832 582 1023 660 securitate,
1045 601 1145 668 quam
1163 603 1235 667 pro-

116 702 228 763 movet
243 697 345 762 civilis
358 698 503 775 societas,
522 699 742 783 unusquisqne
755 699 856 781 possit
870 717 909 764 ea
926 699 1069 782 cogitare
1086 708 1122 765 et
1139 719 1236 784 agere

116 814 235 900 quihus
245 820 401 880 aternam
413 815 652 881 beatitudinem
663 823 832 881 mereatur
847 824 881 881 et
895 816 1069 901 aliquando
1085 836 1237 902 assequa-

116 938 183 997 tur.
206 932 278 997 Non
302 949 381 1015 ergo
401 932 551 997 Ecclesiae
567 931 640 996 finis
654 931 711 997 fini
726 933 888 996 saecularis
904 933 1066 998 societatis
1082 932 1235 1000 subordi-

115 1053 223 1126 natur,
232 1046 292 1113 sed
302 1048 584 1114 contrasaecularis
592 1049 756 1114 societatis
764 1047 837 1113 finis
848 1049 999 1114 Ecclesia
1008 1049 1078 1115 fini.
1091 1051 1236 1117 Proinde

116 1166 246 1252 quaudo
267 1166 309 1232 ad
328 1166 427 1232 finem
446 1167 597 1232 Ecclesia
614 1168 783 1250 proprium
800 1168 936 1250 expedit
959 1175 1067 1234 certas
1083 1172 1238 1236 materias

116 1282 341 1350 ecclesiasticae
354 1283 572 1371 jurisdictioni
585 1287 790 1371 potiusquam
807 1286 954 1351 saeculari
973 1284 1100 1371 subjici,
1120 1288 1238 1352 merito

117 1400 323 1468 concluditur
342 1402 427 1468 velle
443 1385 552 1468 Deum
566 1410 604 1466 ut
620 1401 716 1468 cedat
734 1403 896 1468 saecularis
907 1400 1021 1488 judex,
1042 1410 1078 1469 et
1091 1403 1237 1470 Ecclesia

117 1537 187 1606 quae
203 1518 261 1585 fini
275 1539 334 1586 suo
348 1520 440 1585 utilia
457 1530 533 1588 sunt
548 1523 649 1607 possit
668 1540 840 1606 peragere.

159 1638 326 1720 Qunnruu
348 1655 552 1704 rnnrcnrun.
577 1675 624 1688 -
645 1641 693 1704 Ad
714 1642 814 1720 foram
840 1643 1072 1704 ecanstasticnm
1081 1647 1238 1724 pertinent

116 1778 157 1822 cn
171 1777 267 1822 ccnsae
281 1731 418 1840 pussilli
432 1763 575 1840 tanquam
586 1763 728 1841 proprias
743 1760 881 1822 tribuant
895 1765 1089 1823 communiter
1103 1763 1236 1825 doctores

115 1877 265 1941 catholici.
276 1873 467 1959 -Quando
481 1894 600 1960 nempe
612 1893 725 1942 omnes
736 1876 902 1942 moraliter
916 1876 1070 1943 doctores
1085 1877 1236 1945 catholici

115 2001 271 2079 tanquam
286 1998 415 2058 certum
428 1999 543 2058 tenent
557 1999 592 2058 et
603 1993 724 2059 docent
736 1991 858 2078 aliquid
870 1990 911 2057 ad
924 1992 1041 2077 dogma
1053 1995 1234 2077 pertinens,

116 2130 253 2179 erronea
271 2130 341 2177 esse
359 2110 472 2194 nequit
493 2126 608 2175 eorum
623 2107 782 2175 doctrina.
801 2109 847 2174 Ea
868 2111 955 2177 enim
975 2110 1176 2194 generaliter
1199 2111 1231 2176 in

115 2229 258 2296 Ecclesia
271 2229 354 2293 solet
372 2227 551 2311 praevalere
567 2224 725 2305 doctrina,
739 2246 836 2313 quam
852 2227 1069 2293 communiter
1081 2235 1236 2315 tanquam

117 2353 241 2413 certam
255 2344 376 2412 docent
390 2344 618 2410 universitates
631 2343 806 2423 catholicae,
818 2352 852 2410 et
869 2346 979 2410 caeteri
993 2343 1109 2411 scholae
1127 2344 1237 2412 docto

116 2483 181 2531 res.
200 2464 267 2528 Nisi
280 2482 357 2547 ergo
371 2463 460 2528 Deus
472 2480 678 2557 communem
692 2461 865 2529 doctorum
879 2462 1072 2528 sententiam
1086 2464 1174 2530 circa
1185 2484 1238 2530 res

117 2580 315 2666 dogmaticas
339 2580 517 2645 immunem
533 2577 574 2645 ab
594 2598 706 2645 errore
729 2577 838 2643 divina
856 2599 913 2644 sua
933 2576 1141 2663 providentia
1163 2600 1237 2665 per-

117 2705 218 2786 petuo
236 2707 400 2778 servaret,
418 2700 519 2783 ipsius
540 2699 691 2763 Ecclesiae
713 2696 935 2764 infallibilitati
955 2696 1156 2763 sufficienter
1174 2720 1237 2766 non

116 2816 323 2902 providisset.
343 2814 439 2899 Quod
455 2815 558 2881 fusius
572 2811 754 2899 expositum
768 2813 842 2880 vide
855 2814 944 2898 apud
957 2815 1167 2881 Melchiorem
1180 2817 1237 2882 Ca·

118 2955 197 3002 num
214 2934 267 3023 (de
281 2936 360 3001 locis
373 2929 587 3017 theologicis).
605 2933 686 2998 Hinc
700 2933 755 2999 ille
776 2931 947 2999 doctorum
965 2934 1145 2997 communis
1163 2952 1238 2998 con-

119 3072 231 3120 sensus
245 3052 332 3118 iuter
343 3051 432 3117 locos
446 3048 646 3133 theologicos
659 3049 776 3114 merito
790 3055 992 3114 recensetur.
1009 3049 1114 3114 Porro
1127 3057 1237 3116 utrum

119 3169 192 3235 talis
219 3168 345 3252 species
366 3185 534 3232 causarum
556 3165 629 3252 jure
646 3166 781 3249 proprio
800 3164 843 3230 ad
859 3165 967 3231 forum
983 3165 1238 3232 ecclesiasticum

119 3285 299 3370 pertineat,
318 3290 368 3348 est
384 3283 517 3369 questio
541 3281 733 3368 dogmatica,
756 3290 790 3347 et
814 3302 880 3348 non
905 3301 996 3348 mere
1024 3280 1239 3365 disciplinaris

120 3410 176 3469 aut
205 3401 369 3469 historica.
394 3401 521 3468 Valebit
543 3421 621 3487 ergo
650 3401 784 3487 praefata
806 3399 979 3466 doctorum
1002 3400 1171 3467 consensio
1195 3399 1237 3466 ad

121 3527 213 3588 certo
229 3519 461 3587 discernendas
475 3520 624 3605 proprias
641 3521 812 3604 utriusque
829 3517 892 3585 fori
908 3537 1030 3583 causas.

163 3641 240 3708 Haec
258 3648 398 3727 quatuor
410 3641 568 3726 principia
583 3643 650 3707 sive
666 3640 793 3723 regales
811 3637 1037 3723 premisimus,
1058 3643 1096 3702 ut
1108 3637 1148 3702 iis
1168 3645 1239 3704 tan-

121 3781 218 3849 quam
239 3767 406 3846 praeeunte
426 3757 565 3845 quadam
584 3758 655 3824 face
676 3756 845 3834 instructi,
870 3754 997 3820 facilius
1017 3754 1236 3840 gravissimam

122 3879 164 3948 de
177 3880 347 3966 utriusque
361 3879 425 3947 fori
441 3879 660 3962 competentia
678 3877 887 3963 quaestionem
903 3873 1046 3942 enodare
1062 3875 1232 3957 possimus.

122 3999 280 4066 Remanet
291 4003 330 4064 ut
343 3998 448 4064 varias
462 4014 631 4063 causarum
644 3997 769 4080 species
784 4012 1021 4072 recenseamus,
1042 4000 1076 4059 et
1090 4011 1237 4079 quaenam

124 4115 287 4197 Ecclesia,
310 4135 350 4182 ex
362 4114 436 4202 jure
447 4114 509 4202 ipsi
521 4114 664 4199 proprio,
682 4111 870 4199 subjaceant
883 4093 1104 4196 indigitemus.
