2714 4980
457 305 646 355 meratus
667 305 712 354 DE
734 301 883 353 runicus.

632 548 714 626 511.

299 784 332 832 be
343 779 608 845 comparantiajudicum
622 781 798 831 tamitorialium
808 779 899 828 ratione
912 783 1056 827 maurotus.

161 1017 228 1083 Nisi
250 1015 444 1100 regulariter
466 1023 656 1099 competens
677 1022 764 1082 esset
788 1012 891 1099 judex
912 1011 1097 1081 ordinarius
1115 1015 1221 1083 lociin

117 1151 181 1219 quo
200 1131 303 1198 initur
325 1140 523 1211 contractus,
544 1134 655 1217 grauia
679 1139 895 1217 sequerentur
908 1129 1125 1198 incommoda.
1144 1133 1221 1198 ‘lunc

116 1249 203 1315 enim
222 1247 403 1314 creditores
420 1246 605 1314 debitorem
624 1249 798 1313 convenire
817 1265 882 1312 non
897 1225 1031 1330 possent
1045 1246 1110 1311 nisi
1126 1265 1223 1313 coram

114 1363 224 1449 judice
235 1363 321 1428 illius
334 1364 492 1429 territorii
504 1364 537 1428 iu
548 1363 649 1450 queis
659 1363 857 1430 domicilium
870 1361 990 1445 habet;
1005 1360 1098 1447 quod
1112 1363 1225 1430 nonnisi

117 1479 229 1545 multis
240 1497 314 1544 cum
328 1477 570 1545 difficultatibus
584 1488 619 1545 et
630 1479 812 1562 sumptibus
822 1478 1016 1562 plerumque
1028 1476 1104 1544 fieri
1114 1484 1222 1562 posset,

117 1612 193 1660 eum
207 1613 292 1678 saepe
312 1593 471 1661 debitoris
484 1594 682 1660 domicilium
701 1613 720 1659 a
737 1602 925 1661 contractus
940 1595 1015 1660 loco
1031 1592 1131 1660 valde
1146 1593 1226 1660 dissi·

115 1718 187 1775 tum
205 1710 258 1775 sit.
281 1710 447 1775 Praeterea
464 1711 499 1774 in
520 1710 593 1776 loco
612 1718 799 1776 contractus
815 1710 918 1775 multo
936 1709 1064 1775 facibus
1088 1717 1225 1775 constare

116 1832 236 1911 potest,
258 1834 330 1892 tum
353 1825 396 1891 de
418 1833 589 1891 contractu
610 1827 691 1910 ipso,
711 1835 783 1891 tum
805 1826 847 1892 de
867 1826 1128 1892 solemnitatibus
1142 1828 1175 1891 in
1193 1846 1226 1892 eo

117 1940 282 2008 adhibitis.
307 1941 400 2020 Hinc,
428 1942 513 2006 sicut
539 1943 572 2006 in
592 1941 814 2007 Romanorum
836 1951 871 2008 et
893 1942 1030 2009 aliarum
1054 1942 1225 2026 generatim

118 2059 263 2143 gentium
278 2057 426 2122 saeculari
443 2055 530 2141 jure,
546 2058 592 2121 ita
610 2067 644 2123 et
660 2060 694 2123 in
713 2060 866 2124 canonico
881 2057 1040 2122 sancitum
1054 2059 1221 2140 reperitur,

117 2173 301 2238 ntrelative
315 2171 358 2238 ad
373 2173 446 2239 lites
462 2171 505 2238 de
524 2174 755 2253 contractibus,
777 2179 964 2256 competens
978 2174 1176 2257 regulariter
1191 2174 1225 2251 sit

118 2288 310 2355 Ordinarius
322 2288 399 2368 loci,
416 2289 450 2354 in
465 2309 530 2374 quo
542 2292 641 2355 initus
656 2298 842 2355 contractus
855 2289 929 2354 fuit.

161 2404 239 2486 Quae
265 2404 441 2489 dispositio,
467 2414 567 2490 prout
590 2407 719 2493 injure
742 2407 959 2474 ecclesiastico
981 2406 1121 2487 obtinet,
1148 2422 1224 2472 nura

117 2522 316 2587 enucleatius
329 2523 523 2605 exponenda
539 2526 640 2590 venit.

161 2640 299 2706 Reatina
317 2643 358 2704 1¹.
368 2645 594 2723 —Cumpeteus
606 2649 650 2705 esi
664 2645 846 2725 regulariter
860 2645 1043 2708 ordtacrius
1062 2644 1120 2706 loci
1132 2647 1165 2706 iu
1177 2660 1224 2723 pru

117 2761 212 2822 initus
237 2760 298 2837 suit
321 2764 502 2839 contractus,
523 2765 568 2822 ita
589 2767 625 2823 ut
641 2779 742 2823 aarum
760 2779 793 2822 eo
811 2763 889 2824 Reus
899 2765 1053 2824 couveairi
1061 2764 1171 2841 possit.
1188 2790 1228 2824 -,

118 2871 250 2942 Constat
264 2873 368 2957 capite
382 2877 465 2938 Licet
482 2873 547 2962 (20,
560 2876 649 2941 tituli
666 2879 697 2954 2,
718 2876 777 2941 lib.
802 2879 821 2940 2
838 2872 993 2959 decret),
1012 2876 1046 2940 in
1065 2894 1132 2960 quo
1149 2875 1227 2940 inter-

117 2989 222 3054 rarios
240 2987 476 3055 modestorum
496 2991 693 3074 regulariter
707 2990 866 3057 sortiendi
883 2998 1098 3057 enumeratur
1113 2998 1229 3056 contra·-

119 3111 192 3170 ctus
202 3126 209 3171 :
221 3109 304 3170 Licet
317 3112 433 3169 ratione
441 3109 555 3185 delicti,
568 3127 619 3171 seu
633 3115 812 3188 caulraetus,
828 3114 882 3171 aut
894 3109 1053 3186 domicilii,
1070 3106 1226 3170 siveritis

118 3239 177 3301 qaeu
196 3226 301 3283 coulra
314 3240 512 3302 possessorem
532 3242 623 3285 causa
647 3231 792 3303 mouetur,
811 3225 917 3303 quibus
932 3224 1032 3301 sorum
1053 3198 1227 3303 regulariter

118 3341 185 3417 quis
200 3341 338 3417 sortitur,
354 3344 409 3402 etc.
434 3339 518 3403 Item
541 3339 575 3403 in
602 3341 709 3423 capite
732 3342 866 3404 auara
884 3337 927 3424 (1,
943 3337 1032 3401 tituli
1054 3339 1089 3415 2,
1105 3335 1182 3402 libri
1198 3339 1228 3410 2..

118 3453 152 3516 in
169 3450 204 3537 6)
218 3452 376 3532 sancitur,
397 3473 462 3520 non
478 3473 571 3538 posse
588 3454 629 3519 ab
643 3455 814 3522 Ordinario
832 3452 968 3537 alicujus
985 3452 1137 3519 dioecesis
1149 3451 1228 3539 jndi-

118 3568 186 3633 cari
199 3569 430 3636 contrahentes
447 3579 629 3649 extraneos,
647 3572 753 3655 quiin
776 3590 813 3636 ea
833 3568 966 3636 dioecesi
985 3575 1224 3643 contraxerunt,

118 3692 180 3751 uisi
193 3692 387 3750 iaueaiautur
399 3690 525 3768 ididem·
537 3706 608 3771 quae
624 3687 726 3753 rerba
738 3687 878 3770 probant
891 3682 987 3770 posse
1002 3685 1139 3752 eosdem
1156 3695 1226 3752 tunc

119 3802 234 3869 saltem
259 3800 400 3887 judicari
421 3822 496 3867 cum
520 3781 642 3869 ibidem
656 3804 879 3886 reperiuntur.
897 3801 1082 3867 Concordat
1101 3802 1155 3888 jus
1172 3803 1232 3869 lla·¹

75 3997 77 4002 Ι
118 3936 261 3996 manum,
275 3924 419 4002 utpatet
433 3919 560 4002 exlege
574 3922 677 3983 Hares
695 3922 800 3983 adaeus
816 3917 883 4005 (19,
902 3896 936 3982 ff,
954 3921 991 3981 cle
1007 3917 1139 4002 ludia).
1154 3919 1228 3986 Gon·

120 4031 228 4100 firmat
244 4035 481 4098 canonistarum
500 4032 648 4099 doctrina
664 4035 832 4113 unanimis,
852 4038 887 4100 et
904 4040 1067 4118 perpetua
1085 4034 1228 4100 Ecclesia

120 4150 243 4231 praxis
259 4151 406 4215 Diximus
418 4158 528 4216 autem
543 4153 733 4233 regulariter,
752 4151 794 4218 ob
810 4152 915 4216 varius
934 4150 1145 4232 exceptiones
1157 4165 1227 4235 quas

120 4265 279 4349 generalia
291 4262 360 4331 baea'
372 4268 486 4352 regula
498 4267 634 4352 patitur,
647 4286 784 4351 nempe:
857 4315 860 4320 -

165 4385 412 4463 Exceptiaraesad
421 4388 600 4466 prodictam
615 4387 761 4466 regulari.
786 4421 832 4434 -
857 4389 889 4450 1⁰
908 4373 1231 4450 limitatur-baara!
