2714 4980
554 304 634 354 raas
656 304 770 352 amun
1153 292 1216 356 toa

100 454 119 480 «
137 426 233 494 modo
245 428 419 512 quostiam
430 425 569 511 religiosi
581 428 712 493 moralis
723 428 891 512 theologia
906 429 1107 513 professores
1117 448 1218 515 super

99 570 118 594 ·
132 543 259 609 casibus
274 543 475 609 conscientiae
491 544 631 608 consulti
644 542 861 628 respondent;
878 542 960 611 adeo
975 552 1012 610 nt
1034 544 1123 612 aliud
1143 547 1217 612 vitu

97 687 117 713 ι
132 658 273 726 forensis
287 680 326 726 ac
340 660 499 725 saecularis
521 660 692 744 vestigium
709 660 822 726 adesse
842 681 907 727 non
925 661 1087 739 videatur,
1106 664 1166 729 nisi
1183 665 1217 731 in

97 802 116 829 α
133 794 210 840 casu
221 794 287 860 quo
301 776 335 840 in
349 775 505 841 tribunali
519 775 685 842 dudilonis
696 776 849 853 Camerae,
862 778 916 843 vel
934 778 967 842 in
986 780 1054 844 aliis
1068 782 1218 864 superius

97 921 114 945 «
128 893 314 969 recensitis,
326 891 569 959 informationes
580 893 659 959 fiant
668 894 701 958 in
713 893 976 973 contradictorio,
991 895 1070 961 dum
1088 898 1121 960 in
1134 898 1218 963 Rota

96 1037 114 1060 «
128 1009 211 1074 etin
225 1009 361 1074 Camere
372 1028 409 1074 ac
420 1011 453 1074 in
467 1009 568 1075 saeris
577 1011 889 1094 congregationibus,
900 1011 961 1077 iste
973 1012 1079 1097 stylus
1088 1032 1153 1079 non
1162 1013 1219 1080 ha·

97 1151 116 1177 ·ι
129 1123 243 1202 betur,
257 1133 297 1191 ut
308 1123 433 1210 agendo
446 1125 488 1193 de
501 1126 719 1192 tribunalibus
731 1146 830 1212 supra
845 1126 1051 1213 advertitur;
1068 1149 1107 1194 ac
1121 1131 1218 1199 etiam

96 1262 114 1298 κ
129 1241 207 1325 quia
220 1241 284 1307 ista
293 1249 344 1308 est
354 1242 576 1327 principaliter
582 1242 672 1308 curia
683 1243 791 1327 Papae,
802 1242 958 1328 principis
969 1244 1187 1311 ecclesiastici.
1200 1275 1214 1301 υ

622 1493 691 1571 tv.

298 1716 382 1778 lltrnm
397 1715 505 1776 religiosi
524 1720 689 1776 procuratores
700 1722 723 1762 et
736 1704 902 1764 advocatione
914 1717 1014 1777 possint.

147 1946 256 2010 t’ssst
274 1944 435 2027 generalis
450 1942 573 2027 regula,
593 1962 658 2007 non
672 1963 766 2028 posse
789 1945 956 2028 religiosos
967 1942 1126 2022 advocati,
1143 1965 1220 2029 pro-

95 2060 305 2127 curatorisve
316 2078 436 2139 munus
452 2077 619 2139 exercere,
637 2061 705 2124 sive
728 2078 834 2125 curam
853 2058 1009 2138 saeculari,
1034 2060 1103 2125 sive
1123 2061 1220 2128 etiam

95 2196 212 2245 coram
238 2178 455 2243 ecclesiastico
482 2175 604 2262 judice.
636 2175 701 2241 Sed
721 2175 763 2241 ab
786 2176 845 2240 bac
874 2178 987 2260 regula
1012 2177 1221 2260 excipiuntur

95 2313 206 2362 causae
219 2294 415 2370 monasterii,
434 2294 469 2359 in
483 2293 602 2377 quibus
615 2298 724 2376 potest
743 2291 913 2375 religiosus
938 2292 1064 2357 dietum
1083 2291 1221 2360 officiam

95 2410 205 2488 ubire,
225 2409 323 2477 modo
340 2430 359 2474 a
374 2409 515 2474 Proelato
530 2427 589 2473 suo
605 2408 750 2492 regulari
765 2407 957 2491 deputetur.
981 2410 1047 2474 Pro
1062 2427 1128 2493 quo
1143 2410 1221 2476 citat

95 2528 275 2594 Gratianus
295 2526 461 2609 Pelagium
477 2526 598 2607 Papam
616 2526 661 2589 sic
688 2524 925 2590 rescribentem
940 2548 947 2591 :
962 2530 1006 2590 De
1025 2534 1220 2608 presentium

95 2651 259 2727 portitore,
276 2647 354 2726 quod
367 2647 503 2724 defensor
516 2645 616 2724 suctus
629 2662 689 2705 non
704 2649 759 2722 est,
777 2644 863 2705 nulla
877 2646 959 2706 uobis
974 2649 1070 2706 animi
1083 2647 1221 2708 molestia

95 2767 143 2826 sit
153 2781 164 2824 :
176 2766 249 2843 quio
262 2781 329 2824 vere
343 2741 419 2823 satis
433 2764 655 2822 amarissimum
670 2759 761 2821 lateo
779 2761 816 2820 cle
830 2764 887 2821 isto
899 2766 1055 2840 proposito
1080 2763 1121 2823 ual
1142 2762 1222 2824 illud

96 2877 233 2957 officiunt
252 2878 383 2938 honines
403 2878 521 2953 deduci,
540 2879 647 2954 inquo
664 2875 835 2937 nullomodo
853 2893 918 2954 quoe
939 2893 959 2935 a
985 2875 1138 2937 monacbis
1162 2877 1221 2938 Deo

95 2998 250 3074 promisso
265 2999 347 3071 aunt,
367 2992 489 3053 ualeant
501 2990 673 3070 adimpleri.
695 2992 870 3054 Omnimoclo
886 2994 965 3051 enim
983 2997 1027 3051 est
1042 2992 1128 3052 ill-ius
1139 2990 1222 3053 bubi-

102 3114 151 3170 tus
165 3114 196 3170 et
207 3107 399 3187 istiusofficii
411 3109 573 3168 diversitas
589 3124 601 3166 :
615 3106 681 3166 illic
704 3111 783 3167 enim
805 3109 898 3185 quies,
922 3110 1031 3184 oratio,
1052 3106 1137 3167 labor
1156 3124 1221 3169 mu·

101 3223 498 3286 neomeniarum
515 3225 656 3301 copnilio,
675 3224 892 3298 conventiones,
911 3226 1007 3298 uetus,
1020 3222 1144 3302 publicu
1160 3222 1222 3283 liti·

103 3347 164 3422 pio,
192 3347 223 3403 et
243 3357 428 3421 mtoecnmque
450 3338 498 3399 vel
520 3339 717 3399 ecclesiastiea
740 3340 893 3415 instituta,
916 3338 964 3398 ael
988 3339 1220 3418 supplicantium

103 3462 262 3523 necessitas
267 3461 376 3538 poscit.
398 3452 496 3518 Addit
512 3452 707 3519 Gratianus:
724 3475 741 3511 o
760 3450 904 3516 Gelasius
926 3457 1036 3516 tamen
1060 3455 1220 3536 permittit

106 3574 210 3640 cilios
228 3591 269 3637 ex
285 3569 525 3654 dispensatione
547 3567 620 3634 fieri
640 3564 843 3632 defensores.
863 3590 880 3629 »
903 3567 1019 3654 (Caput
1032 3571 1069 3632 cle
1084 3574 1221 3634 Prusen-

105 3695 177 3754 tium
192 3691 248 3765 20,
266 3705 299 3772 q.
322 3690 351 3762 l,
373 3703 475 3749 causae
494 3681 560 3767 16.)
578 3685 617 3747 In
639 3683 773 3749 coneilio
793 3689 903 3748 autem
922 3684 1152 3748 Tarraconensi
1174 3685 1219 3750 sic

104 3804 275 3871 decretam
289 3801 353 3867 fuit
368 3802 472 3884 capite
486 3803 520 3863 ll
545 3821 552 3864 :
573 3802 613 3863 Ut
627 3802 730 3863 nullus
743 3820 855 3879 sonim,
875 3801 910 3862 ul
920 3807 975 3877 est,
993 3800 1214 3881 monachorum,

103 3925 230 4002 {mensis
246 3925 359 4001 nepulit
372 3924 522 3999 susceptor
535 3918 582 3978 vel
597 3924 736 3978 executor
749 3923 875 3994 existat,
897 3921 960 3978 nisi
972 3918 1051 3997 quod
1071 3923 1219 3980 monmle-

104 4044 143 4103 n'i
154 4043 291 4122 cvpassit
305 4039 436 4116 utilitas,
452 4037 564 4100 Aetate
578 4035 637 4095 sibi
647 4035 845 4097 nibilominus
857 4039 1033 4114 imperante.
1053 4032 1141 4118 (Cap.
1159 4037 1220 4097 Μο-

104 4156 305 4238 nachi35,‚q.
329 4156 358 4231 l,
376 4171 479 4218 causae
497 4149 561 4236 16.)
579 4152 714 4216 Decimo
733 4150 833 4215 tertio
847 4147 964 4213 saeculo
979 4146 1112 4232 quidam
1127 4167 1220 4216 cano-

105 4271 165 4338 nici
177 4269 349 4354 regodares
364 4266 606 4335 contenderunt
620 4266 681 4332 sibi
696 4265 798 4331 licere
815 4263 993 4330 advocatiae
1011 4265 1215 4342 exercitium,

106 4407 141 4455 eo
156 4384 248 4474 quod
262 4404 379 4470 nempe
393 4403 531 4452 canones
543 4382 579 4449 id
594 4381 805 4466 prohibentes
818 4379 861 4446 de
879 4382 1032 4446 Monuclis
1045 4382 1220 4464 loqueren-

247 4503 268 4560 Ι.
1060 4499 1095 4552 ii
