2714 4980
573 329 652 377 raas
674 329 788 378 rurus.
1175 321 1239 384 177

128 456 245 523 abasi
261 452 494 524 defendendus
508 455 549 522 sit
563 456 721 524 Praelatus
736 460 889 545 proprius
903 460 937 526 in
949 466 1147 530 carceratus.
1161 464 1197 530 6⁰
1208 462 1241 530 Si

127 572 277 640 «tuenda
288 592 384 641 causa
397 575 594 654 monasterii,
610 584 645 643 et
658 578 817 643 Praelatus
828 579 870 645 sit
880 551 1007 658 absens,
1019 585 1058 644 ut
1070 576 1240 647 commode

126 683 224 777 «ejus
238 691 372 756 lieentia
390 690 505 757 haberi
519 702 671 778 nequeat,
686 702 722 760 et
735 695 918 779 periculum
933 695 1022 762 sitin
1034 715 1137 763 mora.
1154 701 1188 764 7⁰
1201 696 1241 763 In

125 794 253 874 «causa
272 807 385 875 delicti
401 809 627 894 proprii3nam
645 830 687 876 ex
702 812 765 878 hoe
779 833 845 879 non
859 814 1100 898 monasterium,
1117 812 1177 879 sed
1190 831 1242 879 re·

125 925 284 1008 aligiosus
309 924 502 1011 delinquens
526 927 770 995 conveniendus
789 937 855 996 est:
873 929 922 995 his
944 929 1072 996 casibus
1090 930 1241 1014 religioso

125 1041 308 1108 «subeunti
315 1040 485 1128 judicium,
501 1043 528 1108 si
540 1044 707 1128 peculium
721 1066 740 1110 a
753 1044 891 1114 Praelato
900 1044 962 1112 sibi
975 1065 1166 1113 conoessum
1175 1065 1241 1113 non

124 1140 283 1238 «habeat,
300 1161 498 1226 necessarias
511 1179 669 1245 expensas
682 1162 927 1230 subministrare
941 1163 1172 1230 monasterium
1185 1161 1243 1229 de·

123 1276 219 1356 obet,
237 1295 280 1342 ne
298 1275 347 1342 bis
362 1275 591 1344 deficientibus
608 1280 865 1363 aprosecutione
884 1298 1000 1358 causae,
1014 1279 1048 1344 in
1062 1297 1126 1365 qua
1141 1298 1240 1366 agere

124 1400 184 1458 cet
208 1391 411 1478 respondere
436 1393 544 1461 eidem
565 1394 640 1481 jura
664 1395 860 1476 concedunt,
882 1401 1000 1463 cessari
1017 1395 1171 1465 debeat.»
1191 1397 1241 1485 (In

120 1510 255 1577 titulum
276 1513 289 1576 l
310 1515 347 1576 de
361 1515 501 1592 Iudiciis,
516 1512 592 1579 libri
604 1516 624 1578 2
637 1512 864 1594 decretalium,
883 1536 918 1581 n.
935 1510 1005 1599 38.)

161 1629 253 1696 VIII.
271 1634 316 1695 De
327 1633 456 1694 cccleads
465 1638 692 1696 etmooasterta's
702 1640 801 1715 utque
815 1653 916 1696 eorum
930 1635 1085 1698 Proelota’s.
1098 1667 1145 1682 -·
1158 1632 1239 1700 Cum

118 1745 273 1812 Ecclesiae
290 1751 325 1812 et
338 1746 534 1813 monasteria
549 1746 734 1815 habeantur
750 1756 905 1834 tanquam
922 1768 1069 1834 personae
1085 1751 1236 1830 morales,

117 1882 188 1949 quae
202 1863 291 1928 bona
304 1864 475 1949 acquirere
491 1871 527 1930 et
538 1864 717 1949 possidere,
735 1872 769 1931 et
783 1866 871 1932 varia
892 1864 966 1952 jura
987 1867 1050 1932 sibi
1071 1866 1239 1934 vindicare

116 1986 266 2064 possunt,
280 2000 412 2047 necesse
433 1988 483 2047 est
501 1987 539 2047 ut
557 1982 681 2065 possint
697 1983 731 2046 in
747 1981 870 2067 judicio
893 1984 1059 2049 conveniri
1070 1991 1105 2050 et
1120 2002 1239 2050 conve-

115 2098 199 2164 nire.
220 2098 293 2163 Non
307 2105 416 2163 autem
432 2105 540 2181 potest
555 2104 662 2165 totum
680 2099 910 2166 monasterium
928 2106 985 2165 aut
1003 2099 1146 2167 Ecclesia
1167 2100 1239 2185 ipsa

115 2211 283 2298 injudicio
295 2221 382 2279 stare
397 2221 432 2279 et
446 2214 594 2299 litigare3
616 2213 804 2281 debuerunt
816 2233 895 2299 ergo
908 2216 996 2300 leges
1010 2217 1237 2284 ecclesiasticae

117 2329 346 2396 determinatis
361 2329 558 2415 quibusdam
576 2331 722 2414 personis
739 2331 942 2397 committere
957 2330 1010 2416 jus
1029 2339 1063 2398 et
1081 2331 1233 2411 officinm,

116 2446 247 2512 nomine
277 2447 465 2512 monasterii
489 2447 544 2513 vel
565 2447 716 2514 Ecclesiae
743 2446 777 2511 in
801 2445 925 2533 judicio
958 2446 1180 2533 respondendi
1203 2457 1238 2516 et

115 2561 248 2649 agendi.
264 2563 419 2644 Quaenam
439 2562 503 2628 sint
519 2561 582 2628 illae
598 2581 745 2646 personae
760 2563 812 2628 hic
829 2563 1059 2649 exponendum
1078 2565 1233 2633 occurrit.

114 2682 164 2748 De
179 2699 247 2767 quo
262 2681 326 2747 sint
341 2687 515 2765 sequentes
528 2680 650 2764 regulae
671 2702 678 2746 :
1184 2662 1192 2676 ’

157 2799 301 2866 lineum
317 2801 358 2863 1¹.
375 2833 422 2848 -
434 2801 483 2863 Ad
500 2800 668 2863 Praelatum
684 2805 870 2878 morrcstera't,
886 2802 993 2864 saltem
1012 2820 1079 2864 cum
1093 2820 1235 2873 consensu

112 2919 296 2992 conventus,·
309 2918 339 2974 et
350 2914 565 2975 chroelutum
574 2913 724 2992 Ecclesiae,
739 2913 846 2975 saltem
860 2930 926 2974 cum
938 2931 1080 2977 consensu
1090 2916 1229 2994 capituli,

112 3031 298 3112 repuleriter
307 3034 442 3111 perticat
461 3033 495 3092 ic
507 3031 627 3111 judicio
640 3047 728 3110 apere
745 3034 776 3091 et
794 3031 980 3109 respondere.
1002 3064 1049 3078 -
1069 3028 1234 3094 Probatur

112 3144 274 3214 decretali
286 3147 414 3210 Edocera‘
429 3145 610 3212 Innocentii
623 3144 683 3222 HI,
699 3147 822 3209 tenoris
842 3145 1006 3230 sequentis
1024 3166 1031 3211 ε
1057 3173 1071 3200 α
1092 3143 1233 3212 Edoceri

117 3262 337 3348 «postulastis
359 3281 379 3326 a
401 3258 505 3340 nobis,
534 3269 647 3328 utrum
670 3280 732 3345 per
751 3261 878 3326 litteras
904 3259 1063 3328 adversus
1096 3263 1232 3329 abbates

113 3409 126 3434 a
143 3379 247 3466 (nulla
261 3378 428 3443 mentione
441 3376 551 3442 habita
570 3374 612 3441 de
630 3377 695 3443 suis
714 3377 938 3464 conventibus)
965 3379 1163 3464 impetratas,
1184 3387 1232 3446 te-

113 3501 286 3562 «neantur
301 3493 437 3561 abbates
449 3494 511 3578 ipsi
525 3512 625 3578 super
645 3494 759 3572 causis,
778 3513 848 3578 quae
864 3493 906 3560 ad
926 3503 1106 3562 conventus
1128 3498 1231 3580 perti·

112 3622 223 3680 «nent
238 3618 279 3678 et
299 3610 444 3691 eosdem,
468 3612 547 3696 ipsis
569 3609 815 3697 querelantibus
837 3610 1037 3696 respondere
1062 3634 1070 3679 :
1093 3633 1131 3680 ac
1150 3614 1229 3680 licet

112 3729 280 3797 «inhibita
299 3728 340 3794 sit
360 3728 551 3813 appellatio,
574 3746 635 3811 per
654 3727 877 3811 appellationis
902 3726 1068 3813 objectum
1092 3730 1224 3813 possint,

112 3877 124 3906 «
137 3869 180 3914 ne
192 3845 428 3931 respondeant,
441 3865 475 3911 se
486 3845 584 3910 tueri.
596 3846 701 3929 Super
711 3864 775 3930 quo
788 3844 938 3910 duximus
946 3846 1223 3932 respondendum,

112 3963 231 4052 «quod
247 3963 319 4052 (nisi
332 3963 393 4030 alia
408 3983 505 4029 causa
519 3962 719 4030 rationabilis
734 3961 940 4048 suffragetur)
957 3982 1018 4047 per
1036 3965 1227 4049 appellatio·

113 4103 217 4150 «nem
238 4101 274 4148 se
294 4082 382 4146 tueri
404 4099 470 4146 non
491 4087 626 4166 possunt
648 4102 654 4145 :
677 4081 849 4165 quominus
864 4079 1009 4147 debeant
1031 4082 1225 4149 auctoritate

114 4201 328 4266 «litterarum
353 4195 541 4283 hujusmodi
560 4197 704 4280 legitime
729 4195 931 4280 respondere
949 4218 956 4263 :
977 4215 1052 4262 cum
1070 4216 1111 4263 ex
1124 4197 1227 4266 officio

116 4335 200 4383 «suo
213 4321 390 4382 teneantur
407 4315 693 4399 congregationum
715 4331 847 4378 suarum
869 4313 1000 4397 negotia
1017 4332 1194 4398 procurare
1215 4337 1224 4382 ε

117 4436 203 4501 «uisi
224 4435 311 4502 forte
332 4434 458 4502 abbatis
476 4439 510 4499 et
529 4440 711 4499 conventus
730 4431 859 4515 negotia
882 4439 990 4500 essent
1008 4434 1138 4500 omnino
1162 4434 1227 4501 dis-

217 4549 237 4606 l.
1085 4547 1120 4606 la
