2714 4980
181 279 243 344 iss
533 293 723 373 rnam‘lrus
745 294 790 340 nr
812 293 962 340 runrcus.

177 420 315 488 ¹ridetur
328 420 464 506 quaetio
482 418 632 486 absolute
648 416 847 503 decidenda3
868 416 928 484 sed
942 415 1112 483 vindicus
1125 417 1294 501 Episcopi,

178 537 249 603 dte
265 537 433 616 clericum,
449 536 517 603 sive
535 535 653 602 laicum
665 555 728 619 pro
747 534 942 600 cancellario
958 531 1106 617 eligendi
1128 531 1296 618 securitate,

179 651 264 738 quid
278 653 378 736 magis
391 650 556 735 expediat,
569 650 764 718 eorumdem
779 650 976 735 prudentie,
994 669 1058 734 pro
1068 649 1173 717 variis
1186 649 1300 716 dioece·

181 785 260 832 seon
273 767 534 847 circumstantiis,
549 748 625 833 esse
635 765 901 851 relinquendum.

225 884 425 951 Prorosrrro
445 885 498 950 X·.
514 918 561 933 -··
572 887 700 949 clericis
719 888 869 947 minonem
885 885 1028 946 ordinum
1046 884 1139 945 licere
1158 887 1193 946 in
1214 888 1301 944 curiis

179 1003 374 1066 meaturibta
383 1006 555 1064 notariatus
563 1004 753 1080 exercitium,
769 1007 884 1063 emtum
896 1020 957 1063 aar
969 999 1111 1064 esta-Si
1122 997 1301 1064 decretales

181 1132 267 1198 supe
283 1114 384 1183 dictas
394 1121 479 1182 Siout
494 1125 523 1179 te
536 1123 570 1181 et
584 1120 625 1181 Ut
635 1114 1006 1199 officiomerpendumus,
1020 1115 1157 1181 minime
1173 1113 1300 1180 Mum

181 1238 234 1297 cst
245 1230 281 1297 id
291 1229 382 1314 apud
394 1231 503 1297 iorum
516 1231 705 1297 saeculuem
720 1229 858 1297 officium
868 1229 1048 1296 minoribus
1063 1231 1169 1296 etium
1183 1229 1301 1296 clerieb

179 1347 361 1432 proliberi.
380 1349 594 1415 Nihilominus
616 1348 778 1414 existimat
792 1348 1018 1414 ihomassinus
1040 1347 1210 1434 (utsupra
1232 1346 1301 1414 ridi·

182 1461 266 1548 mus)
281 1464 337 1531 rel
348 1465 519 1530 insensum
527 1466 728 1530 contrarium
739 1462 843 1531 dictos
851 1471 962 1529 textus
971 1463 1297 1549 interpretariposse,

146 1652 150 1661 ,
180 1581 235 1648 rel
250 1581 365 1647 saltem
377 1581 421 1646 ob
434 1581 630 1648 contrariam
643 1580 914 1647 consuetudinem
930 1599 986 1647 eos
1004 1582 1074 1645 vim
1088 1601 1159 1646 non
1171 1581 1297 1648 bahem.

174 1695 244 1785 §ed
262 1697 360 1762 nimia
371 1697 449 1763 mihi
462 1697 595 1764 videtur
613 1697 682 1762 hacc
702 1697 868 1764 clarissimi
888 1698 949 1763 viri
969 1697 1091 1780 opinio.
1109 1699 1211 1780 Quod
1223 1699 1300 1764 enim

177 1804 301 1878 ineam
318 1832 450 1878 sensum
464 1814 614 1897 torqueri
627 1820 793 1898 nequeant
806 1812 902 1878 dictae
919 1812 1183 1899 decretalesjcm
1199 1820 1300 1879 osten

178 1926 296 1994 dimus.
316 1927 368 1994 Ad
379 1927 649 1997 consuetudinem
663 1936 774 1996 eutem
789 1928 879 2014 qnod
893 1932 1022 2008 attinet,
1040 1947 1110 1994 non
1121 1930 1223 1997 rideo
1237 1948 1300 1997 eun

178 2044 313 2130 probari
329 2046 516 2128 generalem
534 2067 541 2111 :
562 2047 712 2129 exempla
732 2053 842 2111 autern
866 2047 1061 2112 clericorum
1085 2047 1253 2114 minorum
1272 2048 1299 2112 iu

179 2161 269 2227 curia
285 2168 320 2226 et
333 2160 405 2227 ioro
422 2162 570 2227 seculari
583 2163 729 2227 notarios
746 2163 922 2245 agentium,
941 2163 1004 2228 etsi
1015 2162 1162 2246 plurima
1178 2163 1300 2248 congeri

178 2277 313 2360 possint,
330 2294 391 2359 pro
411 2276 525 2356 abusu,
535 2275 620 2360 juris
634 2277 765 2342 minime
783 2277 963 2355 inductivo,
981 2277 1095 2343 forsan
1120 2279 1240 2344 melius
1252 2276 1299 2343 br·

179 2392 358 2458 bebuntur.
375 2394 438 2457 Eos
452 2400 580 2458 tantum
603 2392 739 2460 clericos
751 2395 893 2459 minores
917 2392 1133 2476 excipiendos
1144 2395 1299 2460 existime-

141 2508 144 2513 '
179 2509 253 2586 rim,
272 2509 440 2593 quistatui
456 2509 603 2574 clericuli
616 2507 849 2587 valedicentes,
879 2507 922 2574 cd
945 2509 1141 2575 seculorem
1160 2527 1298 2595 gressum

180 2622 342 2690 iecerunt.
360 2623 510 2705 Quandiu
532 2644 614 2691 vero
628 2642 725 2690 sacrae
747 2625 868 2690 militia
886 2623 999 2690 datum
1017 2644 1143 2691 nornen
1160 2646 1228 2694 non
1253 2643 1297 2690 re

81 2741 83 2744 ’
180 2747 363 2834 traxerunt,
383 2759 440 2806 eos
457 2740 668 2805 sacularibus
691 2741 829 2823 negotiis
850 2741 1007 2824 implicari
1030 2746 1150 2807 vetant
1178 2758 1297 2826 genera

178 2855 256 2922 liter
274 2856 358 2922 socri
381 2874 522 2922 canones
540 2877 548 2921 ε
584 2855 833 2939 implicarentur
856 2865 968 2923 autem
995 2855 1078 2924 dicti
1103 2855 1202 2924 officii
1219 2853 1296 2942 apud

179 2970 288 3037 iorum
298 2970 449 3037 laicalem
467 2971 636 3036 exercitio.

224 3089 425 3154 Pnorosrrro
438 3089 506 3152 ir.
525 3124 571 3137 -
588 3091 688 3152 Causa
703 3109 756 3152 cur
766 3095 850 3180 sueri
860 3108 987 3154 conones
1005 3096 1184 3155 muricem
1193 3096 1295 3154 exeri

181 3210 267 3283 tiam,
284 3207 664 3287 apodoomspraserttm
683 3207 852 3286 seculares,
871 3208 987 3269 clericis
998 3207 1228 3288 prohibuerint,
1245 3225 1295 3272 noo

180 3323 301 3385 videtur
315 3324 409 3401 foisse
418 3323 503 3384 illotos
514 3322 605 3400 officii
612 3324 798 3403 ignobilitas,
816 3325 1028 3404 necquodprae
1038 3342 1070 3386 sc
1083 3327 1169 3405 serat
1182 3330 1296 3408 speeiem

179 3439 340 3518 mendam
349 3443 572 3519 aequitationis.
581 3438 667 3503 -Si
679 3438 863 3522 Fagnanum
877 3439 1102 3524 plurimosque
1116 3441 1199 3506 alios
1211 3458 1297 3505 cano·

181 3571 259 3618 num
272 3554 470 3636 interpretes
488 3553 586 3620 adeas
600 3554 669 3641 (ubi
680 3554 979 3639 expenduntcaput
989 3561 1077 3622 stau
1093 3565 1134 3638 te,
1151 3578 1192 3622 ne
1204 3561 1296 3622 elerici

181 3672 229 3733 oei
242 3667 403 3754 merati),
421 3671 566 3753 reperies
580 3671 621 3736 ab
629 3672 708 3755 ipsis
721 3670 887 3755 duplicem
900 3670 995 3738 diotae
1014 3672 1244 3755 prohibitionis
1257 3690 1297 3737 as

180 3788 339 3871 signatam
354 3806 503 3853 eausam:
520 3806 590 3852 esse
602 3807 720 3873 nempe
733 3789 965 3855 tabellionatus
980 3785 1124 3855 officium
1136 3796 1297 3857 exuatur

179 3920 238 3970 sua
250 3901 403 3985 ignobile,
422 3910 456 3967 et
473 3903 617 3984 speciem
631 3902 804 3987 quamdam
821 3904 1058 3987 negotiationis.
1076 3904 1210 3970 Eruditi
1225 3921 1296 3970 vero

178 4018 233 4085 olii
248 4019 342 4083 multi
356 4026 531 4102 utrumque
545 4026 684 4102 negant;
710 4026 745 4085 ot
756 4021 873 4084 merito
887 4018 1031 4104 quidem,
1051 4025 1091 4086 ut
1115 4020 1195 4085 mibi
1212 4018 1296 4086 ride·

177 4140 245 4200 tur.
266 4135 474 4200 Nemeorum
493 4136 637 4200 virorum
655 4134 749 4214 ordo,
761 4154 907 4221 -quorum
919 4136 1107 4202 testimonio
1122 4135 1295 4204 etsubscri-

178 4252 301 4333 ptione,
314 4250 418 4315 veluti
433 4258 525 4315 certo
539 4257 574 4315 et
587 4249 745 4317 infallibili
759 4251 986 4330 fundamento,
1010 4253 1129 4319 nititur
1141 4261 1178 4320 et
1187 4271 1293 4320 secure

180 4365 321 4452 quodam
334 4365 434 4433 modo
444 4366 581 4452 quiescit
597 4366 682 4434 fides
699 4367 842 4454 publica,
858 4386 876 4434 a
894 4368 1013 4454 qulbus
1031 4370 1170 4454 proinde
1186 4385 1291 4453 magra
