2714 4980
539 303 621 356 rans
644 303 804 355 securus.
1167 286 1234 353 393

116 454 134 493 a
147 436 202 496 tes
211 429 421 509 transierunt,
431 438 467 496 et
479 429 660 516 minantis),
672 432 790 498 assumi
804 448 898 516 posse
910 430 954 498 ad
965 428 1105 496 officium
1117 429 1234 496 vicarii

116 564 136 608 a
151 544 317 629 Episcopi,
336 543 512 612 accedente
536 546 667 612 licentia
693 547 817 630 proprii
841 546 1034 631 superioris;
1060 552 1133 610 tum
1157 545 1234 629 quia

116 683 136 724 (ι
156 660 273 727 nullibi
293 659 415 746 injure
435 659 472 726 id
495 663 542 728 eis
562 661 777 728 interdictum
798 664 976 747 reperitur,
1001 660 1233 728 verumetiam

116 797 136 839 a
152 775 231 864 quia
245 795 310 841 non
324 777 564 860 aspernabilem
576 777 764 844 monasterii
777 777 953 842 utilitatem
966 776 1043 842 inde
1058 775 1233 860 provenire

117 910 136 953 a
152 892 367 974 comperitur,
381 899 421 957 ut
435 890 562 958 dicatur
576 892 778 957 mtisiactum
792 890 991 975 dispositioni
1004 899 1117 956 textus
1129 890 1174 977 (in
1184 908 1235 956 ca·

117 1025 136 1066 a
155 1022 243 1069 none
260 1007 398 1071 Morlaclls'
413 1007 445 1086 2,
469 1008 520 1084 16,
538 1025 571 1090 q.
592 1010 622 1090 ¹;
641 1012 676 1070 et
691 1005 797 1089 capite
811 1007 843 1084 2,
859 1009 897 1070 dc
911 1008 1050 1085 Postul.,·
1065 1004 1098 1069 in
1115 1003 1248 1089 quibus·

115 1141 133 1182 a
154 1117 348 1202 disponitur,
369 1125 409 1185 ut
433 1120 608 1186 monachus
630 1118 785 1206 judiciale
807 1139 925 1186 munus
945 1138 1099 1187 exercere
1118 1118 1231 1203 possit,

116 1257 135 1296 a
154 1233 223 1300 duo
238 1253 435 1302 concurrere
450 1254 583 1303 necesse
599 1254 669 1302 esse
688 1257 696 1302 :
713 1236 878 1302 licentiam
894 1237 1016 1302 scilicet
1034 1234 1178 1312 abbatis,
1199 1240 1235 1299 et

116 1372 135 1412 α
154 1352 343 1418 monasterii
358 1352 543 1418 utilitatem.

165 1490 182 1527 (ι
200 1467 345 1534 Licentia
357 1485 437 1534 vero
448 1469 525 1533 satis
537 1467 687 1552 estquod
705 1468 892 1535 obtineatur
908 1467 950 1533 ab
965 1465 1154 1534 immediato
1167 1482 1236 1531 mo·

115 1604 136 1645 «
153 1583 288 1648 nasterii
300 1583 479 1666 superiore,
495 1582 649 1651 videlicet
661 1604 679 1649 a
693 1585 818 1662 Priore,
838 1584 1091 1667 velProeposito.

163 1721 181 1760 a
195 1699 318 1764 Verum
337 1697 550 1765 simonachus
570 1699 692 1786 absque
707 1700 758 1765 sui
773 1700 948 1784 superioris
961 1698 1092 1765 licentia
1110 1696 1153 1764 ad
1168 1696 1236 1765 offi-

117 1836 136 1876 «
154 1813 242 1879 cium
263 1814 382 1880 Vicarii
406 1821 637 1893 assumeretur,
658 1834 723 1881 non
743 1815 941 1882 conveniunt
958 1812 1121 1892 doctores,
1142 1832 1236 1878 num-

117 1955 136 1993 a
154 1930 236 2016 quid
254 1929 402 2017 ejusdem
417 1939 507 2015 gesta
521 1933 584 1996 siut
600 1931 717 1997 valida.
736 1931 857 1998 Omnes
867 1940 978 1998 tamen
990 1932 1106 1998 merito
1120 1950 1236 1998 conve·

117 2069 136 2109 «
154 2047 258 2125 nium,
274 2046 365 2132 quod
378 2056 594 2114 concurrente
608 2049 768 2113 communi
794 2067 919 2126 errore,
944 2054 1035 2132 gesta
1048 2044 1236 2132 hujusmodi

117 2187 136 2225 a
156 2163 298 2247 religiosi
310 2165 428 2230 Vicarii
442 2164 550 2230 valida
567 2172 771 2231 censeantur.

164 2301 182 2339 a
199 2279 275 2344 llaec
288 2278 434 2364 quidem,
447 2299 538 2346 mero
543 2278 618 2366 jure
633 2280 791 2363 inspecto,
806 2277 925 2346 docent
933 2279 1096 2346 doctores.
1111 2279 1234 2345 Verum

118 2416 137 2457 a
153 2394 317 2477 sipraxim
329 2402 364 2460 et
375 2395 544 2462 Sacrorum
559 2396 853 2479 Congregationum
862 2413 1004 2475 sensum,
1018 2394 1175 2474 uideret,
1190 2403 1237 2461 at—

118 2534 137 2573 «
153 2509 295 2576 tendere
304 2511 452 2589 velimus,
469 2513 666 2596 regulariter
675 2512 890 2595 improbatam
906 2530 975 2579 esse
990 2510 1176 2597 hujusmodi
1186 2529 1238 2577 re·

119 2650 138 2688 a
155 2627 318 2710 gularium
326 2626 572 2709 deputationem
581 2629 765 2694 inVicarios
773 2629 943 2712 generales
957 2627 1133 2694 dicendum
1142 2635 1204 2694 est.
1218 2653 1233 2688 a

117 2740 159 2808 Id
172 2740 284 2807 firmat
299 2742 417 2807 citatus
432 2748 548 2807 auctor
559 2744 672 2826 plures
693 2742 905 2810 memorando
922 2741 1084 2810 dictarum
1099 2762 1236 2827 cougre-

117 2860 284 2944 gationum
298 2859 534 2942 responsiones.
554 2862 635 2926 Turn
650 2859 743 2927 addit
760 2883 767 2926 :
790 2863 1054 2927 «Verumtamen
1079 2880 1121 2926 ex
1135 2861 1237 2944 parti·

120 2974 319 3041 aculam'bus
329 2975 579 3041 circumstantiis
590 2976 686 3042 Sacra
704 2976 919 3061 congregatio
937 2976 1170 3059 Episcoporum
1186 2977 1236 3040 in·

119 3113 137 3153 a
153 3089 291 3173 dulgere
298 3090 438 3174 benigne
445 3091 540 3169 solet,
548 3099 587 3156 ut
600 3092 751 3176 Episcopi
758 3109 923 3157 amumere
930 3091 1061 3157 valeant
1067 3091 1236 3174 regulares
1249 3128 1252 3135 ·

118 3230 137 3272 a
152 3207 189 3272 in
201 3224 277 3273 suos
292 3207 448 3273 Vicarios.
468 3230 485 3269 »

160 3327 236 3391 lluo
252 3342 313 3408 ego
330 3323 500 3411 subjiciam
520 3346 528 3389 :
557 3328 590 3389 1⁰
608 3323 786 3391 Prudictas
811 3325 982 3391 Sacrorum
1010 3325 1238 3410 congregatio·

113 3457 194 3506 num
213 3438 452 3521 responsiones,
462 3437 566 3503 videri
579 3436 623 3502 ad
634 3456 726 3503 casus
737 3439 951 3521 particulares
964 3439 1138 3523 relativas3
1156 3457 1239 3504 nun-

115 3572 215 3642 quam
233 3572 483 3638 veroexpresse
499 3563 534 3620 et
549 3555 747 3637 generaliter
764 3553 968 3622 declaratum
988 3555 1098 3634 fuisse,
1116 3555 1239 3641 requiri

117 3671 285 3738 licentiam
296 3670 510 3754 Apostolicam
520 3676 557 3735 ut
565 3673 665 3754 possit
674 3673 853 3756 Episcopus
860 3674 1025 3739 vicarium
1033 3691 1128 3738 suum
1139 3692 1182 3738 ex
1189 3692 1240 3739 re·

114 3785 371 3870 ligiosisiamiliis
384 3774 560 3853 assumere.
577 3787 659 3853 Cum
674 3807 764 3872 ergo,
781 3787 1000 3854 abstrahendo
1008 3788 1050 3854 ab
1057 3788 1117 3853 hac
1131 3787 1241 3854 Sacra·

115 3920 192 3970 rum
206 3902 499 3986 congregationum
510 3903 613 3986 praxi,
631 3903 666 3970 id
684 3905 792 3971 valeat
808 3905 988 3989 Episcopus
1007 3903 1048 3969 de
1062 3902 1137 3989 jure
1151 3921 1241 3970 oom-

112 4019 218 4098 muni,
235 4017 435 4102 probabilius
452 4019 602 4086 existimo
614 4039 721 4106 neque
741 4019 836 4098 hodie
862 4022 969 4104 ipsum
985 4019 1133 4104 indigere
1149 4019 1239 4088 dicto

112 4135 288 4200 sacrarum
301 4133 593 4218 Congregationum
605 4134 744 4215 indulto,
759 4142 797 4202 ut
820 4136 1010 4222 religiosum
1021 4136 1057 4201 iu
1073 4136 1238 4203 vicarium

112 4247 302 4336 generalem
311 4246 374 4314 sibi
391 4255 544 4316 assumat.

159 4368 195 4434 2⁰
203 4366 408 4451 memoret
416 4365 583 4436 hodiernis
589 4368 795 4453 temporibus
804 4368 1042 4439 mihiridentur
1056 4387 1234 4440 occurrere
