2714 4980
518 326 597 375 naas
619 326 733 375 rmus.
1145 317 1187 383 85

64 479 84 505 «
100 450 253 529 titutum,
271 468 310 515 ao
332 457 509 535 propterea
528 453 615 518 inter
635 452 753 520 fideles
777 455 1019 521 matrimonium
1033 452 1106 522 dari
1122 475 1189 524 non

67 593 85 620 ι
101 581 210 649 posse,
228 565 308 651 quin
319 585 386 631 uno
400 565 581 653 eodemque
591 575 741 654 tempore
755 569 798 636 sit
810 577 1049 665 sacramentum
1064 593 1071 655 3
1088 576 1188 658 atque

67 708 85 735 e
98 679 226 746 idcirco
243 681 423 766 quamlibet
447 683 542 763 aliam
563 686 650 751 inter
674 685 866 753 christianos
885 685 1006 752 viriet
1028 688 1184 769 mulieris,

67 824 85 851 ι
98 804 224 880 praeter
245 805 503 878 sacramentum,
532 799 804 886 conjunctionem,
834 800 1069 890 cujuscumque
1088 805 1186 872 etiam

67 941 84 970 ι
99 913 206 980 ciuilis
219 914 299 999 legis
322 917 356 982 vi
381 915 514 996 factam,
541 917 620 984 nihil
643 918 732 985 aliud
759 939 829 986 esse
854 921 916 985 nisi
936 928 1068 1005 turpem
1085 928 1184 1008 atque

67 1036 85 1088 ἁ
98 1033 264 1099 exitialem
277 1033 530 1100 concubinatum
546 1035 587 1101 ab
606 1036 747 1102 Ecclesia
770 1043 944 1122 tantopere
970 1036 1158 1106 damnatum
1174 1061 1182 1126 ;

67 1176 85 1203 ι
100 1166 141 1212 ac
155 1146 293 1231 proinde
313 1169 332 1213 a
353 1147 515 1234 conjugali
533 1148 660 1216 loedere
680 1159 919 1216 sacramentum
940 1154 1084 1237 separari
1101 1173 1184 1219 nun-

67 1292 84 1320 «
98 1282 198 1350 qnam
224 1282 339 1349 posse3
361 1271 396 1330 et
414 1265 543 1331 omnino
566 1274 716 1349 spectaro
740 1266 782 1334 ad
806 1269 958 1334 Ecclesia
984 1277 1183 1354 potestatem

67 1409 83 1437 α
98 1400 140 1447 ea
153 1381 258 1446 omnia
273 1379 464 1460 decernere,
476 1399 547 1467 quae
559 1380 602 1447 ad
615 1380 704 1449 idem
715 1384 955 1449 matrimonium
970 1385 1183 1469 quovismodo

67 1496 234 1582 «possunt
251 1499 429 1580 pertinere.
448 1496 555 1584 Atque
575 1498 645 1565 haec
669 1501 775 1567 omnia
790 1501 982 1579 omittimus,
1003 1511 1182 1588 propterea

68 1642 83 1669 ι
97 1612 189 1700 quod
203 1613 329 1679 etiamsi
343 1613 392 1678 hae
405 1614 496 1698 leges
513 1614 556 1680 ab
570 1615 731 1700 aliquibus
749 1635 767 1682 e
790 1616 1024 1700 deputatorum
1043 1621 1181 1686 concilio

68 1761 82 1786 ι
96 1731 194 1796 fuere
210 1732 395 1815 propositae,
417 1736 528 1797 tamen
546 1732 693 1817 plerique
709 1731 858 1816 deputati
867 1752 905 1798 ac
920 1741 1098 1813 senatores,
1111 1737 1182 1802 Deo

68 1876 83 1902 ι
94 1846 183 1914 bene
193 1844 341 1931 juvante,
353 1846 504 1930 easleges
515 1845 708 1932 rejiciendas
723 1866 791 1914 esse
802 1847 995 1916 decrevere.
1012 1878 1025 1904 ν
1045 1849 1182 1936 (Inserta

63 1964 125 2030 luit
140 1963 296 2028 allocutio
309 1963 363 2029 illa
377 1965 419 2027 in·
429 1963 649 2046 publicatione
664 1963 831 2048 periodica
845 1965 878 2031 la
894 1969 1009 2032 dictito
1019 1970 1177 2047 cottottco,

61 2099 92 2146 n.
112 2083 169 2159 62,
188 2098 275 2146 anno
290 2083 322 2158 3,
340 2086 420 2145 tom.
443 2077 510 2165 11.)

102 2196 154 2264 Ad
167 2215 242 2262 rem
253 2214 388 2281 prorsus
404 2196 539 2275 faciunt,
556 2203 597 2262 ut
607 2202 715 2280 patet,
733 2216 772 2262 ea
788 2197 840 2263 Pii
858 2198 902 2265 IX
917 2197 1038 2278 verba,
1058 2205 1178 2266 omotoo

60 2321 193 2398 tpoctorc
213 2317 255 2378 od
270 2315 409 2378 Ecclesia
420 2319 600 2398 potestatem
615 2334 650 2378 oo
668 2319 768 2379 amoto
782 2318 937 2380 decernere
957 2337 1024 2399 quor
1042 2319 1087 2381 od.
1098 2319 1178 2383 idam

58 2435 284 2495 matrimonium
292 2433 482 2513 quovismodo
486 2438 611 2514 possunt
619 2437 772 2514 perticere
782 2452 793 2495 .·
803 2452 869 2497 non
885 2433 972 2498 enim
979 2433 1178 2502 luculentius

53 2546 195 2633 exprimi
208 2553 243 2613 et
255 2545 436 2614 tenendum
453 2546 615 2614 declarari
631 2555 761 2632 poterat
780 2548 872 2633 quod
892 2549 944 2614 hic
961 2551 1172 2631 sustinemus,

52 2685 157 2730 omoos
171 2664 296 2729 scilicet
313 2664 446 2748 proprie
460 2662 564 2729 dictas
577 2665 833 2730 matrimoniales
852 2683 964 2730 causas
978 2685 997 2731 a
1011 2664 1083 2733 foro
1097 2684 1178 2750 pen·

51 2767 140 2848 dere
156 2779 389 2846 ecclesiastico.
409 2779 478 2844 Nec
491 2779 598 2844 minus
614 2786 730 2864 aperte
743 2779 908 2864 predictis
927 2780 1037 2847 verbis
1055 2781 1176 2848 feritur

48 2913 234 2965 erroneum
258 2902 294 2962 et
314 2895 622 2979 periculosissimum
648 2902 790 2981 systema
814 2915 928 2962 eorum
947 2897 1004 2983 qui
1025 2898 1175 2963 saeculori

49 3014 197 3100 principi
218 3011 380 3090 tribuunt,
415 3011 531 3078 saltem
555 3019 712 3097 tanquam
736 3011 957 3097 probabilem,
991 3011 1175 3079 dirimentio

46 3129 252 3198 matrimonii
270 3125 502 3212 impedimenta
516 3127 737 3194 constituendi
764 3136 971 3212 potestatem.
988 3128 1020 3193 Si
1034 3129 1120 3194 enim
1134 3148 1173 3195 ea
1214 3160 1223 3169 ·

48 3245 156 3314 omma
173 3263 245 3332 quoe
261 3243 304 3310 ad
322 3245 563 3311 matrimonium
584 3247 775 3327 quovismodo
796 3252 931 3328 possunt
953 3244 1133 3329 pertinere,
1151 3266 1172 3311 a

47 3363 278 3452 jurisdictione
300 3361 468 3447 pendeant
489 3361 716 3440 ecclesiastica,
732 3360 775 3426 ab
799 3358 915 3426 eadem
931 3360 1049 3445 procul
1071 3359 1171 3428 dubio

54 3478 249 3567 pendebunt
263 3482 365 3541 amoto
378 3477 476 3543 etiam
490 3475 723 3561 impedimenta
738 3475 932 3543 dirimentia.
951 3478 1100 3560 Magnam
1116 3495 1171 3543 au·

54 3605 122 3664 tem
145 3596 254 3660 inesse
280 3592 553 3658 consistorialibns
575 3590 743 3676 ejusmodi,
759 3592 1008 3659 allocutionibus
1032 3594 1171 3659 auctori·

54 3720 157 3780 tatem
171 3709 387 3795 dogmaticam
397 3710 559 3774 neminem
569 3708 665 3791 fugit.
684 3709 781 3774 Fiunt
795 3709 880 3773 enim
892 3707 1021 3774 inhunc
1032 3727 1168 3792 scopum

55 3837 92 3895 ut
101 3835 194 3895 totus
203 3823 344 3893 mundus
358 3823 646 3912 (quemadmodum
659 3825 694 3888 in
709 3823 808 3891 modo
826 3825 926 3890 citata
941 3842 1094 3908 expresse
1112 3822 1168 3890 de·

58 3940 210 4028 claretur)
233 3961 288 4009 aas
308 3946 491 4026 cognoscat,
518 3949 552 4007 et
569 3940 756 4008 authentica
775 3942 968 4026 publicitate
989 3939 1164 4009 donantur.

58 4061 209 4143 Quamuis
235 4066 345 4124 autem
364 4057 398 4122 iu
422 4057 461 4123 iis
482 4057 636 4124 Pontifex
652 4077 752 4124 novas
773 4057 853 4124 fidei
872 4057 1078 4124 definitiones
1101 4075 1168 4124 non

60 4177 197 4255 emittat,
219 4176 351 4242 emissas
369 4181 481 4240 tamen
492 4179 646 4260 tanquam
664 4174 841 4242 Ecclesiam
861 4173 1167 4258 docensdnterpre-

61 4297 144 4361 tatur
160 4300 197 4360 et
210 4291 370 4360 declarat.
386 4292 437 4358 lta
453 4299 492 4358 ut
504 4293 692 4358 temeritate
707 4311 772 4358 non
791 4299 901 4360 careat
917 4292 980 4359 hoc
999 4290 1096 4361 modo
1110 4291 1166 4361 de-

65 4407 250 4490 claraturum
261 4407 450 4494 dogmatum
461 4409 672 4494 impugnatio.
