2714 4980
535 304 615 353 rsus
637 302 795 352 sueonos.
1176 288 1242 352 445

162 427 196 490 4.
213 426 254 490 Et
274 426 399 493 etiamsi
420 427 567 492 vicarius
591 429 752 512 generalis
772 431 814 495 sit
829 430 1019 514 canonicus;
1036 431 1110 515 quia
1128 448 1235 515 neque

114 542 289 606 canonicus
303 550 438 608 tenetur
453 561 570 627 operas
583 562 658 610 suas
682 545 783 628 gratis
803 545 911 612 locare
925 546 1095 631 Episcopo.
1117 544 1231 634 (Idem,

114 655 213 736 ibid,
228 675 260 742 q.
278 654 370 741 286.)

163 779 195 839 5.
212 776 355 840 Tenetur
375 774 553 858 Episcopus
571 794 612 840 er
633 794 690 841 sue
717 795 847 842 camera
866 777 1018 842 salarium
1034 778 1158 843 Vicorio
1176 797 1236 844 suo

114 891 261 974 generali
275 891 484 957 constituere.
494 893 623 958 Mortuo
632 899 742 959 nutem
750 895 907 978 Episcopo
919 895 1071 960 solarium
1085 912 1146 978 pro
1156 904 1236 961 tem·

114 1026 197 1090 pore
211 1025 275 1091 quo
288 1007 435 1072 vicarius
450 1009 609 1091 generalis
623 1009 685 1093 ipsi
700 1008 889 1087 deservivit,
908 1011 989 1077 solvi
1004 1010 1136 1077 debete
1149 1013 1235 1096 copi·

113 1123 198 1201 tulo,
214 1123 269 1188 vel
280 1123 407 1188 vicario
422 1125 603 1208 capitulari,
613 1123 656 1190 de
671 1124 762 1192 bouis
775 1124 924 1191 Ecclesiae
941 1127 1095 1192 vacantis.
1115 1126 1230 1210 (Idem,

115 1238 213 1318 ibid..
235 1257 267 1324 q.
288 1236 379 1323 289.)

161 1355 266 1421 Hodie
282 1374 362 1422 vero
379 1358 412 1422 in
432 1357 544 1435 Gallio,
571 1378 646 1424 cum
668 1360 821 1425 salarium
843 1357 1002 1442 ejusmodi
1020 1379 1039 1424 a
1066 1361 1234 1426 Gubernio

113 1473 275 1551 solvatur,
292 1473 388 1538 liberi
405 1478 481 1538 sunt
497 1494 516 1539 a
531 1475 588 1540 tali
610 1476 770 1541 solutione
796 1474 892 1559 hujus
907 1480 942 1539 et
964 1476 1113 1543 similium
1129 1479 1235 1560 regio·

113 1607 196 1653 num
210 1590 370 1672 Episcopi.

555 1876 687 1942 CAPUT
706 1879 793 1944 VIII.

113 2143 281 2204 QUOMODO
294 2143 466 2191 EPISCOPUS
483 2144 523 2189 EX
538 2144 630 2190 neuls
646 2144 768 2191 VlCAllll
784 2145 836 2193 sut
851 2145 1033 2193 GENERA'LIS
1047 2145 1231 2191 russelun.

65 2490 67 2493 Ι
162 2402 315 2483 Qunsno
333 2406 376 2468 1¹.
400 2439 441 2451 -
459 2405 506 2466 Aa
520 2406 686 2486 Episcopus
701 2410 838 2466 teneatur
853 2421 893 2465 ec
916 2386 1042 2468 octiset
1067 2407 1236 2484 delirasse
1281 2377 1282 2380 Ἴ

117 2522 239 2582 Vicorio
260 2539 312 2582 uio
331 2527 472 2601 tuaquom
492 2525 619 2601 privato
638 2538 783 2601 persono,
816 2527 905 2583 cetra
930 2521 1073 2602 Officium
1093 2522 1237 2584 oiocriole

115 2639 233 2716 pestis?
244 2673 289 2685 -
304 2633 579 2721 Respondendum
590 2636 758 2719 negative3
779 2642 877 2720 atque
904 2639 937 2701 in
952 2636 1013 2703 hoc
1036 2635 1238 2703 concordant

70 2750 73 2754 ’
117 2751 270 2818 doctores
292 2753 497 2818 unanimiter.
531 2783 543 2805 «
560 2753 642 2833 Quia
666 2753 722 2838 (ait
744 2752 905 2837 Pirrhing‚
924 2754 959 2819 in
984 2755 1032 2818 tit.
1045 2756 1099 2833 28,
1121 2753 1229 2819 librir

122 2901 135 2922 «
154 2868 296 2947 decret„
312 2889 345 2936 n.
356 2866 411 2953 68)
428 2869 583 2945 vicarius,
605 2868 638 2932 in
653 2868 702 2931 his
715 2885 786 2952 quoe
802 2869 868 2951 agit
879 2875 917 2931 ut
932 2869 1092 2951 privatus,
1110 2888 1176 2935 non
1187 2866 1237 2933 di-

96 2988 237 3052 .«citur
260 3005 376 3070 gerere
395 2985 483 3051 vices
506 2985 668 3068 Episcopi,
692 3004 753 3050 uec
769 2984 862 3048 illurn
889 2992 1170 3068 representare.»
1193 2986 1236 3051 Et

113 3104 238 3189 pariter
248 3103 427 3169 Leurenius
438 3102 486 3187 (cle
496 3104 625 3165 Viccriis
635 3104 860 3183 Episcoporum,
876 3119 905 3164 o.
924 3102 954 3178 5,
973 3119 1006 3184 q.
1017 3098 1117 3184 301):
1139 3102 1235 3166 «Non

117 3251 130 3272 «
154 3226 288 3285 tenetur
310 3237 352 3283 ex
367 3216 487 3283 delicto
512 3223 548 3282 et
571 3218 670 3299 gestis
696 3236 715 3281 a
740 3216 866 3281 Vicario
895 3234 954 3281 suo
981 3223 1075 3282 extra
1097 3214 1233 3283 officium

118 3366 131 3388 «
146 3353 254 3399 suurn.
275 3363 288 3388 .
309 3333 428 3400 Merito
441 3338 551 3398 tamen
565 3329 658 3398 addit
674 3330 764 3398 idem
782 3339 916 3399 auctor:
938 3363 951 3388 a
967 3333 1034 3399 Nisi
1045 3333 1129 3400 forte
1143 3350 1234 3399 man-

117 3450 275 3528 «desset,
296 3458 353 3516 aut
368 3450 430 3515 alio
448 3448 545 3514 modo
567 3446 609 3513 de
629 3447 750 3514 delicto
767 3448 1003 3533 participasset.
1026 3480 1038 3504 »
1059 3449 1100 3515 Id
1123 3457 1234 3515 autem

112 3585 246 3632 necesse
261 3573 383 3632 nonest
400 3565 539 3650 probare
556 3566 719 3648 expressis
731 3563 814 3649 juris
829 3566 960 3649 positivi
973 3566 1137 3650 textibus3
1157 3582 1233 3629 cum

112 3703 154 3750 ex
172 3683 247 3768 jure
265 3685 403 3750 naturali
419 3682 593 3749 evidenter
606 3682 697 3748 fluat.

157 3802 240 3866 llino
253 3809 323 3866 tota
336 3800 507 3866 difficultas
530 3799 572 3866 ad
587 3819 626 3866 ea
639 3800 858 3883 restringitur,
879 3818 950 3884 quae
973 3800 1122 3864 vicarius
1135 3818 1234 3883 gene·
1250 3850 1253 3855 .

113 3919 190 3985 ralis
205 3919 271 4001 agit
282 3924 436 4003 tanquam
451 3935 586 4002 persona
601 3916 743 4000 publica,
764 3915 860 3995 idest,
883 3936 924 3982 ex
935 3914 1161 4001 jurisdictione
1175 3934 1233 3982 sua

114 4008 279 4101 ordinaria
293 4043 328 4101 et
350 4035 478 4100 nomine
496 4034 662 4118 Episcopi;
686 4042 720 4100 et
739 4033 918 4119 queritur:
940 4053 980 4098 an
999 4041 1034 4098 et
1056 4052 1121 4117 quo
1137 4051 1234 4098 sensu

115 4151 295 4235 Episcopus
310 4170 351 4217 ex
365 4151 463 4235 gestis
471 4148 632 4235 ejusmodi
649 4157 811 4230 tenentur,
829 4169 886 4215 seu
903 4147 951 4236 (ut
962 4149 1137 4233 gallicismo
1146 4145 1231 4234 utar)

117 4266 280 4352 eiusmodi
301 4275 465 4350 gestorum
482 4269 772 4349 responsabilitatem
799 4264 935 4350 habeat3
954 4273 988 4331 et
1002 4285 1045 4333 on
1061 4268 1162 4350 possit
1180 4266 1234 4333 vel

116 4404 182 4450 non
197 4403 237 4449 ea
252 4382 450 4450 rescindere.
