2714 4980
440 363 443 371 ,
529 317 609 363 rins
632 316 791 363 sncnuni.
1154 297 1217 362 467

139 441 297 522 ansno
313 443 357 505 2¹.
382 475 427 490 --
451 443 500 504 Au
524 442 662 502 assessor
679 441 922 520 Jurisdictiouem
944 439 1081 501 dudem?
1111 473 1156 484 -
1184 437 1224 501 In

95 556 161 633 inor
179 554 339 625 soluendo
353 553 489 638 quaesito
502 572 568 618 non
582 552 643 618 sibi
662 560 811 619 constans
833 560 885 619 est
898 550 1113 636 Pellegrinus.
1134 552 1224 620 Nam

95 679 196 756 parte
209 673 242 752 2,
256 668 423 754 praemisso
442 672 475 746 3,
493 689 527 734 n.
551 673 605 747 26,
627 671 672 735 sio
692 668 813 734 habet:
841 668 935 734 «Iste
952 674 1063 733 autem
1078 667 1226 733 Assessor

99 817 116 845 α
133 807 196 855 seu
216 787 421 854 consiliarius
444 785 628 852 nonhabet
646 786 904 871 jurisdictionem
935 785 1022 871 (lege
1042 787 1062 851 2
1085 783 1223 862 codicis,

102 933 120 961 ι
136 908 178 969 de
188 907 404 982 insessoribus,
419 909 454 968 et
469 903 630 982 Caravita,
649 922 750 987 super
759 902 878 968 ritibus
890 921 1011 986 magns
1026 902 1125 967 curioe
1138 902 1229 967 vics·

104 1047 120 1074 α
139 1020 210 1096 riae,
228 1019 296 1083 ritu
310 1021 387 1096 295,
404 1039 437 1083 n.
459 1016 495 1102 2)
508 1047 541 1082 .»
562 1020 661 1084 Parte
682 1019 844 1095 antemi,
866 1017 1011 1085 sectione
1034 1021 1088 1096 16,
1112 1037 1146 1082 n.
1164 1020 1225 1084 21:

105 1165 120 1192 «
136 1136 191 1212 An
203 1154 346 1203 assessor
364 1135 505 1220 aliquam
522 1134 640 1202 haheat
662 1134 921 1219 jurisdictionem
939 1133 1143 1220 aliquando?
1166 1135 1230 1199 Re·

104 1282 121 1311 s
137 1250 323 1336 spondetur
336 1249 544 1333 affirmative3
560 1250 734 1334 participat
748 1251 834 1317 enim
849 1249 892 1316 de
906 1248 1130 1335 jurisdictione
1143 1247 1231 1334 judi·

106 1397 121 1424 a
142 1369 190 1434 cis
208 1369 293 1455 (lege
306 1371 336 1446 1,
349 1367 382 1432 ff.
397 1372 434 1432 de
448 1369 553 1448 Officio
564 1367 711 1451 Assesr.);
729 1367 912 1451 prasertim
926 1366 1057 1452 quando
1064 1365 1168 1452 jndex
1181 1373 1233 1437 est

109 1514 126 1566 ·.
142 1483 326 1569 impeditus
344 1504 385 1549 ex
400 1483 507 1569 aliqua
520 1502 617 1549 causa
637 1484 770 1568 publica
788 1506 795 1549 :
814 1484 959 1550 secusia
981 1503 1077 1550 causa
1089 1484 1233 1569 appelia-

107 1600 258 1678 «tionis,
275 1600 312 1664 in
334 1619 399 1684 qua
417 1599 541 1664 nullam
558 1599 658 1665 habet
675 1599 944 1684 jurisdictionem.
963 1623 980 1660 n

149 1716 308 1782 Relative
326 1714 369 1781 ad
387 1715 495 1781 curias
510 1715 691 1793 saeculares,
709 1717 757 1779 sic
772 1713 906 1781 adnotat
923 1714 1230 1800 Schmalzgrneber:

108 1861 123 1888 «
139 1830 291 1900 Officium
304 1850 418 1897 eorum
434 1837 468 1895 et
485 1829 666 1896 authoritas
681 1829 841 1896 hodierno
851 1828 925 1914 jure
941 1830 1044 1915 maJor
1058 1839 1119 1911 est,
1138 1851 1235 1917 qnam

109 1975 125 2004 a
143 1926 281 2032 antiquo
298 1967 306 2012 τ
322 1967 397 2012 nam
412 1947 545 2031 antiquo
559 1944 819 2029 jurisdictionem
833 1946 957 2011 nullam
971 1946 1152 2024 habebant,
1172 1946 1232 2013 sed

108 2090 126 2120 ι
139 2068 274 2128 tantum
292 2061 395 2147 judici
419 2059 641 2140 addebantur,
656 2069 695 2126 ut
718 2060 852 2126 oonsilio
871 2081 929 2127 suo
944 2061 1038 2127 illum
1060 2061 1232 2148 juvarent3

111 2206 126 2233 «
140 2177 235 2264 quod
263 2177 400 2262 proinde
429 2175 533 2261 judex
561 2177 655 2262 sequi
679 2177 863 2242 necessario
894 2197 960 2242 non
992 2178 1233 2247 tenebatur...

105 2320 127 2351 ἰ
142 2293 315 2370 Hodierno
330 2301 442 2359 autem
461 2291 535 2375 jure
551 2294 584 2357 in
598 2292 763 2377 plerisque
784 2292 969 2376 principum
991 2292 1172 2361 dicasteriis
1185 2295 1235 2381 jn·

110 2441 126 2467 «
147 2410 375 2477 risdictionem
391 2409 487 2474 etiam
504 2417 539 2474 et
555 2427 726 2473 causamn
739 2409 938 2475 decisionem
951 2409 1085 2488 habent,
1102 2418 1140 2476 ut
1150 2410 1234 2481 adeo

109 2553 126 2583 ι
143 2529 213 2592 sint
222 2526 294 2591 veri
305 2524 444 2609 judices,
461 2543 499 2590 ac
514 2523 653 2608 proinde
670 2531 708 2590 ut
720 2525 807 2590 inter
821 2525 879 2590 hos
893 2526 1012 2591 assumi
1030 2527 1102 2610 quis
1117 2531 1230 2612 possit,

107 2670 128 2707 s
141 2639 272 2708 eaedem
286 2647 447 2724 petuntur
463 2640 638 2725 qualitates
658 2659 730 2724 quae
745 2647 907 2724 petuntur
925 2642 958 2707 in
970 2640 1083 2726 judice
1097 2671 1111 2697 n
1133 2643 1178 2730 (in
1192 2643 1234 2708 ti-

106 2751 218 2822 tulum
237 2759 249 2820 l
270 2759 308 2820 de
322 2759 466 2836 Iudiciis,
486 2756 562 2820 libri
578 2759 598 2821 2
613 2755 841 2833 decretalium,
857 2775 891 2821 n.
917 2755 982 2839 tt).

153 2874 353 2950 Tutorem,
382 2869 523 2956 dejure
551 2877 699 2935 communi
726 2872 897 2949 canonico,
922 2873 1045 2939 nullam
1072 2873 1233 2941 Assessori

106 2978 300 3071 competere
315 2985 596 3072 jurisdictionem
613 2986 777 3071 ipsiusque
793 2993 904 3070 partes
918 3007 989 3054 esse
1008 2988 1180 3054 dumtaxat
1195 2996 1233 3055 ut

105 3102 212 3189 Judici
238 3102 384 3186 praebeat
412 3103 559 3180 consilia,
585 3121 657 3187 quae
683 3108 793 3167 tamen
818 3103 846 3166 is
872 3103 967 3187 sequi
993 3122 1058 3170 non
1082 3111 1229 3172 tenetur.

107 3219 193 3297 Nam
205 3217 337 3285 admitti
347 3238 416 3283 non
433 3217 535 3284 debet
550 3219 584 3282 in
593 3217 760 3284 Assessore
771 3215 955 3301 jurisdictio
969 3220 1029 3287 nisi
1043 3219 1225 3303 probetur:

106 3354 174 3419 non
195 3334 360 3419 probatur
384 3342 495 3400 autem
520 3333 717 3400 sufficienter
745 3355 787 3401 ex
816 3335 884 3401 ulla
902 3334 985 3419 juris
1007 3336 1230 3421 dispositione.

105 3451 208 3535 Quod
216 3452 249 3519 si
260 3452 381 3518 alieubi
393 3471 436 3517 ex
449 3450 686 3518 consuetudine
698 3452 750 3518 vel
765 3458 891 3520 statuto
903 3455 1095 3536 particulari
1109 3455 1233 3541 aliquid

105 3567 342 3654 jurisdictionis
355 3567 486 3647 habeat,
497 3567 605 3652 quoad
619 3567 683 3635 hoo
698 3589 764 3635 non
777 3589 888 3637 merus
900 3570 1050 3638 Assessor
1062 3591 1121 3638 seu
1132 3572 1234 3641 consi·

105 3685 234 3767 liutius,
250 3683 312 3757 sed
329 3684 501 3769 delegatus
517 3681 620 3768 judex
634 3685 819 3752 censendus
838 3694 900 3753 est.

148 3803 309 3884 Quasno
322 3804 367 3867 3².
378 3803 478 3866 -Au
486 3807 585 3882 possit
601 3805 764 3883 Episcopus
780 3805 900 3864 Vicorr'o
917 3822 970 3865 suo
984 3805 1118 3883 peperoli
1130 3806 1234 3868 Arses·

105 3939 191 3987 sores
201 3923 381 4014 ussiqoure,
399 3938 435 3981 eu
448 3919 511 3999 lcqe
528 3925 563 3981 ut
581 3937 681 3980 eorum
692 3919 851 3981 consilium
861 3923 944 3998 sapui
958 3917 1234 3989 teneatur?-Vi·

105 4035 212 4103 detur
237 4034 427 4101 affirmative
454 4033 738 4118 respondendum,
766 4032 874 4117 quoad
892 4053 992 4100 unam
1012 4041 1071 4100 out
1094 4035 1232 4104 alterum

105 4172 285 4221 causarum
302 4154 467 4237 speciem;
487 4169 581 4218 secus
596 4169 678 4217 vero
696 4147 804 4234 quoad
822 4169 922 4215 omraes
942 4149 1141 4233 generaliter
1150 4169 1234 4217 cru-

105 4290 171 4339 sas.
206 4250 242 4335 Si
257 4271 351 4337 euim
375 4269 436 4334 hac
458 4269 532 4350 lege
561 4274 733 4332 teneretur
761 4266 908 4332 vicarius
934 4264 1095 4349 generalis
1124 4266 1234 4352 quoad

106 4405 226 4455 omnes
236 4386 436 4469 generaliter
451 4402 574 4462 causas,
593 4380 659 4467 jam
675 4383 707 4448 ei
721 4400 786 4448 non
799 4387 1005 4468 competeret
1018 4387 1234 4452 carvasalim
