2714 4980
562 319 641 368 nuns
663 319 776 367 rmus.
1190 309 1233 374 ⁶9

110 444 189 510 ticis
207 442 461 524 definitionibus,
480 445 539 511 sed
555 445 655 511 etiam
671 446 705 510 in
719 463 777 511 sua
788 445 964 511 universali
979 447 1073 530 praxi
1090 452 1125 513 et
1136 446 1233 514 disci·

112 561 215 645 plina.
240 563 322 628 llam
340 562 470 647 quando
488 563 631 629 Ecclesia
647 561 769 648 aliquid
786 563 819 627 in
842 581 900 627 sun
921 564 1065 647 generali
1084 566 1231 648 pruriet

112 677 283 764 disciplina
309 688 456 764 usurpat,
484 680 546 747 boc
567 681 638 764 ipso
656 679 690 744 id
713 688 866 765 tanquam
886 679 1019 758 bonum,
1039 701 1076 747 ac
1091 682 1229 766 proinde

111 803 268 882 tanquam
294 815 356 862 nec
379 796 459 864 fidei
482 816 544 863 nec
563 797 656 863 bonis
667 797 812 862 moribus
832 798 1031 864 contrarium
1044 797 1180 883 judicat,
1196 807 1230 865 et

111 913 246 997 publice
259 914 424 997 proponit,
440 914 635 981 etdeclarat.
651 916 690 979 In
704 912 899 999 quojudicio
912 916 939 978 si
956 924 1092 992 erraret,
1109 917 1231 982 iterum

113 1039 226 1096 contra
245 1031 348 1113 ipsam
363 1037 465 1115 portu
481 1030 578 1097 inferi
592 1030 821 1113 praevalerent,
843 1049 904 1094 nec
921 1036 1007 1096 esset
1028 1032 1177 1097 columna
1196 1040 1231 1099 et

111 1145 354 1213 firmamentum
376 1149 533 1214 veritatis.
551 1149 622 1214 Non
636 1155 745 1231 potest
758 1166 837 1232 ergo
853 1147 995 1215 Ecclesia
1009 1167 1071 1231 pro
1085 1150 1229 1232 generali

110 1265 204 1348 praxi
227 1272 263 1330 et
284 1263 451 1348 disciplina
467 1273 613 1331 statuere
632 1264 721 1350 quod
738 1272 824 1330 esset
843 1265 978 1331 veritati
992 1265 1046 1330 vel
1068 1266 1228 1357 sanctitati

112 1381 309 1466 oppositum.
330 1382 408 1463 Quae
426 1384 640 1466 prerogativa
661 1390 815 1466 tanquam
833 1381 875 1447 ad
895 1381 1011 1465 dogma
1035 1382 1227 1447 catholicam

112 1499 280 1582 pertinens
303 1497 404 1564 debet
432 1499 530 1566 etiam
552 1498 592 1563 ab
606 1499 754 1564 omuibus
775 1498 915 1564 admitti.
937 1500 1023 1582 Ergo
1040 1516 1094 1563 eas
1116 1517 1228 1564 causus

111 1615 149 1682 ad
170 1615 285 1681 forum
303 1615 551 1682 Ecclesiaticnm
566 1618 732 1699 pertinere
748 1615 987 1682 admittendum
999 1622 1060 1694 est,
1077 1634 1157 1700 quas
1171 1634 1227 1701 ge·

110 1734 212 1801 nerali
238 1734 333 1817 praxi
357 1752 416 1798 sua
436 1739 473 1798 ut
497 1733 558 1799 sibi
580 1734 728 1817 proprias
761 1734 877 1800 tribuit
902 1733 1058 1799 Ecclesia.
1088 1732 1225 1801 Aliunde

110 1848 216 1917 eidem
236 1848 310 1914 foro
325 1847 481 1934 subjectae
497 1848 666 1915 censendae
682 1856 758 1915 sunt
782 1868 885 1915 causae
900 1868 980 1935 quas
993 1868 1147 1932 expresse
1165 1849 1226 1916 sibi

103 1965 279 2052 subjacere
307 1964 422 2031 eadem
447 1966 592 2031 Ecclesia
617 1964 749 2049 definit;
778 1984 857 2049 ergo
880 1966 947 2030 sive
970 1985 1051 2051 quas
1070 1966 1223 2049 expressa

101 2083 308 2162 definitione,
331 2084 398 2149 sive
422 2103 502 2169 quas
526 2082 695 2149 sufficienti
722 2102 780 2148 sua
809 2084 903 2167 praxi
927 2083 1027 2148 adse
1054 2084 1221 2167 pertinere

97 2220 220 2269 causas
239 2201 388 2268 declarat
411 2201 572 2279 Ecclesia,
603 2220 649 2266 eae
670 2219 787 2266 revera
806 2201 906 2284 ipsius
930 2201 1003 2268 foro
1028 2199 1220 2286 subjacent:

95 2342 185 2410 ergo
196 2342 315 2394 verum
330 2328 364 2388 et
378 2328 488 2388 tutum
505 2328 554 2386 est
574 2320 662 2406 quod
680 2321 848 2404 posuimus
863 2321 1070 2406 principium.

148 2445 289 2525 objicies.
308 2476 354 2490 -
370 2439 485 2505 Nullus
511 2457 582 2505 esse
603 2446 712 2522 potest
728 2440 761 2503 in
779 2439 913 2523 propria
937 2459 1034 2504 causa
1056 2439 1221 2524 legitimus

95 2555 226 2644 iude13
244 2559 336 2643 atqui
353 2557 497 2623 Ecclesia
510 2562 596 2622 esset
610 2556 776 2640 legitimus
791 2555 895 2641 judex
913 2558 946 2621 in
961 2558 1095 2641 propria
1112 2576 1218 2634 causa,
1296 2609 1299 2616 .

95 2679 131 2743 si
141 2678 287 2743 materiae
303 2694 382 2760 quas
396 2669 446 2741 ¹sui
463 2675 526 2740 fori
536 2693 606 2740 esse
624 2673 790 2741 contendit
806 2675 969 2740 secularis
980 2681 1134 2758 potestne,
1149 2673 1222 2739 foro

95 2795 325 2862 ecclesiastico
340 2791 549 2858 accensenda
573 2792 694 2871 forent,
716 2792 776 2858 hoc
794 2794 865 2876 ipso
885 2791 972 2877 quod
991 2793 1035 2859 ita
1056 2811 1222 2877 persuum

95 2913 300 2979 sententiam
325 2917 382 2976 aut
407 2911 533 2996 praxim
557 2909 740 2975 declararet
762 2910 924 2993 Ecclesia3
949 2929 1028 2993 ergo
1052 2918 1089 2975 ut
1117 2929 1221 2976 causae

95 3029 248 3098 debeant
263 3029 337 3095 foro
355 3029 577 3095 ecclesiastico
600 3027 746 3105 attribui,
774 3047 839 3092 non
855 3026 971 3092 sufficit
996 3027 1042 3092 ita
1062 3026 1211 3092 declaror

95 3163 165 3230 per
180 3147 333 3213 Ecclesiae
349 3145 570 3224 definitionem
580 3153 636 3210 ant
655 3145 792 3229 praxim.
808 3182 853 3194 —
868 3144 1062 3229 Respondeo
1080 3167 1086 3210 :
1108 3144 1222 3212 distin·

98 3284 169 3348 gno
191 3263 374 3350 majorem:
399 3264 508 3330 nudius
530 3283 571 3329 en
589 3263 638 3341 iis,
659 3262 714 3347 qui
733 3261 963 3329 infallibilitate
986 3262 1020 3327 in
1043 3261 1220 3348 judicando

102 3389 229 3460 curent,
240 3388 350 3467 potest
362 3400 432 3446 csse
442 3380 606 3464 legitimus
619 3380 652 3443 in
666 3380 800 3464 propriu
814 3399 910 3444 causa
923 3378 1037 3464 judex,
1052 3367 1197 3448 concedo
1210 3404 1217 3447 :

108 3500 202 3565 etiam
210 3500 278 3578 ille,
292 3500 349 3586 qui
360 3499 469 3566 divina
480 3498 664 3564 inerrantiae
676 3500 890 3582 praerogativa
903 3499 1016 3582 pollet,
1032 3517 1097 3563 non
1112 3506 1221 3582 potest

115 3620 291 3706 cocejudex
308 3621 342 3684 in
361 3618 493 3703 propria
511 3636 627 3694 causa,
650 3635 745 3700 nego.
767 3617 899 3682 Nullum
917 3617 1045 3683 scilicet
1067 3615 1161 3682 adest
1176 3618 1222 3683 in·

119 3738 312 3814 couveniens,
331 3735 508 3803 Ecclesiam
524 3734 672 3821 judicare
688 3735 721 3799 in
736 3734 868 3817 propria
886 3753 991 3812 rausa,
1008 3733 1115 3818 posito
1131 3732 1219 3819 qnod

125 3859 232 3921 ertum
259 3855 303 3919 sit
323 3872 394 3918 eam
417 3871 583 3937 nunquam
608 3850 669 3916 sibi
689 3870 781 3936 posse
807 3850 954 3917 tribuere
974 3870 1045 3936 quae
1073 3869 1131 3915 sua
1153 3870 1218 3916 non

126 3977 183 4034 sunt
199 3993 206 4036 ε
223 3989 324 4055 porro
344 3970 418 4035 talis
436 3976 503 4047 est,
525 3969 568 4035 ob
586 3987 677 4033 suam
692 3968 725 4033 in
740 3966 917 4052 judicando
941 3966 1215 4045 infallibilitatem,

128 4079 253 4154 Ecclesia
272 4086 428 4154 conditio.
449 4089 535 4163 Imo,
558 4104 633 4151 cum
655 4084 736 4151 duas
755 4104 922 4170 supremas
935 4091 1114 4168 potestates
1129 4085 1220 4150 Deus

128 4194 271 4274 inmundo
282 4205 502 4283 constituerit,
517 4223 652 4271 necesse
668 4211 719 4271 est
734 4205 927 4270 alterutram
940 4222 1034 4288 posse
1050 4204 1220 4271 conflictus

130 4304 334 4390 ildadiotionis
362 4319 450 4385 inter
474 4323 646 4403 utramque
673 4316 849 4395 dirimere,
874 4335 948 4382 oum
975 4335 1042 4381 non
1072 4315 1219 4381 instituta

132 4422 209 4502 fucrit
222 4439 318 4507 ter-tia
334 4439 442 4524 aliqua
461 4443 615 4523 potestas,
638 4434 767 4503 duobus
783 4434 853 4502 aliis
871 4433 1031 4522 superior,
1049 4452 1120 4520 quae
1134 4431 1220 4520 judi-
