2714 4980
138 295 201 360 274
481 308 668 356 raucrsrns
689 309 734 356 nn
756 309 903 356 sumens.

137 436 238 502 alleri
258 438 376 518 potest.
404 432 489 514 Quin
506 432 572 497 imo
593 433 719 497 etiarnsi
740 431 891 498 subditus
918 432 1044 498 ratione
1073 430 1235 514 domicilii,

134 570 150 616 ι
164 560 257 619 extra
270 551 470 617 territorium
485 548 661 634 delinquat,
674 548 778 634 judex
793 548 945 615 domicilii
964 551 1084 632 punire
1099 568 1175 616 eum
1190 569 1237 633 po

135 668 243 748 «test,
268 675 303 732 et
322 666 557 731 contumaciter
575 666 743 731 absentem
764 668 1056 733 excommunicare.
1076 666 1158 733 llam
1176 686 1237 732 cun

135 784 453 851 «excommunicatio
469 783 672 847 invisibiliter
689 781 768 867 liget
785 785 937 862 animam,
955 782 1028 869 ejus
1045 784 1197 850 executio
1209 783 1238 848 nt

134 924 153 966 ιι
167 904 234 967 sine
244 900 383 983 strepitu
392 897 574 983 judiciario,
588 898 737 983 'adeoque
746 918 807 982 per
816 919 887 964 eam
899 902 1040 965 alienum
1049 894 1237 966 territorium

131 1038 226 1084 cnon
236 1017 387 1083 violatur.
404 1013 507 1099 quue
523 1013 722 1093 extenditur,
741 1015 830 1100 quod
844 1034 910 1081 non
924 1022 1055 1081 trintum
1071 1016 1114 1082 ed
1125 1017 1235 1081 instat*

132 1134 241 1199 utiam
262 1133 316 1198 vel
336 1131 574 1196 accusationem
598 1132 700 1214 partis
721 1131 860 1210 offense,
887 1132 1064 1198 sedetiam
1084 1147 1127 1198 ex
1147 1130 1236 1197 officio

132 1251 338 1336 «inquirere,
357 1246 552 1332 procedere,
575 1255 609 1312 et
628 1247 705 1313 alibi
725 1268 784 1314 seu
808 1255 902 1314 extra
920 1250 1127 1314 territorium
1147 1244 1237 1313 deliu-

130 1364 316 1450 «quentem
334 1362 502 1428 subditum
513 1365 629 1446 punire
644 1371 753 1446 potest
764 1364 867 1449 jadex
879 1363 1043 1444 domicilii,
1060 1367 1089 1429 si
1106 1363 1235 1449 ojudice

129 1482 223 1547 ιιοιι
244 1479 405 1546 commissi
428 1479 536 1545 delict
513 1487 539 1545 tr
555 1499 620 1546 non
640 1481 680 1546 sit
701 1489 899 1564 preventus,
921 1489 959 1546 ut
974 1500 1015 1546 ex
1033 1481 1235 1547 communiori

128 1593 319 1663 «sententie
335 1596 412 1662 doct
399 1605 509 1662 torum
522 1595 625 1662 trudit
641 1598 866 1662 Covarruvias
874 1622 890 1658 r
907 1598 1157 1684 (Pirrhing,tin
1097 1599 1191 1662 ιιι
1206 1599 1232 1674 ι,

125 1715 149 1779 l.
169 1718 189 1779 2
205 1713 347 1791 decret
363 1732 396 1777 n.
418 1711 485 1797 ιι.)
503 1712 611 1778 ludex
625 1722 735 1779 tamen
747 1712 901 1778 domicilii
914 1734 980 1780 non
993 1721 1104 1797 potest
1116 1712 1233 1779 subdito

121 1848 179 1898 suo
189 1846 320 1914 poenam
335 1830 539 1913 corporalem
551 1837 646 1895 extra
661 1831 865 1895 territorium
881 1824 1040 1914 indigere,
1063 1837 1103 1895 ut
1120 1835 1234 1896 constat

123 1948 228 2031 capite
242 1947 358 2012 ultimo
372 1949 409 2009 de
423 1948 541 2010 Jurtsct.
560 1967 639 2010 omn.
649 1950 748 2028 judic.
956 2014 958 2019 ,

162 2067 208 2130 lla
219 2072 270 2128 est
283 2082 361 2146 ergo
373 2062 566 2146 regulariter
578 2064 627 2129 vis
638 2062 793 2128 domicilii
805 2063 1025 2142 habitationis,
1042 2071 1080 2127 ut
1094 2062 1181 2128 iuter
1190 2082 1234 2127 re

118 2181 184 2270 rios
196 2173 322 2265 judices
338 2175 405 2265 (qai
418 2173 563 2256 aliunde,
581 2186 706 2244 attenta
724 2179 833 2261 specie
849 2194 953 2244 cause
974 2185 1009 2243 et
1030 2182 1233 2260 personamm

122 2296 209 2360 inter
221 2312 300 2380 quas
317 2290 475 2372 vertitur,
495 2292 719 2378 jurisdictione
740 2315 806 2359 non
829 2294 953 2378 carent)
975 2294 1031 2360 ille
1052 2307 1183 2378 semper
1198 2294 1234 2358 ιιι

119 2414 318 2495 competens,
337 2408 425 2474 intra
441 2408 535 2494 cujus
549 2412 753 2475 territorium
769 2430 846 2476 reus
860 2409 1062 2476 domicilium
1080 2408 1234 2496 ejusmodi

118 2527 228 2593 liabet.
256 2523 351 2590 Unde
366 2526 516 2610 quamvis
527 2535 717 2610 competens
731 2529 830 2592 etiam
851 2541 920 2592 esse
944 2527 1117 2611 aliquoties
1141 2530 1233 2610 possit

116 2642 219 2729 judex
240 2642 304 2708 loci
324 2643 357 2707 in
379 2659 444 2723 qno
468 2642 574 2707 iactus
598 2652 794 2723 contractus,
816 2644 871 2709 vel
897 2650 1064 2727 patratum
1085 2644 1232 2711 delictnm

117 2761 191 2839 fnit,
209 2761 264 2825 vel
277 2760 340 2825 sita
354 2767 404 2824 est
417 2776 472 2824 res
490 2759 532 2825 de
550 2776 613 2844 qua
627 2760 665 2824 lis
681 2768 834 2826 movetur
852 2762 900 2848 (ut
914 2760 1014 2826 'modo
1028 2758 1229 2845 ridebimus),

118 2876 179 2942 hoc
195 2884 305 2941 tamen
320 2893 387 2938 non
400 2874 539 2958 impedit
550 2875 628 2959 quin
642 2875 736 2941 simul
751 2883 786 2941 et
801 2877 1000 2942 cumulative
1014 2885 1096 2942 tnnc
1113 2890 1232 2960 compe

116 3002 190 3059 tens
208 2993 249 3058 sit
264 2990 367 3076 judex
382 2989 547 3069 domicilii,
567 2998 602 3056 et
615 3009 724 3056 eoram
740 2992 810 3076 ipso
824 2999 919 3058 reum
939 2994 1117 3059 convenire
1139 2994 1231 3079 possit

117 3119 220 3188 actor,
236 3111 264 3173 si
278 3104 379 3174 malit.

159 3222 357 3290 Prtedl'ctnr'n
373 3222 483 3289 autem
498 3222 650 3290 effectum
665 3223 818 3308 producit
832 3225 883 3289 vis
898 3223 1057 3291 domicilii
1072 3226 1230 3293 hahardo

115 3341 165 3409 riis
181 3343 313 3427 proprie
332 3339 428 3419 dicti,
450 3341 575 3405 etiamsi
595 3360 673 3405 reus
696 3341 730 3404 in
748 3343 822 3406 loco
843 3341 996 3408 domicilii
1012 3344 1068 3407 sui
1082 3355 1149 3410 non
1168 3343 1228 3410 exi2

116 3467 202 3525 stat:
220 3464 328 3542 potest
343 3458 429 3521 enim
444 3457 539 3522 citari
557 3456 685 3534 absens,
705 3463 749 3534 et,
768 3457 795 3520 si
807 3459 1045 3523 contumaciter
1061 3462 1130 3525 non
1149 3472 1227 3526 com*

114 3581 240 3661 pareat,
263 3571 414 3636 immissio
435 3571 469 3634 in
489 3570 573 3635 bonu
593 3569 742 3653 ejusdem
766 3570 842 3635 fieri
862 3569 1050 3656 (utconstat
1068 3588 1111 3639 ex
1129 3575 1224 3658 capite

116 3699 264 3770 Consum,
292 3691 330 3752 dc
357 3690 434 3751 Dolo
460 3695 490 3750 ct
518 3684 730 3770 contumacia),
762 3694 796 3751 et
826 3688 987 3752 sententia
1016 3691 1222 3771 pronuntiari.

117 3834 134 3872 ιι
148 3809 241 3875 Ratio
266 3812 334 3882 est,
363 3804 407 3867 ait
432 3801 721 3886 Sohmalzgrueber
748 3802 791 3889 (in
817 3804 868 3867 tit.
897 3807 928 3882 ⁸2,
958 3803 1015 3869 lib.
1044 3808 1064 3870 2
1090 3804 1220 3883 decret,

117 3952 133 3990 ιι
146 3946 179 3991 ιι.
192 3920 271 4008 15),
289 3920 364 4006 quia
377 3938 439 4002 per
456 3919 565 3984 forum
581 3919 738 3985 domicilii
759 3919 798 3984 fit
819 3922 893 4005 quis
910 3921 1060 3988 absolute
1082 3924 1222 3990 subditus

115 4041 246 4130 «Judici
270 4058 329 4105 seu
352 4037 553 4120 magistratui
573 4038 649 4116 loci,
676 4045 711 4102 et
735 4039 810 4103 talis
835 4048 946 4106 manet
971 4059 1177 4128 quocumque
1194 4040 1219 4105 io

115 4160 217 4227 «loco
231 4158 359 4236 existat,
377 4153 441 4218 nisi
455 4157 633 4219 mutaverit
648 4153 862 4220 domicilium.
880 4178 896 4217 ι

157 4275 362 4357 Excipiturt
361 4290 459 4336 amen
480 4290 499 4334 a
521 4269 679 4354 praedicta
698 4272 842 4354 generali
864 4273 1008 4356 regulo:
1033 4277 1066 4340 1⁰
1083 4272 1171 4341 Uxor
1187 4277 1218 4336 ct

112 4392 224 4470 vidua,
241 4407 313 4476 quae
330 4386 552 4453 convenienda
572 4390 677 4453 estin
701 4389 774 4454 loco
796 4387 950 4455 domicilii
968 4391 1137 4471 maritalis,
1159 4389 1217 4456 ubi
