2714 4980
455 340 458 347 .
559 305 639 353 raas
660 306 775 354 rmus.
1156 296 1218 360 323

102 427 252 493 Praelatis
268 425 460 512 majoribns3
476 427 641 513 llpisaopis
658 449 776 514 nempe
792 430 961 497 ethorum
980 434 1214 517 superioribus.

104 541 416 628 (Schmalzgruebcr,
433 544 505 610 loco
525 545 635 623 citato,
653 565 685 610 n.
706 544 776 630 40.)

145 661 183 722 θ’
198 657 293 724 Idem
307 657 483 725 meandum
498 658 540 725 de
555 662 717 746 scriptura
730 663 869 745 privata,
882 663 1015 747 publico
1030 666 1134 750 sigillo
1154 660 1235 733 mu-'

99 775 185 852 nita,
205 773 305 840 modo
324 775 419 841 simul
434 776 596 860 requisitis
610 797 628 842 u
642 776 707 842 loci
721 778 960 845 consuetudine
980 781 1167 848 satisfaciat.
1189 784 1222 848 Si

98 894 213 954 autem
231 890 351 956 babeat
367 896 496 957 tantum
513 893 653 976 sigillum
671 911 816 976 persona
836 897 984 978 privata,
1003 898 1159 981 probabit
1172 914 1223 966 so⁴

97 1006 170 1072 lum
186 1013 304 1073 contro
321 1007 404 1073 hanc
419 1024 601 1092 personam,
620 1009 647 1073 si
665 1007 793 1075 dictam
811 1010 953 1095 sigillum
967 1029 1029 1096 pro
1045 1031 1104 1079 suo
1125 1033 1223 1099 agno·

102 1130 187 1188 scat.
941 1106 946 1114 ’

146 1241 183 1304 4⁰
207 1236 291 1305 Item
307 1241 438 1322 plenam
451 1236 553 1306 iidem
571 1239 695 1306 iaciunt
712 1241 787 1307 libri
801 1242 982 1308 officialium
996 1245 1216 1327 publicorum,

99 1354 213 1440 questi
234 1374 275 1420 ea
295 1363 367 1441 quae
392 1354 436 1420 ad
456 1357 586 1422 illorum
610 1355 748 1422 officium
774 1359 954 1441 pertinent.
976 1362 1016 1425 Et
1039 1362 1102 1440 sio,
1126 1360 1222 1427 verbi

99 1472 224 1554 glutit,
243 1472 482 1537 matrimonium
500 1472 596 1555 plene
617 1473 777 1555 probatur
791 1473 993 1540 celebratum
1009 1475 1125 1555 fuisse,
1144 1479 1171 1541 si
1185 1476 1221 1542 id

100 1586 328 1668 eomignatum
349 1606 368 1651 a
385 1586 527 1670 parocho
542 1589 596 1654 vel
617 1588 679 1652 alio
699 1587 742 1653 ad
759 1586 795 1653 id
811 1588 969 1672 deputato
986 1593 1172 1675 reperiatur
1188 1593 1222 1656 in

100 1701 191 1771 barn
204 1703 499 1769 matrimoniorum.

149 1824 185 1885 5⁰
206 1820 297 1886 Libri
322 1818 531 1884 ecclesiarum
554 1825 588 1884 et
611 1821 897 1900 monasteriorum,
926 1840 997 1906 quae
1023 1821 1077 1906 jus
1101 1825 1222 1907 publici

103 1935 242 2002 archivii
254 1950 320 1999 non
334 1934 466 2011 babent,
483 1932 719 1999 fidem'faoiunt
732 1943 846 2000 contra
859 1935 930 2001 illas
945 1936 1097 2003 ecclesias
1112 1947 1146 2004 et
1159 1959 1224 2006 mo·

102 2052 266 2129 amaena,
292 2053 368 2136 quia
394 2051 540 2134 ipsorum
567 2050 759 2116 confessioni
785 2051 998 2136 equivalent3
1022 2072 1088 2119 non
1112 2063 1224 2121 autem

106 2172 224 2235 mutia
242 2168 332 2233 ulios.

145 2278 186 2351 6⁶
209 2284 350 2350 Possunt
374 2289 464 2349 certa
491 2283 707 2348 instrumenta
731 2283 868 2366 privata,
892 2302 963 2367 qua
986 2284 1065 2349 alias
1086 2283 1128 2349 de
1150 2284 1225 2369 jure

104 2399 270 2467 communi
292 2400 531 2462 uutbeutieorum
552 2398 618 2462 vim
635 2416 701 2461 non
716 2397 884 2476 baberent,
908 2417 980 2463 eam
992 2401 1058 2464 vim
1075 2418 1135 2482 per
1151 2420 1227 2466 con-

105 2499 316 2581 suetudinem
337 2514 479 2596 regionis
501 2512 682 2597 acquirere.
712 2512 844 2578 Constat
862 2533 903 2579 ex
922 2515 1027 2597 capite
1051 2519 1126 2580 Cum
1151 2520 1227 2581 dile-

105 2636 176 2695 ctus·
190 2630 234 2716 (9,
256 2632 293 2693 ue
309 2632 383 2693 Fide
398 2626 690 2712 instrumentorum).

147 2748 194 2813 Π.
220 2745 270 2812 Aa
283 2747 502 2832 questionem,
523 2753 667 2826 quuutum
674 2749 802 2828 probem
814 2752 1015 2810 iustrumenta
1025 2755 1152 2828 privato
1167 2768 1226 2812 uou

106 2867 280 2930 utmutua
312 2862 417 2948 (verbi
432 2861 546 2944 gratia,
573 2862 739 2926 cautiones
761 2862 848 2944 parti
864 2870 990 2944 aparte
1010 2861 1106 2940 data,
1128 2865 1228 2928 ratio-

107 2998 163 3044 nes
177 2986 213 3044 et
226 2978 363 3061 registra
382 2978 595 3060 privatorum,
614 2976 756 3059 epistola
778 2996 836 3041 seu
858 2976 977 3041 litterae
993 2975 1154 3060 missirae),
1174 2997 1228 3043 re·

105 3092 288 3178 spondetur
304 3096 516 3174 :Repulortter
527 3092 668 3175 probant
682 3100 796 3157 contra
809 3091 1007 3158 scribentem
1022 3094 1078 3176 qui
1089 3096 1227 3176 scriptu-

105 3219 176 3277 ru'm
208 3228 270 3294 pro
299 3222 356 3275 sua
385 3210 546 3293 agnoscit;
573 3229 637 3273 non
668 3217 778 3274 autem
806 3209 840 3272 in
866 3209 1013 3274 favorem
1043 3209 1226 3276 scribentis.

103 3327 254 3392 Dicimus
268 3328 471 3406 reputamur:
492 3325 587 3389 multi
600 3325 686 3388 enim
701 3342 794 3389 casus
809 3324 850 3389 ab
869 3323 929 3389 hac
950 3325 1094 3407 generali
1113 3326 1228 3408 regula

103 3439 329 3522 excipiuntur,
356 3455 437 3523 quos
453 3435 530 3504 vide
552 3437 639 3522 apud
659 3439 951 3524 Schmalzgrueber
973 3440 1017 3526 (in
1036 3441 1088 3505 tit.
1115 3441 1229 3517 1111-

102 3556 191 3623 bria
207 3554 432 3632 decretalium,
452 3575 485 3619 n.
507 3553 573 3639 55).

148 3672 305 3753 Qumsuto
324 3673 367 3734 5¹.
381 3706 427 3720 —-
442 3674 592 3751 Quomodo
607 3677 781 3752 impupuuri
800 3676 920 3752 possint
944 3675 1169 3734 iustrumenta?
1183 3705 1229 3721 -

103 3789 229 3854 Contra
246 3788 464 3852 instrumenta
484 3789 590 3870 excipi
610 3794 720 3869 potest
741 3785 914 3868 multiplici
937 3785 1046 3864 modo,
1071 3805 1188 3869 nempe
1218 3809 1225 3850 :

99 3911 217 3989 primo,
236 3903 361 3968 ratione
376 3921 472 3965 eousoe
487 3903 659 3982 efficientem
675 3900 901 3985 quod-scilicet
918 3899 1093 3966 conficiens
1110 3902 1231 3965 instru-

102 4018 256 4086 mentum
272 4033 336 4082 non
351 4018 452 4084 luerit
468 4019 629 4101 notarius;
641 4010 783 4097 secundo,
800 4017 925 4082 ratione
941 4037 1037 4080 ceusu
1046 4020 1230 4097 materiatum

103 4134 197 4222 quod
217 4135 344 4200 scilicet
359 4151 458 4218 super
475 4134 533 4198 tali
551 4134 681 4217 negotio
700 4154 766 4199 non
784 4135 929 4217 potuerit
950 4135 1092 4216 legitime
1111 4135 1233 4199 instru-

103 4254 257 4320 mentum
277 4251 408 4334 confioi3
430 4257 530 4330 tertio,
555 4252 681 4315 ratione
706 4271 801 4313 cause
823 4252 977 4330 formulis·
998 4249 1089 4334 quod
1109 4251 1233 4316 scilicet

102 4390 171 4437 non
198 4369 317 4435 habeat
342 4370 479 4434 formam
498 4389 555 4434 seu
576 4368 796 4432 solemnitates
821 4366 1009 4451 requisitam
1038 4377 1156 4449 quarto,
1185 4388 1233 4433 ra-
