2714 4980
117 281 181 344 506
468 290 655 339 TBACTATUS
677 293 722 338 ΒΕ
743 293 892 343 runicus.

115 421 214 505 gium,
228 437 289 502 per
306 419 483 501 scripturas
497 435 615 500 nempe
627 419 743 483 suasin
758 417 830 484 foro
842 421 941 485 ctiam
957 420 1181 486 ecclesiastico
1194 421 1209 485 t
1223 459 1235 470 -

117 536 225 602 ciendi
241 532 337 600 [idem
352 535 525 618 publicam.

162 649 257 717 Unde
270 651 303 714 in
323 649 419 715 dictis
434 649 632 733 regionibus,
654 651 682 714 si
700 651 780 716 velit
797 650 901 734 judex
923 653 1169 718 ecclesiasticus
1188 655 1236 718 ali-

119 766 212 852 cujus
227 786 268 833 ex
285 767 354 831 istis
368 767 502 831 notariis
516 782 617 847 opera
633 767 694 842 uti,
712 767 817 831 tutius
831 769 950 833 saltem
965 769 1035 834 crit
1057 767 1236 834 adnitenda

118 885 204 950 circa
219 883 362 950 valorem
376 891 509 947 actuum
521 881 631 960 dubia,
644 889 683 947 ut
700 884 791 965 prius
805 884 831 947 is
847 885 1029 968 episcopali
1044 885 1233 950 auctoritate

116 1000 262 1066 notarius
276 1006 420 1076 creetur,
438 996 556 1064 eodem
573 996 672 1063 modo
688 1017 726 1063 ac
740 999 767 1063 si
781 1000 912 1064 minime
931 1003 1084 1066 notarius
1100 1007 1197 1067 esset.

630 1258 645 1328 ,l
670 1255 740 1317 Vll.

201 1485 298 1533 Ubinam
313 1498 325 1530 u
340 1484 429 1531 notario
444 1485 597 1531 instrumenta
608 1484 684 1532 valide
696 1484 777 1533 confici
792 1487 882 1547 possint
896 1501 902 1533 :
918 1495 942 1535 et
956 1487 1036 1535 valide
1051 1487 1164 1545 conlecta,

533 1578 627 1626 ubinam
642 1577 710 1627 udan
725 1577 819 1628 faciant.

164 1808 362 1873 Psorosrrro
379 1805 418 1870 1¹.
435 1843 480 1852 -
502 1810 647 1871 Notorr'ns
669 1809 794 1887 quilibet
820 1813 1024 1871 instrumento
1055 1811 1160 1873 aalide
1184 1830 1233 1872 non

118 1923 251 2002 conficit,
279 1926 341 1984 nisi
363 1926 446 1984 intro
469 1927 656 1986 territorium
680 1925 766 1986 illins
783 1928 980 2004 magistrates
996 1943 1017 1985 o
1032 1945 1092 2004 pao
1107 1931 1234 1988 notarim

118 2046 236 2102 creatos
253 2045 308 2100 est.
325 2072 371 2085 -
385 2035 426 2100 ld
449 2045 603 2121 tanquam
622 2038 809 2120 generalem
832 2038 980 2120 regulam
1005 2059 1026 2102 a
1053 2037 1237 2105 doctoribus

119 2153 336 2220 communiter
360 2151 536 2218 admissum
561 2153 717 2236 reperies.
744 2154 914 2219 Rationem
931 2153 1024 2231 dant,
1046 2158 1236 2221 notariatum

119 2288 189 2336 esse
202 2268 340 2334 officium
358 2287 417 2333 seu
431 2269 646 2335 ministerium
665 2269 845 2353 publicum.
861 2293 878 2330 o
897 2259 1048 2335 Officium
1064 2279 1238 2357 autempu·

121 2385 272 2451 «blisum
288 2383 440 2468 restringi
448 2385 531 2450 solet
542 2385 627 2449 intra
641 2386 797 2450 terminos
815 2387 955 2469 regionis
969 2387 1059 2453 illius
1073 2386 1133 2473 (l),
1148 2407 1167 2453 a
1182 2405 1237 2472 quo

121 2525 137 2562 n
157 2499 318 2578 defertur,
339 2517 445 2584 neque
459 2505 553 2564 extra
570 2499 660 2565 illam
675 2499 885 2584 extenditur3
907 2500 1060 2585 adeoque
1074 2511 1171 2568 extra
1181 2511 1237 2568 ten

122 2645 138 2680 o
154 2617 302 2682 ritorium
319 2616 544 2681 constituentis
559 2617 704 2681 minister
719 2617 872 2699 publicus
891 2624 1050 2683 censetur
1074 2639 1149 2685 esse
1171 2638 1237 2702 per·

123 2757 139 2795 a
158 2753 235 2799 sona
250 2734 389 2816 privata.
403 2756 419 2794 u
436 2732 608 2819 (Pirrhing
625 2733 660 2798 in
673 2734 805 2799 titulum
820 2737 872 2810 Ὦ,
892 2734 969 2799 libri
982 2732 1234 2811 adserendum,

120 2870 154 2915 n.
172 2847 238 2933 11.)
259 2850 335 2914 llaec
355 2856 464 2914 tamen
481 2849 645 2916 conclusio
663 2849 875 2934 intelligenda
898 2858 948 2916 est
971 2854 1173 2931 reputantem·
1192 2870 1238 2934 pa·

123 2965 205 3032 titur
223 2965 309 3030 enim
330 2963 486 3049 quasdam
506 2964 726 3042 limitationes,
748 2963 927 3050 dequibus
951 2967 985 3029 in
1006 2969 1160 3051 sequenti
1175 2986 1238 3051 pro

124 3081 293 3166 positione,
320 3080 465 3145 scilieet:

164 3197 499 3265 Pn0r0s1r10H³.-—
519 3192 648 3273 Gontioit
673 3203 772 3259 ranno
793 3199 895 3259 oolr‘ole
921 3203 1128 3263 instrumento
1157 3205 1237 3262 cetra

122 3320 306 3379 territorium
322 3322 408 3377 aaron
426 3312 482 3400 (2),
505 3316 537 3378 1ο
556 3319 583 3375 si
596 3319 641 3376 tto
654 3316 734 3392 tarot
749 3316 860 3378 alieubi
874 3317 1073 3393 consuetudo·
1089 3317 1125 3379 2⁰
1141 3321 1237 3379 sicone

121 3436 376 3512 acnte'otprr'nceps
392 3433 469 3510 looi;
484 3433 518 3494 3⁰
530 3432 728 3511 probabiliter
740 3435 778 3508 si,
793 3433 860 3493 licet
875 3435 1007 3494 existens
1021 3439 1115 3494 entre
1130 3437 1238 3497 territo

121 3553 201 3610 rinno
208 3568 307 3627 annm,
318 3553 517 3611 instrumento
532 3547 672 3624 conficiet
675 3566 734 3628 pro
740 3550 872 3630 ejusdem
888 3552 1039 3610 territorio·
1053 3554 1101 3611 sni
1116 3551 1237 3613 nrbditr's

121 3670 155 3727 tn
172 3667 205 3727 ot
217 3666 476 3727 consentientibus.
492 3699 538 3710 -
552 3685 567 3721 o
585 3664 829 3739 Verumtamen,
847 3661 893 3727 ait
911 3661 1076 3746 Pirrhiag,
1093 3682 1157 3746 per
1172 3682 1238 3728 con-

124 3778 361 3861 «suetudinem
382 3777 614 3854 introductam,
633 3778 688 3843 vel
716 3796 777 3860 per
800 3777 936 3843 tacitum
960 3775 1155 3844 consensum
1183 3797 1235 3844 seu

123 3919 139 3958 a
158 3897 397 3962 concessionem
413 3894 550 3979 alicujus
565 3895 728 3978 principis,
746 3895 856 3976 potest
869 3894 1015 3960 notarius
1034 3897 1136 3962 etiam
1152 3903 1236 3961 entra

156 4182 192 4247 (l)
209 4185 295 4246 Nempe
309 4183 380 4233 illins
393 4181 574 4246 mantenano.

156 4277 189 4342 (2)
209 4277 362 4340 lntelligimus
375 4278 519 4327 territorium
532 4277 596 4327 illius
611 4277 761 4342 magistratus
773 4289 786 4324 a
800 4289 846 4344 quo
862 4275 969 4324 notamus
985 4279 1079 4325 oreatus
1096 4279 1140 4325 est.
