2714 4980
469 111 591 165 nans
614 113 776 165 mauras.
835 130 839 139 ·
1095 97 1191 165 tit

76 242 187 305 earet
198 233 394 323 «ispum
400 247 486 311 cuns
502 238 724 307 omtanbcsa
732 239 842 314 totius
849 237 1052 325 Epmscpetia
1059 237 1193 393 irruit

75 349 259 423 wilm*
248 368 295 422 u'tt
399 409 401 413 .
511 404 513 408 .
1195 388 1199 397 ·

121 488 139 528 «
153 465 356 535 Gumautem
359 408 704 554 ,postennumcbristi
715 406 919 536 millesimum
922 471 1199 555 ,copimantEpie

77 583 201 668 «scapi
215 602 384 654 accersere
398 585 460 653 sibi
476 586 624 654 Vioaiios
637 587 818 670 generales,
837 605 919 671 quos
934 585 977 654 ad
991 593 1109 655 nutum
1122 604 1197 671 pos-

76 705 184 769 «sem
197 699 883 782 enumcrare,.etoffieu1ee,trentdueont
897 722 1028 790 qnoque
1042 704 1198 787 perstatim

77 815 243 900 «spoliat
263 818 550 904 cuperentque
572 818 789 904 latissimaque
812 819 1011 887 authoritate
1030 822 1096 887 itb.
1124 821 1200 902 Quo

77 931 238 1003 «tutum
247 939 310 1011 est,
327 940 377 1012 ut,
393 933 617 1018 preeuntibus
628 934 838 1003 emotionem
853 936 990 1020 placitis,
1005 955 1062 1004 eos
1079 936 1124 1002 ed
1137 936 1196 1002 bas

73 1072 92 1111 c
102 1049 269 1133 maestus
288 1048 470 1140 adegerint,
485 1058 522 1117 cs
540 1054 688 1119 modicam
700 1070 818 1134 penam
831 1058 951 1135 possiet
970 1056 1198 1135 imposterum

74 1168 145 1230 susi
173 1167 322 1230 vindicum
348 1173 463 1248 tempus
478 1171 702 1250 suspectae.»
730 1167 834 1253 (Vetas
860 1175 892 1232 et
915 1186 994 1232 coac
1016 1170 1192 1250 discipline,

72 1289 174 1366 parte
192 1287 225 1360 1,
238 1281 262 1347 t.
281 1285 313 1363 ἢ,
333 1284 475 1366 capto,
491 1303 524 1347 n.
547 1281 615 1367 tu.)

12 1449 13 1453 ,
120 1397 332 1476 «Getarum,
349 1417 416 1465 non
439 1399 639 1465 vicariorum
659 1398 829 1473 dumtaxat
845 1408 882 1466 et
900 1399 1082 1466 officialium
1106 1419 1199 1466 crea*

73 1541 92 1577 s
106 1517 209 1594 tione,
224 1520 316 1581 suum
330 1513 373 1581 ud
386 1535 421 1581 se
441 1516 594 1600 Episcopi
608 1515 866 1602 jurisdictionem
886 1535 1064 1602 revocare;
1081 1516 1198 1586 sedeo

73 1656 93 1694 c
106 1633 310 1718 potissimum
331 1631 560 1718 decretoque
579 1633 730 1712 voluere,
745 1653 787 1700 no
808 1635 975 1717 graviores
990 1633 1197 1720 majoresque

75 1768 229 1828 «musas,
256 1750 440 1833 presertim
467 1750 733 1828 matrimoniales,
760 1750 836 1816 alibi
863 1748 1019 1833 deinceps
1041 1767 1137 1834 quam
1163 1752 1200 1817 iu

76 1890 96 1929 c
107 1865 380 1950 Episcopab-iorc
399 1865 635 1951 diffinirentur3
658 1886 732 1932 cum
751 1875 827 1932 ante
846 1864 888 1931 de
913 1866 952 1930 iis
973 1864 1200 1941 brebidiaconi

80 1981 335 2068 «iudicarent»
349 1980 464 2068 (thid,
482 2002 515 2046 n.
539 1979 606 2067 tu.)

125 2099 177 2164 Ex
195 2092 244 2163 bis
262 2097 460 2164 Thomassmi
482 2099 626 2176 assertis,
642 2098 677 2162 in
698 2117 836 2184 quorum
851 2098 1077 2182 probationem
1096 2099 1201 2166 mults

76 2233 175 2282 mora
186 2232 246 2280 suo
257 2213 454 2287 documenta
472 2215 612 2299 profert,
628 2216 706 2281 satis
721 2221 813 2298 patet
828 2215 909 2300 quid
926 2217 1114 2282 mutationis
1132 2217 1203 2300 epi«

76 2333 229 2418 scopalcs
246 2332 345 2399 'curia
368 2333 539 2411 subierint,
558 2352 600 2398 ex
618 2333 803 2399 substitutis
825 2335 958 2400 Vicariis
979 2333 1196 2419 generaiibm,

75 2449 247 2517 inlocum
272 2447 591 2514 Arcbidiaconorum.
614 2449 686 2515 Non
710 2450 817 2515 minus
839 2451 961 2516 scilicet
983 2469 1080 2535 quam
1102 2456 1204 2516 autea-

76 2566 200 2644 extitit,
216 2573 336 2650 preater
346 2567 553 2651 Episcopum,
567 2565 751 2632 ordinarius
763 2565 877 2651 judex,
894 2567 950 2651 qui
964 2566 1199 2632 contentiosam

73 2679 336 2767 jurisdictionem
351 2687 543 2764 exerceret3
560 2680 620 2747 sed
640 2682 680 2758 is,
698 2701 772 2747 cnm
791 2690 886 2748 antea
903 2691 1084 2766 perpetuus
1098 2686 1202 2761 essct,

73 2797 111 2861 iu
122 2797 341 2864 revocabilem
357 2805 503 2863 mutatus
522 2803 594 2863 est:
612 2805 721 2863 amoto
736 2797 981 2878 Archidiacouo‚
998 2799 1055 2883 qui
1076 2799 1111 2862 in
1131 2797 1201 2867 offi-

74 2915 131 2980 cio
147 2919 328 2996 perpetuus
347 2921 432 2991 erat,
446 2931 508 2996 pro
530 2911 686 2979 tribunali
705 2913 792 2980 sedit
807 2915 952 2981 vicarius
973 2913 1199 2998 generalis-ari

74 3036 196 3096 nutum
209 3029 359 3113 Episcopi
370 3028 578 3096 revocabilis:
592 3050 657 3096 non
668 3029 833 3099 sublatum
844 3030 999 3110 bibunsi,
1014 3030 1075 3097 sed
1089 3031 1199 3116 potius

74 3147 203 3220 mutata
219 3139 339 3226 judicis
353 3141 510 3208 emditio.
534 3142 613 3224 Qua
636 3141 811 3226 discipline
829 3144 1021 3223 immutatio,
1041 3144 1199 3228 paulatim

73 3264 248 3342 coeptt,.ct
259 3255 386 3324 docimo
399 3258 499 3327 tertio
515 3257 650 3331 tandem
667 3260 787 3326 sacculo
799 3261 870 3331 iere
882 3261 1004 3346 ubique
1020 3261 1193 3344 completa,

73 3377 286 3459 inquantum
299 3375 449 3442 Ecclesia
467 3375 589 3443 bouum
612 3379 758 3457 messuit,
773 3379 881 3462 palam
898 3379 1022 3445 faciunt
1042 3378 1131 3464 opud
1149 3379 1202 3444 bt:

73 3491 198 3559 starioc
205 3500 425 3572 monumenta,
441 3495 587 3562 exitiales
598 3494 731 3574 abusus,
744 3494 789 3562 ad
803 3514 884 3582 quos
896 3496 1077 3580 priscorum
1090 3494 1198 3563 Ambi-

73 3607 299 3688 dioeoncrum,
314 3608 407 3676 officii
418 3611 469 3677 sui
483 3612 705 3695 perpetuitate
715 3612 890 3691 fretorum,
903 3613 1000 3679 elatio
1015 3614 1050 3678 in
1065 3613 1198 3697 Episco->

73 3745 137 3812 pos
156 3733 257 3812 atqua
274 3725 436 3793 acerbitas
451 3727 665 3795 devenerant.
683 3730 801 3795 Merito
816 3727 1000 3814 dejicienda
1019 3728 1083 3807 tuit
1098 3746 1194 3794 exere

74 3844 453 3929 numerosaeque
478 3843 544 3930 jam
565 3862 631 3910 nou
655 3845 690 3908 io
711 3843 867 3930 juvamen
887 3844 1048 3929 Episcopi,
1073 3843 1136 3910 sed¹
1162 3845 1197 3910 in

74 3958 358 4044 impedimentum,
378 3978 452 4025 nou-
469 3960 503 4024 in
525 3957 781 4039 oedificationem,
803 3959 920 4027 sedin
940 3959 1207 4027 destructionem

73 4083 230 4143 cesserat.
252 4075 425 4154 ssaeternm,
451 4077 527 4160 qnia
545 4076 737 4143 recentioris
753 4077 964 4144 institutionis
978 4084 1058 4144 sunt
1077 4077 1196 4147 Viearii

72 4191 255 4278 gonew
271 4191 396 4271 bostra
406 4190 584 4284 qusquam
596 4191 639 4266 te
651 4209 765 4267 eorum
780 4191 884 4267 officio
897 4193 931 4263 iu
943 4193 1089 4292 quisqam
1102 4193 1204 4270 libris·
1281 4261 1283 4265 ,
