2714 4980
128 286 171 350 66
472 297 659 351 undantius
680 300 724 350 DE
745 300 892 353 ionicus.

127 426 291 494 confixum
304 425 404 493 fuisse
418 426 610 494 heterodoxi
619 430 749 497 loannis
767 432 877 516 Nuytz
892 437 1047 517 systema,
1066 429 1158 518 quod
1181 446 1249 500 sus

123 546 246 612 tineam
260 546 439 611 Ecclesiam
459 552 506 610 vis
526 548 690 628 icfermdoe
710 556 891 631 potestatem
912 569 973 614 coo
991 551 1108 614 maere.
1127 550 1247 617 Dictus

124 670 234 729 autem
258 662 424 747 professor
441 663 595 729 Ecclesiae
620 683 685 730 non
712 664 886 750 denegavit
905 667 971 732 vim
987 669 1247 734 excommunica·

123 781 229 847 tiones
241 787 276 847 et
290 781 368 847 alias
380 800 472 848 mere
490 780 674 864 spirituales
688 800 802 867 poenas
818 781 1029 850 decernendi.
1047 784 1135 870 Ergo
1152 787 1187 852 in
1204 805 1245 854 eo

122 918 220 966 sensu
235 898 407 966 damnatus
422 907 482 980 est,
501 898 589 984 quod
608 907 801 984 potestatem
815 919 877 986 per
896 902 1095 987 temporales
1116 908 1153 971 et
1176 919 1244 972 coo-

122 1018 250 1103 porales
265 1036 377 1102 poenas
394 1017 604 1084 coercitivam
617 1019 798 1103 negaverit.
1051 1102 1065 1125 θ
1089 1093 1092 1099 ,

164 1136 305 1204 Attentis
323 1143 433 1202 autem
451 1135 615 1221 praedictis
639 1135 893 1218 definitionibus,
911 1157 977 1205 non
992 1138 1126 1207 videtur
1145 1140 1241 1208 etiam

119 1260 274 1339 tauquam
288 1253 492 1338 probabilem
505 1254 655 1319 sustineri
663 1254 828 1320 ullatenus
844 1273 939 1338 posse
955 1257 1151 1341 opinionem,
1170 1275 1240 1343 qua

120 1371 270 1436 Ecclesiae
287 1372 352 1436 vim
367 1371 545 1456 quamlibet
568 1390 629 1455 per
646 1353 758 1455 poenas
782 1374 981 1456 temporales
999 1381 1035 1440 et
1053 1372 1239 1459 corporales

74 1545 77 1550 .
120 1488 309 1566 coactivam,
326 1494 360 1553 et
378 1507 397 1552 a
416 1488 542 1552 Christo
569 1495 738 1571 acceptam
754 1487 894 1573 denegat
912 1511 920 1554 :
939 1490 1003 1556 imo
1019 1488 1155 1557 videtur
1176 1493 1238 1576 opi·

117 1607 171 1671 nio
188 1605 253 1684 illa,
272 1604 314 1670 ad
331 1606 436 1671 minius
452 1623 591 1671 erronea
605 1613 640 1671 et
659 1606 843 1685 temeraria,
862 1605 1013 1672 dicenda.
1034 1608 1105 1675 Non
1127 1615 1238 1674 tamen

118 1719 251 1787 videtur
277 1722 338 1805 ipsi
355 1722 441 1785 inuri
459 1739 554 1805 posse
573 1728 683 1786 notam
708 1721 880 1802 haereseos,
902 1724 1049 1807 quamvis
1070 1724 1237 1790 Suaresius

118 1838 311 1904 contrariam
322 1837 504 1903 doctrinam
513 1836 601 1903 dicat
613 1858 675 1902 assa
686 1841 723 1902 de
738 1839 815 1917 fide:
831 1840 912 1904 Nam
924 1841 958 1903 in
970 1840 1147 1923 praeallatis
1162 1839 1236 1907 defi·

116 1955 292 2021 ultionibus
309 1953 497 2020 declaratur
512 1952 645 2039 quidem
664 1953 816 2019 Ecclesiae
831 1963 1021 2038 competere
1040 1963 1235 2040 potestatem

117 2079 240 2136 externe
251 2079 281 2135 et
291 2076 440 2135 celeriore
448 2074 566 2156 judicio
580 2077 610 2134 et
621 2072 792 2134 salubribus
802 2077 901 2152 poenis
921 2076 1074 2137 camoenali
1087 2080 1177 2156 atquc
1190 2094 1235 2139 oo·

116 2191 229 2270 pendi;
246 2196 435 2255 nontamen
449 2190 610 2272 expressis
628 2189 775 2254 terminis
789 2187 931 2268 additur,
941 2210 999 2274 per
1016 2195 1195 2275 temporales
1207 2198 1235 2257 et

116 2303 283 2383 corporum
303 2321 418 2384 pocus.
437 2302 479 2366 llt
493 2302 641 2386 quamvis
666 2301 867 2385 apertisSime
890 2320 1005 2369 sensus
1019 2305 1074 2370 ille
1090 2306 1125 2370 in
1141 2304 1234 2372 dictis

117 2414 358 2483 delinitionibus
382 2417 580 2495 includatur,
614 2436 692 2500 cum·
715 2425 825 2483 tamen
847 2420 988 2503 propriis
1008 2423 1156 2488 temniuis
1170 2443 1234 2490 non

117 2533 330 2618 exprimatur,
344 2554 410 2600 uno
428 2536 544 2601 saltem
568 2535 752 2620 syllogismo
763 2553 844 2618 opus
858 2543 907 2601 est
920 2535 962 2600 ad
977 2556 1054 2604 eum
1070 2537 1235 2606 deducen-

114 2648 206 2717 dum.
226 2649 331 2736 Atque
353 2649 440 2730 ideo,
468 2649 565 2718 modo
587 2652 658 2736 quis
681 2657 844 2714 coactivam
866 2651 1020 2718 Ecclesiae
1036 2663 1232 2737 potestatem

116 2764 277 2845 admittat,
293 2768 390 2833 etiam
405 2769 431 2832 si
449 2767 606 2833 sustineat
620 2784 686 2830 non
700 2784 770 2832 esse
790 2768 969 2833 coactivam
980 2790 1038 2852 par
1056 2777 1233 2855 temporales

115 2892 145 2950 ea
157 2887 324 2967 corporales
341 2905 458 2968 ponas,
476 2884 651 2950 hereticus
668 2902 733 2949 non
748 2884 811 2948 erit
827 2881 1005 2952 dicendus:
1024 2889 1096 2954 Non
1107 2897 1228 2970 tamen,

113 3009 151 3067 ut
173 3000 324 3087 dirimas,
340 3001 429 3067 licite
446 3000 629 3067 istiusmodi
647 3000 788 3082 opinioni
807 2996 997 3080 adhaerebit,
1021 3022 1097 3070 oum
1116 3008 1230 3074 saltem

115 3125 153 3182 ut
167 3136 304 3185 erronea
319 3124 354 3183 et
366 3120 541 3184 temeraria
555 3115 705 3183 habenda
720 3115 771 3180 sit.
