2714 4980
524 334 604 381 rius
627 333 740 380 eamn.

534 624 667 692 CAPUT
687 627 730 691 11.

88 897 219 957 QUAESTIO
242 899 285 945 An
309 898 385 957 QUIS
414 896 464 944 slr
487 893 695 954 COMPETENS,
721 894 924 945 uesocvmun
946 897 978 945 ut
1003 895 1123 944 mett:
1149 896 1192 945 ΔΙ

122 1011 195 1074 Qms
221 1010 495 1062 tunlsmcuoltnm
524 1011 598 1058 SIVE
624 1010 830 1058 odornensem
853 1011 926 1059 SIVE
948 1009 1192 1058 samonum-

120 1129 200 1177 amnt
219 1128 351 1175 HABEAT
374 1128 407 1175 ΙΝ
430 1125 541 1173 ruam
564 1125 689 1173 nstrum
713 1125 929 1174 PERSOMRUM
952 1125 1093 1174 CAUSAM.

122 1390 150 1454 Ι.
167 1391 372 1469 competentia
383 1385 462 1448 nint!
473 1386 561 1448 alind
573 1391 617 1447 est
629 1403 717 1466 qnam
728 1385 1047 1466 ipsametjnrisdr‘ctr'o.
1056 1383 1191 1451 —Nam

89 1503 128 1572 ilc
137 1502 242 1590 judex
257 1508 446 1586 competens
462 1500 581 1567 dicitur
594 1499 652 1586 qui
666 1507 864 1584 potestatem
879 1499 978 1565 habet
991 1499 1046 1586 jus
1060 1499 1192 1567 dicendi

89 1619 192 1685 nlibus
212 1618 360 1701 personis
377 1615 485 1702 quoad
510 1616 620 1682 talem·
631 1616 800 1681 materiam
822 1635 881 1680 sen
905 1615 1007 1681 talem
1036 1634 1187 1684 causam:

90 1733 130 1802 ed
136 1728 356 1821 jarisdicundi
369 1739 512 1816 potestas
527 1739 577 1798 est
589 1731 625 1797 id
639 1732 745 1815 ipsum
759 1730 848 1816 quod
860 1729 1120 1816 jurisdictionem
1136 1751 1191 1800 ro

90 1870 201 1918 amns:
222 1867 302 1933 ergo
320 1849 537 1932 competentia
555 1847 642 1913 idem
661 1855 712 1913 est
727 1865 764 1911 aa
774 1845 972 1933 jurisdictio.

111 1969 145 2032 2.
163 1969 370 2048 Competentr‘a
385 1970 509 2047 proprie
523 1966 617 2044 dicta,
636 1972 680 2027 est
692 1966 869 2048 jurisdictio
888 1971 921 2028 in
936 1985 1082 2048 personas
1097 1969 1188 2030 simut

90 2090 209 2148 tenram
218 2100 362 2161 caasanu
373 2100 433 2144 nan
444 2100 513 2143 ocra
524 2086 557 2143 in
568 2081 648 2144 solas
655 2100 812 2163 personas,
828 2088 882 2144 ant
892 2083 987 2144 solam
996 2101 1128 2146 cansam.
1142 2118 1187 2131 -

90 2200 147 2264 'am
159 2197 234 2263 fieri
248 2204 358 2280 potest
371 2203 409 2261 ut
422 2196 494 2282 quis
504 2192 762 2281 jurisdictionem
779 2195 913 2280 quidem
929 2196 1049 2262 habent
1065 2198 1099 2264 in
1114 2217 1186 2264 cer·

91 2332 114 2379 a
126 2328 296 2398 personas,
311 2308 370 2377 sed
384 2309 492 2396 quoad
506 2311 646 2398 aliquam
660 2309 831 2376 dumtaxat
844 2329 1015 2377 causarum
1029 2313 1182 2398 speciem,

91 2447 132 2496 on
152 2449 231 2496 vero
250 2426 358 2515 quoad
376 2447 488 2495 omnes
506 2447 628 2506 causas,
648 2446 719 2515 quae
743 2428 830 2494 inter
851 2426 1012 2514 ejusmodi
1033 2448 1186 2515 personas

91 2546 146 2612 riri
160 2554 317 2631 possunt:
337 2543 425 2632 quod
444 2545 642 2623 verificatur,
665 2544 761 2611 verbi
779 2546 943 2630 gradata
964 2547 1121 2631 Episcopo
1136 2549 1186 2614 :is

91 2661 151 2728 mm
165 2661 425 2748 jurisdictionem
441 2659 574 2747 quidem
587 2662 620 2725 in
635 2679 746 2726 omnes
762 2658 963 2727 dioecesanos
977 2682 1052 2728 suos
1065 2652 1182 2748 habet3

91 2777 126 2844 ed
136 2779 245 2865 quaem
259 2778 503 2857 ecclesiasticas,
521 2797 587 2843 non
599 2775 708 2863 moad
720 2779 889 2844 seculares
901 2781 1045 2863 ipsorum
1057 2800 1179 2847 causas.

92 2901 149 2961 tem
164 2896 238 2962 ficri
251 2901 360 2979 potest
374 2902 414 2959 ut
428 2894 500 2979 quis
514 2891 774 2979 jurisdictionem
792 2894 913 2961 habeat
929 2897 963 2959 in
980 2903 1106 2962 certum
1124 2897 1182 2964 ali-

92 3011 153 3092 [aod
170 3030 343 3078 causarum
357 3028 469 3093 genae,
491 3006 550 3075 sed
569 3009 708 3075 subhac
728 3010 912 3076 conditione
931 3013 1181 3091 resarcinant

92 3140 165 3193 unsa
187 3128 251 3192 illac
270 3127 481 3191 intersertas
499 3143 665 3208 personas,
686 3145 752 3191 uon
768 3128 856 3191 inter
874 3128 962 3204 alias,
983 3133 1176 3195 vertantur:

92 3237 115 3304 ic
125 3243 298 3328 Episcopus
309 3249 504 3326 potestatem
513 3241 612 3307 habet
622 3239 850 3328 delinquentes
861 3244 995 3310 clericos
1011 3243 1179 3330 judicandi

93 3357 106 3415 i
115 3357 281 3442 puniend13
301 3377 367 3424 non
383 3367 494 3424 tamen
507 3357 585 3424 alios
601 3376 697 3444 quam
709 3357 859 3426 dioecesis
873 3379 952 3427 suae.
969 3363 1050 3428 Hinc
1066 3381 1178 3449 quam-

93 3465 270 3558 ispersonae
290 3475 356 3539 siut
368 3473 411 3539 de
426 3493 561 3540 numero
578 3494 690 3540 carum
709 3475 742 3539 in
764 3494 844 3561 quas
863 3477 1069 3561 magistratus
1081 3477 1177 3564 juris·

93 3568 233 3658 ictionem
256 3589 367 3667 habet,
385 3589 411 3654 si
430 3597 539 3654 tamen
562 3608 657 3654 causa
685 3590 771 3656 inter
793 3591 879 3675 ipsas
903 3599 976 3658 orta
997 3612 1063 3658 non
1081 3595 1176 3660 simul

93 3696 167 3772 {dem
187 3707 406 3794 jurisdictioni
426 3705 601 3791 subjaceat,
623 3715 785 3790 potestate
809 3707 978 3794 judicandi
997 3712 1053 3776 illc
1075 3712 1175 3797 magi·

93 3830 179 3890 ratus
201 3823 336 3892 carebit.
360 3824 455 3900 Item,
476 3823 623 3908 quamvis
645 3842 741 3888 causa
760 3824 804 3889 sit
823 3822 865 3890 dc
883 3825 992 3909 specie
1009 3845 1122 3891 earum
1140 3828 1174 3892 in

94 3947 141 4006 lus
151 3942 354 4026 magistratus
364 3938 546 4026 jurisdictio
561 3938 762 4020 extenditur,
773 3941 834 4006 uisi
846 3941 940 4006 simul
953 3940 1068 4008 eadem
1076 3941 1174 4028 juris·

94 4054 159 4122 ctio
180 4054 378 4123 extendatur
400 4054 442 4121 ad
461 4073 615 4138 personas
636 4074 707 4142 quae
733 4054 775 4123 de
794 4056 855 4122 hac
875 4074 971 4122 causa
991 4056 1171 4142 judicanda

94 4178 145 4250 ut,
166 4172 258 4239 deest
272 4173 393 4239 iterum
407 4170 624 4257 jurisdicundi
644 4181 799 4257 potestas.
816 4175 887 4238 Jam
907 4159 987 4239 vero
1008 4175 1065 4260 qui
1080 4184 1172 4258 pote·

94 4291 141 4353 tte
155 4308 283 4355 causam
292 4286 461 4374 judicandi
476 4295 575 4366 caret,
588 4307 791 4375 nequaquam
806 4289 906 4355 habet
917 4293 1169 4375 competentiam

94 4403 384 4490 ujurisdicticnem
400 4405 532 4490 proprio
549 4404 688 4490 dictam;
706 4405 764 4473 sed
781 4427 799 4473 e
820 4413 932 4480 contra
946 4409 1171 4496 incompetens
