2714 4980
114 321 178 385 236
465 336 652 384 macrsrns
673 317 718 383 nn
740 334 888 382 moscus.

115 457 145 525 aL
171 462 438 539 coruscaturum
460 465 495 548 et
516 459 612 524 simul
636 478 759 525 canone
787 462 879 524 Nemo
903 465 935 536 7,
958 461 998 524 aia
1020 430 1204 535 Paenitentia,

115 573 191 640 dist.
213 571 256 658 1).

158 693 194 757 3⁰
207 691 346 756 Possunt
364 691 528 774 postulare
547 710 608 776 pro
628 708 674 769 se,
693 698 727 756 et
743 709 804 774 pro
823 690 1070 775 consanguineis
1083 708 1121 756 ac
1132 689 1210 755 affini·

114 805 186 884 bus,
204 826 266 872 neo
284 825 348 871 non
369 826 430 891 pro
449 807 627 873 minorihus
644 792 765 872 suiset
786 808 934 890 pupillis;
953 826 1019 872 non
1041 814 1150 872 autem
1165 825 1211 890 pro

115 920 181 986 ulla
196 922 259 986 alia
273 940 433 1006 persona;
450 921 549 1007 idque
566 922 608 987 oh
627 921 708 1007 juris
722 922 857 988 Romani
871 923 904 987 in
923 921 995 989 foro
1014 922 1212 987 ecclesiastica

115 1044 282 1119 receptam
304 1035 565 1120 dispositionem:
586 1038 724 1103 infames
738 1038 842 1103 miuus
863 1038 1025 1120 insignes3
1049 1056 1124 1102 aum
1144 1037 1212 1101 enin

115 1169 213 1236 supra
228 1155 449 1219 monuerimus
463 1153 600 1219 infames
614 1154 745 1219 infamia
765 1161 889 1236 iasiqai,
913 1173 1021 1237 prose
1033 1160 1159 1219 tantum
1171 1172 1214 1237 pa

114 1268 237 1334 stulare
248 1287 353 1351 posse,
367 1268 419 1334 hic
433 1268 475 1335 de
486 1269 660 1335 infamibus
670 1270 801 1335 infamia
811 1271 925 1335 minori
936 1289 995 1336 seu
1010 1276 1111 1334 minas
1120 1275 1214 1351 iasiqai

116 1381 261 1460 dicimus,
278 1402 334 1448 eos
348 1403 441 1467 posse
455 1403 516 1468 pro
531 1387 773 1468 consanguineis
786 1387 893 1463 etiam,
911 1393 945 1451 ot
961 1404 1023 1469 pro
1034 1387 1083 1450 eis
1095 1403 1214 1470 quorum

115 1506 243 1566 tutores
256 1507 342 1576 sunt,
358 1499 560 1566 advocatiam
575 1520 743 1567 exercere.
763 1501 841 1582 Quae
856 1500 988 1566 infamia
1004 1499 1166 1586 quomodo
1179 1499 1214 1565 di

117 1617 226 1698 gnosai
241 1617 352 1698 possit,
371 1616 443 1681 fuse
458 1615 624 1682 disserant
638 1625 798 1682 auctores.
818 1618 885 1683 Pro
901 1636 1000 1699 scopo
1020 1624 1131 1683 autem
1150 1633 1215 1698 pra

116 1732 779 1816 sentistractatussatiserittranscripsisse
791 1751 862 1817 quae
871 1733 1036 1816 padanus
1046 1751 1090 1796 en
1098 1730 1215 1815 digestis

119 1847 226 1934 (titudo
239 1851 276 1913 de
288 1846 484 1933 Postulando)
503 1848 700 1933 desumpsit:
720 1873 736 1911 a
748 1850 852 1915 Porro
867 1848 998 1913 infamia
1009 1848 1216 1932 multipliciter

119 1986 136 2024 a
148 1964 328 2048 irmgutur:
347 1964 519 2050 aliquando
534 1966 619 2031 enim
639 1966 842 2031 contrahitur
859 1983 981 2048 genere
999 1962 1113 2030 delicti
1127 1964 1218 2032 decla·

119 2102 136 2140 «
147 2081 210 2145 rati
228 2100 288 2165 per
305 2083 519 2164 sententiam;
534 2082 637 2160 veluti
656 2101 731 2147 cum
748 2079 851 2165 judex
870 2084 1073 2166 pronuntiat,
1092 2088 1219 2164 iajariaa

120 2198 259 2276 «fecisti,
288 2197 494 2260 hereditatem
518 2201 674 2280 expilasti,
696 2201 897 2261 calumniatus
917 2218 960 2261 es.
981 2195 1162 2281 Aliquando
1179 2214 1219 2280 ga

121 2333 137 2370 a
150 2329 230 2375 uere
245 2326 349 2393 poenae
365 2332 372 2394 ;
390 2312 474 2376 sieut
489 2311 538 2376 illi
556 2313 611 2396 qui
627 2311 823 2376 damnantur
833 2311 876 2377 ad
891 2330 972 2394 opus
986 2312 1166 2395 publicum,
1178 2309 1220 2396 qui

121 2427 322 2510 «pristinum
336 2426 469 2511 quidem
481 2434 600 2492 statum
611 2428 770 2506 obtinent,
786 2427 846 2493 sed
857 2426 976 2492 damno
987 2427 1128 2493 infamia
1141 2427 1220 2493 edan

121 2563 138 2602 a
153 2547 226 2625 post
239 2542 409 2624 impletum
423 2550 554 2626 tempus
564 2542 791 2628 subjiciuntur.
809 2541 990 2628 Aliquando
1001 2562 1124 2627 genere
1135 2559 1220 2627 poena

123 2679 139 2716 a
154 2663 189 2721 et
200 2656 313 2723 delicti
327 2657 483 2724 declarati
491 2677 552 2742 per
567 2659 780 2743 sententiam;
796 2659 899 2724 veluti
913 2658 993 2725 dnm
1007 2658 1220 2726 fustibuscasa

123 2797 139 2834 a
151 2791 213 2858 per
226 2792 410 2857 praeeonem
421 2774 542 2840 dicitnr
555 2784 806 2873 iaaaopairraaac,
824 2775 859 2840 id
877 2782 938 2851 cst,
957 2776 1171 2842 calumniatus
1185 2790 1217 2839 as.

128 2923 144 2960 a
158 2897 338 2984 Aliquando
346 2901 417 2982 ipso
432 2918 552 2983 genere
567 2900 645 2964 facti
657 2921 664 2983 ;
677 2907 714 2964 ut
728 2907 919 2964 exercentes
930 2900 1119 2982 improbum
1133 2900 1221 2966 fenus

130 3024 192 3082 aet
212 3015 324 3081 illicite
339 3018 506 3100 exigentes
521 3036 635 3082 usuras
653 3035 847 3098 usurarum;
864 3023 898 3080 et
924 3017 1041 3082 mulier
1060 3035 1132 3101 quae
1155 3016 1221 3080 intra

130 3140 289 3218 «tempus
312 3153 377 3220 quo
400 3135 498 3199 maris
516 3141 566 3199 est
583 3134 696 3217 lugere
716 3134 879 3210 maritum,
896 3132 1058 3200 contrahit
1082 3133 1221 3199 matrimo

132 3253 258 3330 «nium,
277 3260 312 3317 et
325 3252 380 3337 qui
395 3252 499 3317 sciens
516 3270 587 3316 eam
602 3270 738 3316 uxorem
752 3249 894 3317 duxerit.
914 3273 930 3311 »
954 3250 1044 3338 (Can.
1060 3256 1188 3333 Insanus
1197 3251 1218 3322 l,

129 3374 273 3448 oausoess,
295 3388 327 3454 q.
347 3378 377 3449 7,
393 3368 519 3435 decreti
529 3365 726 3451 Gratianaei.)

174 3489 208 3552 4⁰
231 3487 399 3552 Postulare
415 3504 474 3551 seu
490 3503 560 3550 esse
574 3483 722 3550 advocati
740 3491 918 3569 nequeunt,
935 3485 977 3550 ob
991 3485 1223 3569 prohibitionem

128 3604 210 3688 legis
231 3601 471 3679 ecclesiasticae,
494 3600 779 3684 excommunicati3
797 3606 834 3665 ut
854 3608 980 3666 constat
998 3620 1040 3667 ex
1058 3604 1162 3686 capite
1181 3604 1223 3666 lia·

129 3726 276 3785 ceruimus
301 3719 344 3806 (8,
371 3721 409 3782 de
430 3722 585 3784 Seaieatia
609 3722 939 3796 excommunicatorum,
965 3719 997 3780 in
1017 3715 1064 3802 6).
1086 3720 1142 3784 His
1159 3715 1224 3783 enim

129 3835 376 3902 communicatio
395 3853 468 3900 cum
483 3832 636 3900 fidelihus
648 3834 761 3911 omnis,
783 3833 880 3897 etiam
894 3831 1045 3911 forensia,
1072 3842 1123 3900 est
1144 3835 1225 3898 inter

131 3954 229 4020 diota.
553 3950 558 3961 '
610 3940 612 3945 ’

178 4074 212 4134 5⁰
234 4069 359 4165 Quibus
371 4069 405 4133 in
424 4068 551 4134 casibus
574 4067 699 4133 clericis
715 4073 749 4131 et
763 4064 926 4131 monachis
942 4063 1095 4130 advocati
1110 4063 1226 4131 officium

132 4187 223 4252 obire
239 4185 336 4251 liceat
352 4186 406 4250 vel
421 4205 486 4250 non
503 4185 608 4262 liceat,
632 4184 709 4249 satis
725 4185 757 4247 in
776 4182 937 4266 superiori
965 4182 1071 4263 capite
1094 4171 1228 4247 indicari·

132 4321 214 4379 mus,
240 4300 318 4367 dum
352 4301 542 4368 eorumdem
569 4300 611 4366 ad
635 4299 857 4385 procuratoris
880 4316 997 4363 munus
1027 4293 1227 4363 exercendum

132 4418 344 4486 idoneitatem
358 4420 391 4483 in
406 4419 616 4503 quaestionem
630 4417 826 4482 vocavimus.
