2714 4980
126 279 192 344 too
473 295 660 346 mauranus
681 299 726 346 oc
747 298 896 346 tumens.

124 427 162 487 ut
175 420 301 503 patebit
321 421 356 486 in
371 427 515 487 tractatu
542 424 579 484 ate
599 425 693 485 Corio
708 442 845 500 romono,
863 423 922 489 nbi
939 424 1089 507 ipsorum
1111 423 1236 493 officim

124 535 357 603 describemus.
372 537 438 603 Sub
453 538 625 621 posteriori
640 555 720 602 vero
744 538 845 602 classe
868 539 1068 606 recensendi
1097 549 1172 606 sunt
1195 562 1238 608 ar·

124 652 409 736 cbiepiscopalium
424 659 459 718 et
472 653 701 737 episcopalium
719 655 883 720 curiarum
897 653 1088 734 Auditores
1108 656 1151 723 de
1171 659 1233 744 qni·

127 766 190 833 bns
204 767 299 833 nobis
316 768 367 834 bic
383 787 493 841 sermo
509 775 571 834 est.

172 884 223 948 De
250 881 410 969 ejusmodi
434 884 565 968 proprie
591 883 685 950 dictis
708 883 929 964 Auditoribus
947 886 1046 967 idest,
1077 889 1135 976 qui
1159 889 1241 974 aju-

126 999 252 1067 dicibns
276 998 651 1084 contradistingnuutnr,
670 1002 856 1085 generalem
879 1004 1047 1070 notionem
1075 1006 1121 1071 sic
1149 1005 1242 1073 tradit

125 1115 417 1200 Scbmalzgrueber
432 1117 534 1203 (intit.
552 1120 581 1194 l,
599 1117 675 1183 libri
689 1121 709 1183 2
722 1117 947 1196 decretalium,
967 1139 1000 1183 n.
1020 1118 1074 1204 15)
1097 1144 1105 1186 :

176 1263 187 1284 τι
205 1233 397 1299 Auditorum
413 1235 662 1320 ususpraecipne
677 1236 771 1300 estin
786 1235 1031 1314 concremans,
1047 1246 1084 1302 et
1100 1239 1187 1322 apud
1198 1241 1241 1306 le-

130 1356 252 1432 ·gatos
274 1347 364 1414 Sedis
391 1348 593 1433 Apostolicae.
626 1350 718 1429 Sunt,
748 1350 867 1435 quibus
888 1354 943 1418 vel
961 1360 1032 1418 tota
1061 1374 1171 1434 causa,
1196 1359 1242 1424 vel

131 1492 142 1520 a
163 1474 274 1531 certus
289 1485 392 1531 cansae
405 1466 561 1532 articulus
575 1465 806 1531 examinandus
815 1469 1041 1546 committitur,
1062 1490 1103 1536 eo
1117 1471 1193 1549 fine,
1210 1481 1241 1539 nt

130 1589 235 1665 «post
262 1581 401 1666 diligens
426 1601 561 1647 examen
579 1602 679 1666 super
704 1583 765 1648 hoc
789 1584 986 1662 institutum,
1015 1605 1092 1652 rem
1121 1606 1241 1654 omnem

130 1725 143 1750 «
161 1706 325 1781 exponant
333 1696 448 1784 judici,
461 1697 596 1783 ejusque
607 1698 765 1765 decisioni
775 1700 973 1784 relinquant.
983 1701 1118 1768 Habent
1126 1704 1174 1769 illi
1182 1706 1241 1790 qni

129 1811 238 1880 «dem
253 1812 513 1899 jurisdictionem
534 1816 566 1879 io
594 1814 830 1899 cognoscendo,
857 1818 913 1894 ita,
931 1823 969 1882 ut
985 1828 1104 1901 partes
1124 1821 1168 1887 ad
1192 1841 1241 1887 an-

59 1916 62 1920 “
128 1959 140 1983 «
159 1930 315 1997 dientiam
329 1932 442 2009 citare,
459 1939 562 1998 testes
573 1940 608 2029 et
623 1932 830 2016 probationes
841 1932 1018 2000 admittere
1024 1938 1164 2018 possint,
1179 1946 1235 2004 etc.
1270 1911 1284 1940 ⁹

126 2047 195 2113 «In
220 2045 403 2113 decidendo
434 2055 544 2114 autem
574 2056 610 2114 et
634 2046 863 2115 sententiando
888 2047 1153 2134 jurisdictionem
1182 2073 1238 2120 non

127 2161 286 2242 «habent,
308 2163 371 2229 nisi
388 2163 449 2229 boc
471 2164 549 2247 ipsis
562 2165 747 2247 specialiter
759 2184 778 2230 a
792 2165 965 2248 Principali
976 2165 1166 2252 delegetur.
1185 2194 1197 2228 a

172 2280 255 2346 «llis
268 2279 376 2365 quoad
388 2279 526 2346 officinm
542 2280 721 2347 consimiles
735 2280 892 2347 videntur
912 2300 983 2348 esse
1002 2283 1234 2363 Referendarii,

126 2427 140 2452 a
158 2418 178 2464 a
193 2402 348 2480 referendo
365 2397 461 2482 dicti3
479 2398 536 2483 qui
556 2417 632 2463 eum
646 2398 681 2463 in
694 2398 794 2464 finem
808 2399 1066 2476 constituuntur,
1097 2408 1148 2478 nt,
1170 2401 1236 2486 qnia

128 2543 140 2566 «
155 2511 259 2598 judex
272 2513 479 2581 multitudine
495 2534 664 2580 causarum
677 2514 825 2591 obrutus,
850 2514 993 2580 omnium
1008 2524 1177 2583 momenta
1202 2536 1234 2581 en

127 2661 140 2686 «
160 2631 239 2697 actis
254 2650 338 2716 saepe
349 2632 550 2715 amplissimis
563 2631 714 2714 colligere
729 2649 814 2696 nnus
829 2650 891 2696 non
909 2639 1031 2715 potest,
1048 2633 1112 2717 ipsi
1128 2654 1167 2700 ea
1181 2633 1235 2700 dis

127 2747 290 2825 «cntiant,
319 2755 353 2814 ct
379 2754 492 2831 postea
517 2767 631 2814 eornm
655 2748 879 2825 substantiam,
908 2749 1056 2814 rationes
1075 2758 1111 2816 et
1129 2752 1234 2818 merita

127 2894 139 2918 «
155 2863 258 2950 judici
273 2873 308 2930 et
323 2864 536 2947 assessoribus
550 2865 707 2943 referant,
725 2865 835 2952 sicque
849 2865 921 2932 illos
932 2863 976 2930 ad
985 2869 1185 2934 sententiam
1195 2866 1234 2933 ie·

128 3014 140 3037 ·
157 2982 293 3049 rendam
309 2983 482 3047 instruant.
508 2982 592 3056 Usus
607 2982 738 3046 illorum
757 2983 893 3046 maxime
910 2987 959 3046 est
978 2982 1010 3046 in
1025 2983 1233 3049 tribunalibus

126 3128 139 3152 «ι
156 3098 332 3186 majoribus
347 3098 546 3182 Principum,
559 3099 650 3183 isque
667 3097 857 3162 utilissimus
866 3096 908 3163 ad
918 3097 1104 3165 tollendam
1117 3101 1233 3166 immor·

126 3249 138 3273 «
156 3219 314 3285 talitatem
327 3217 444 3293 litium,
463 3223 497 3281 et
512 3215 663 3300 querelas
676 3222 848 3298 protracte
861 3215 954 3280 nimis
966 3214 1114 3300 justitiae.
1136 3248 1150 3273 ν

164 3335 315 3416 Quaestio
328 3337 373 3400 2².
384 3370 430 3380 —
439 3337 487 3398 Ao
500 3354 613 3398 necesse
626 3341 678 3414 stt,
694 3337 742 3396 cel
755 3337 861 3397 saltem
872 3337 1014 3416 expediat
1025 3342 1172 3399 constitui
1181 3340 1232 3401 Aa·

120 3453 247 3517 dilorem
263 3456 296 3513 io
309 3453 470 3533 episcopali
491 3458 546 3513 oct
563 3452 808 3532 archiepiscopali
817 3452 925 3512 ccmo?
939 3485 986 3534 ·.·
1007 3448 1040 3513 Si
1054 3449 1098 3516 ad
1119 3452 1231 3534 praxim

120 3569 340 3653 respiciamus,
357 3569 391 3631 in
404 3564 598 3653 quibusdam
612 3565 819 3642 dioecesibus
836 3584 901 3630 non
916 3565 997 3631 item
1010 3566 1045 3630 in
1062 3567 1145 3647 aliis,
1164 3586 1230 3633 con-

118 3687 248 3751 stitutos
269 3682 430 3768 ejusmodi
447 3681 620 3748 Auditores
641 3683 832 3766 reperimus.
849 3683 888 3748 In
903 3680 978 3766 jure
993 3689 1108 3749 antem
1119 3683 1225 3749 nullibi

116 3803 260 3868 occurrit
283 3808 427 3877 cautum,
453 3806 490 3864 ut
505 3799 650 3865 debeant
664 3797 832 3882 Episcopi,
851 3797 1115 3884 Archiepiscopi,
1138 3799 1230 3866 dictos

115 3916 291 3984 Auditores
305 3916 366 3983 sibi
387 3915 577 4001 adjungere.
598 3914 694 3981 Unde
718 3933 819 3999 pencs
840 3916 986 3998 ipsorum
1009 3915 1184 3983 arbitrium
1203 3922 1230 3981 et

114 4034 323 4121 prudentiam
342 4053 381 4099 ea
398 4052 452 4099 res
470 4040 541 4099 tota
567 4031 731 4098 censenda
750 4040 811 4098 est.

163 4149 263 4216 (lasus
275 4158 386 4216 autem
395 4150 562 4235 inquibus
576 4152 675 4234 magis
692 4157 876 4235 opportuna
890 4147 1025 4215 videtur
1036 4151 1131 4217 officii
1146 4149 1229 4236 hujus

119 4267 257 4332 incuria
273 4266 448 4351 episcopali
466 4265 616 4351 adjectio,
635 4266 799 4350 praecipne
818 4272 894 4331 sunt
913 4286 920 4330 ι
946 4268 978 4331 l⁰
992 4266 1123 4334 sitanta
1142 4286 1228 4352 nege

119 4380 239 4447 tiorum
262 4382 345 4448 mole
362 4382 508 4448 vicarius
530 4383 690 4466 generalis
710 4381 879 4475 obruatur.
905 4389 942 4447 ut
958 4390 1104 4473 nequeat
1122 4403 1160 4451 ea
1175 4400 1226 4468 qua
