2714 4980
35 268 38 273 ⁴
116 247 182 312 472
461 261 714 312 memoresne
736 256 883 313 runicus.

160 391 194 456 3.
214 389 296 455 Cum
314 396 424 456 autem
440 387 528 456 dicta
542 407 680 473 persona
700 389 787 467 licta,
812 409 878 454 non
895 392 998 476 possit
1014 411 1079 476 per
1101 394 1231 477 seipsam

113 507 313 595 judicialiter
335 527 445 592 agere,
470 506 511 572 ad
526 507 736 574 defendenda
763 508 834 593 jura
853 528 922 587 sua,
945 529 1010 576 nec
1036 510 1231 595 respondero

116 621 246 708 quando
257 624 327 709 quis
338 622 441 707 ipsam
451 621 666 707 inposuerat,
683 631 718 688 et
726 623 848 708 aliquid
855 623 897 690 ab
903 643 943 690 ea
954 627 1093 709 repetit,
1105 646 1230 694 necesse

115 741 179 805 fuit
193 739 347 806 constitui
365 741 515 824 aliquem,
537 740 595 824 qui
608 759 649 804 er
672 739 775 805 officio
789 739 858 805 haec
882 739 957 826 jura
983 743 1074 808 Eisci
1087 752 1231 810 tueretur

115 865 403 941 promoveretque‚
420 864 455 922 et
469 873 530 940 pro
539 855 657 923 eodem
666 857 757 922 Fisco
768 856 861 942 injus
872 863 988 924 vocato
1003 858 1228 943 responderet.

116 974 180 1056 Qui
192 980 301 1039 autem
318 973 380 1038 hoc
393 992 528 1039 munere
543 973 701 1057 iungitur,
716 981 852 1040 vocatur
862 979 1023 1040 Promotor
1034 977 1165 1056 fiscalis,
1182 993 1230 1041 seu

116 1095 299 1156 Procurator
314 1091 439 1168 fiscalis,
456 1088 510 1155 vel
526 1089 623 1153 etiam
636 1088 828 1174 simpliciter
837 1093 976 1170 Fiscclc's,
994 1099 1031 1157 et
1044 1090 1229 1178 quandoque

116 1210 215 1276 etiam
232 1206 422 1291 simpliciter
433 1211 602 1270 Promotor.

161 1327 194 1390 4.
213 1325 303 1390 Sicut
316 1323 350 1387 in
367 1322 465 1386 curiis
478 1321 695 1400 saecularibus,
716 1323 762 1387 ita
788 1331 824 1389 et
840 1327 874 1387 in
890 1324 1121 1390 ecclesiasticis
1136 1319 1229 1392 solent

116 1439 276 1527 ejusmodi
295 1440 530 1505 Procuratores
551 1438 677 1504 fiscales
700 1440 868 1523 constitui3
894 1441 970 1525 qnia
991 1441 1150 1521 Ecclesia,
1175 1462 1229 1508 non

116 1559 223 1624 minus
234 1576 330 1641 quam
342 1574 442 1640 regna
456 1556 670 1640 temporalia,
687 1575 782 1621 suum
796 1555 896 1622 habet
911 1556 1049 1642 fiscum3
1066 1557 1164 1636 idest,
1185 1579 1230 1624 res

118 1681 153 1738 et
164 1673 239 1757 jura
249 1671 418 1756 publicum
433 1654 582 1738 Ecclesiae
598 1673 721 1737 bonnm
738 1672 941 1738 etinteresse
957 1675 1180 1758 respicientia.

163 1792 194 1854 5.
216 1790 298 1856 Hinc
316 1789 506 1872 episcopalis
531 1789 628 1854 curiae
650 1790 827 1854 Promotor
843 1788 960 1854 fiscalis
983 1797 1082 1855 recte
1112 1788 1230 1856 deliniri

117 1904 240 1990 poterit
256 1904 429 1988 :legitime
443 1905 637 1969 constitutus
648 1910 686 1969 ut
695 1903 769 1989 jura
780 1905 862 1970 F'uoi
871 1905 1083 1971 ecclesiastici
1091 1914 1227 1984 tueatur,

118 2027 154 2088 et
170 2018 242 2105 ejus
258 2022 332 2088 loco
349 2018 516 2106 injudicio
531 2027 606 2104 agat
620 2026 656 2085 et
666 2018 875 2103 respondeat.
986 2002 997 2009 ’

644 2293 660 2367 5
677 2289 720 2354 ΙΙ.

847 2381 854 2417 l

433 2497 452 2544 l
466 2508 512 2557 quo
524 2500 548 2544 ct
560 2493 675 2558 quomodo
694 2494 726 2543 sit
736 2478 921 2543 constituendus.

163 2728 195 2796 i.
213 2728 357 2796 Dubium
367 2744 434 2790 non
446 2733 495 2791 est
515 2724 594 2810 quin
609 2723 711 2808 possit
725 2721 877 2789 constitui
894 2722 935 2786 ab
965 2721 1149 2808 Episc0p03
1170 2742 1235 2789 cum

119 2864 221 2933 penes
239 2846 432 2929 Episcopum
456 2847 521 2907 stet
543 2847 695 2925 suprema
713 2839 889 2906 auctoritas
909 2837 1019 2923 quoad
1042 2842 1235 2907 constituen-

120 2963 180 3030 dos
194 2962 298 3028 varios
310 2960 406 3026 curiae
423 2977 487 3023 suae
502 2956 669 3023 Officiales.

165 3083 197 3144 2.
219 3079 384 3161 Quaeritur
395 3082 506 3140 nutem
524 3093 565 3138 an
582 3073 685 3156 possit
702 3073 800 3138 etiam
819 3072 964 3136 vicarius
988 3057 1164 3156 generalis,
1190 3075 1237 3139 vel

117 3193 220 3280 judex
234 3192 275 3258 ab
286 3192 446 3276 Episcopo
460 3187 630 3272 delegatus
643 3194 887 3272 procuratorem
898 3187 1044 3253 fiscalem
1058 3188 1237 3273 deputare?

121 3305 396 3393 Respondcndum
410 3304 544 3371 ridetur
558 3302 758 3382 affirmative,
776 3301 911 3386 quando⁴
922 3303 977 3367 vel
990 3305 1105 3368 nullus
1118 3303 1159 3370 ab
1170 3291 1237 3388 Episs

123 3443 222 3508 scopo
253 3423 317 3488 init
349 3421 563 3497 constitutus,
591 3417 643 3485 vel
663 3417 818 3500 impediri
839 3418 974 3501 contigit
997 3418 1104 3498 illum,
1123 3420 1178 3506 qui
1201 3438 1237 3484 er

122 3540 272 3626 Episcopi
288 3536 441 3604 mandato
455 3536 518 3602 hoc
535 3534 637 3602 officio
649 3535 808 3618 iungitur.
828 3536 908 3599 Nam
926 3532 970 3599 ad
982 3533 1134 3618 judicem
1147 3554 1236 3621 regu·

121 3658 237 3725 lariter
253 3655 397 3741 pertinet
411 3651 585 3738 providere
603 3650 645 3717 de
660 3657 872 3735 procuratore
896 3652 928 3716 ei
944 3651 1000 3735 qui
1018 3650 1157 3736 indiget,
1178 3670 1235 3718 nec

123 3781 232 3861 potest
249 3790 311 3857 per
324 3772 465 3855 scipsum
481 3771 543 3837 sibi
551 3767 736 3852 providere.
756 3769 793 3834 ln
804 3786 867 3852 qua
888 3766 1074 3833 conditione
1091 3777 1237 3836 versatur

122 3892 243 3958 Fiscus.
266 3887 361 3954 Unde
387 3885 518 3971 quando
546 3903 642 3950 causa
663 3903 773 3950 coram
788 3883 917 3949 vicario
935 3884 1091 3966 generali,
1112 3886 1166 3952 vel
1181 3884 1237 3950 alio

121 4005 232 4093 judice
249 4004 465 4071 ecclesiastico
480 4002 647 4080 ventilata,
660 4002 765 4085 tangit
784 4000 940 4066 interesse
959 4001 1053 4079 Fisci,
1065 3999 1236 4068 deficiente

124 4129 310 4207 promotore
326 4119 436 4200 ¹tiscali
451 4118 493 4184 ab
518 4117 679 4202 Episcopo
705 4117 891 4194 constituto,
910 4116 1032 4199 poterit
1051 4115 1158 4202 judex
1185 4114 1236 4183 ille

126 4220 223 4302 alium
236 4237 292 4322 qui
303 4236 453 4322 suppleat
466 4234 639 4318 deputare.
656 4235 754 4299 Posse
774 4239 885 4297 autem
904 4233 948 4297 sio
962 4254 983 4298 a
996 4234 1130 4299 vicario
1144 4251 1237 4317 gene-

126 4351 186 4416 rali
203 4352 236 4418 in
259 4353 364 4438 aliqua
378 4371 473 4416 cansa
491 4350 644 4415 constitui
656 4350 823 4426 Fiscalem,
841 4356 954 4433 aperte
969 4351 1125 4433 supponit
1135 4350 1236 4415 Pelle·
