2714 4980
119 287 183 348 ²20
462 295 649 345 rnacrarus
670 299 715 344 nr
736 296 885 351 runicus.

116 431 186 490 stes
208 423 360 490 dominus
378 420 544 505 appellare
561 421 687 486 volens.
704 423 788 485 Item
807 421 834 485 si
850 427 1046 505 procurator
1065 420 1212 504 negligens

115 539 180 605 tuit
192 542 225 605 in
237 537 450 623 producendo
472 544 575 602 testes
594 537 736 621 aliasque
757 536 962 618 probationes
981 537 1069 633 intra
1088 535 1215 618 praescri·

117 662 210 737 ptum
221 655 409 731 terminum,
428 651 650 737 praejudicium
662 671 704 717 ex
719 652 775 717 tali
789 652 984 735 negligentia
994 659 1106 716 ortum
1125 649 1217 717 subus

117 775 253 852 cogetur
267 767 427 835 dominus.
446 765 527 832 Ideo
542 785 661 850 nempe
676 766 752 851 quia
770 766 831 831 sibi
849 766 1010 850 imputare
1027 764 1132 831 debet
1145 764 1217 850 quod

117 885 336 968 negligentem
356 883 411 947 vel
428 884 616 964 imperitum
637 862 883 965 procuratorem
905 882 1054 966 elegerit.
1072 882 1106 946 Si
1125 888 1218 946 tamen

117 998 275 1063 malitiose
289 996 325 1062 id
336 997 414 1063 iecit
424 1004 627 1080 procurator,
639 997 842 1063 succurritur
853 995 994 1062 domino.
1011 996 1075 1083 (Ita
1089 1013 1219 1060 commu-

116 1114 203 1181 niter
221 1111 374 1179 doctores
392 1119 591 1195 arguuntur
610 1111 803 1195 quibusdam
817 1110 900 1196 juris
917 1112 1055 1178 Romani
1073 1110 1216 1176 textibus.

116 1228 199 1296 vido
211 1227 371 1311 Pirrhing‚
387 1227 540 1304 locarit,
553 1247 587 1292 ιι.
602 1225 670 1312 80.)

164 1345 215 1409 14.
228 1341 365 1426 Quando
383 1350 585 1426 procurator,
599 1362 665 1409 non
679 1341 869 1420 omittendo,
886 1341 947 1407 sed
958 1343 1098 1427 positive
1112 1341 1221 1428 aliquid

116 1459 226 1526 illicite
244 1456 394 1523 iaciendo
407 1456 554 1541 deliquit,
574 1455 716 1542 iecitque
736 1456 824 1541 quod
842 1476 946 1540 poenae
965 1459 1007 1522 sit
1025 1457 1068 1523 ob
1087 1459 1218 1534 noxium,

116 1576 182 1643 tale
198 1574 321 1646 iactum
335 1592 399 1640 non
416 1571 607 1657 prejudicat
622 1572 768 1655 domino;
783 1574 844 1650 nisi
856 1581 966 1639 tamen
978 1573 1133 1639 dominus
1146 1572 1222 1639 adid

118 1693 255 1775 speciale
275 1689 462 1756 mandatum
484 1688 624 1767 dederit,
642 1691 696 1755 vel
714 1690 837 1755 factum
856 1692 962 1774 ipsum
980 1690 1048 1776 jam
1064 1699 1223 1774 peractum

119 1824 272 1890 expresse
287 1813 394 1870 ratum
409 1805 569 1871 hahuerit.
591 1806 763 1891 (Pirrhing,
777 1807 851 1871 loco
866 1807 935 1883 cit,
952 1825 986 1869 n.
1006 1803 1077 1888 81.)

165 1924 217 1987 15.
236 1920 430 1987 «Confessio
449 1921 670 2004 procuratoris
688 1921 773 1986 facta
797 1923 832 1986 in
848 1920 971 2006 judicio
991 1919 1157 1987 ordinarie
1174 1919 1224 1986 do·

45 2050 48 2055 ·
120 2060 137 2100 c
149 2035 446 2121 minoproejudicat,
459 2043 496 2100 ut
508 2045 683 2103 constater
695 2038 940 2120 capiteSc-torto
950 2038 1016 2123 (il,
1030 2041 1068 2101 de
1079 2041 1224 2102 Sententia

120 2162 175 2218 cet
188 2174 220 2216 re
227 2149 378 2235 judicata>
395 2160 429 2217 et
438 2152 543 2234 capite
560 2155 640 2217 Olim
656 2151 704 2238 (cle
717 2149 863 2236 Cessit).
880 2155 960 2218 Nam
971 2160 1175 2235 procurator,
1189 2170 1224 2217 ex

120 2291 136 2330 a
149 2269 340 2333 necessitate
352 2266 444 2331 officii
452 2268 512 2344 sui,
523 2266 624 2333 dehet
633 2267 831 2351 respondere
843 2266 885 2332 ad
896 2267 1055 2332 enhmitas
1068 2269 1170 2351 partis
1179 2266 1225 2333 ad·

120 2402 250 2455 aversae
262 2382 447 2465 positiones,
458 2381 501 2449 ad
512 2381 601 2468 quod
615 2382 713 2447 hahet
725 2381 1065 2466 mandatumspeciale
1077 2383 1225 2467 velgene

120 2498 227 2564 «nale.
241 2499 311 2563 Hoc
323 2504 433 2563 autem
444 2499 582 2563 maxime
596 2516 712 2563 rerum
725 2506 785 2576 cst,
800 2499 827 2563 si
839 2499 1060 2580 procuratoris
1075 2499 1226 2565 confessio

118 2615 204 2681 «fiat
215 2621 287 2698 post
298 2615 362 2679 litis
373 2615 643 2681 contestationem
660 2636 667 2698 ;
684 2634 759 2679 nam
771 2616 840 2679 siin
854 2616 923 2698 ipso
937 2615 1087 2697 ingressu
1102 2616 1137 2680 in
1148 2611 1226 2699 jndi-

90 2762 93 2768 Α
118 2729 245 2806 «cium,
262 2730 331 2795 sive
346 2736 420 2813 post
437 2728 584 2795 oblatum
598 2729 746 2795 libellum
766 2736 960 2811 procurator
981 2729 1070 2794 ultro
1089 2729 1225 2795 fateatur

120 2847 360 2930 «intentionem
383 2848 511 2924 actoris,
530 2867 596 2912 non
609 2845 803 2932 praejudicat
815 2847 890 2911 talis
905 2846 1064 2912 confessio
1080 2845 1225 2929 domin03

120 2982 223 3029 «curn
235 2982 284 3041 ea,
296 2962 364 3029 sine
376 2964 568 3028 necessitate
580 2961 677 3038 facta,
691 2960 900 3046 prodigalitas
910 2979 967 3026 seu
976 2962 1176 3026 renuntiatio
1184 2959 1226 3045 ju·

120 3080 191 3146 «ris
206 3079 313 3146 rideri
330 3079 528 3164 possitquae
547 3079 615 3143 sine
630 3077 782 3144 mandato
800 3077 931 3161 speciali
951 3077 1158 3160 procuratori
1169 3093 1227 3143 nco

120 3197 347 3278 «competit...
363 3197 432 3262 Imo
443 3196 631 3271 umversim
648 3174 780 3278 quando
794 3193 978 3259 voluntario
992 3200 1027 3257 et
1040 3193 1111 3257 sine
1123 3207 1227 3257 neces

120 3335 137 3374 «
148 3315 244 3378 sitate
255 3320 448 3395 procurator
463 3311 651 3388 confitetur,
667 3329 732 3376 non
747 3288 938 3394 praejudicat
952 3307 1126 3398 domino...
1140 3303 1229 3391 Quod

121 3436 259 3496 «autem
274 3427 399 3493 dictum
414 3435 464 3492 est
481 3426 717 3493 confessionem
731 3421 956 3508 procuratoris
976 3425 1010 3490 iu
1028 3422 1167 3508 judicio,
1182 3440 1228 3490 re·

120 3543 339 3631 «spondendo
351 3542 394 3610 ad
406 3544 580 3626 positiones
594 3541 782 3620 adversarii,
801 3541 931 3617 factam,
948 3559 1070 3607 nocere
1090 3541 1226 3617 domino,

120 3681 137 3723 a
149 3660 184 3727 id
196 3658 400 3728 limitandum
413 3666 473 3736 cst,
489 3660 549 3724 nisi
563 3657 715 3724 dominus
726 3676 799 3722 eam
813 3662 959 3732 revocet,
969 3656 1018 3721 uti
1032 3662 1154 3741 potest,
1163 3673 1229 3741 pro·

15 3796 16 3800 ¹
123 3777 258 3846 abundo
288 3796 446 3844 errorem.
474 3775 631 3860 Arguitur
651 3775 756 3858 capite
776 3773 890 3840 ultimo
907 3775 945 3838 de
964 3776 1156 3854 Coosessimte
1175 3778 1229 3837 stuc

122 3899 224 3978 «facti
241 3901 304 3960 siae
315 3900 412 3979 juris.
430 3916 447 3955 ι

167 4011 293 4078 «Aliud
310 4029 389 4077 rero
403 4009 512 4095 quoad
531 4010 593 4076 hoc
617 4007 660 4075 de
684 4007 861 4089 advocato,
880 4005 973 4091 cujus
995 4005 1157 4074 confessio
1173 4023 1230 4074 non

123 4151 139 4190 c
150 4128 244 4211 &est
257 4128 343 4212 parti
357 4147 417 4194 seu
426 4127 550 4204 clienti,
567 4127 738 4213 quominus
753 4143 825 4190 eam
838 4124 948 4189 statim
962 4141 1122 4190 revocare
1136 4131 1171 4190 et
1183 4121 1230 4188 ad·

123 4251 268 4309 avocato
292 4262 350 4308 auo
369 4241 592 4310 contradicere
613 4241 731 4325 possit;
749 4240 799 4304 uti
817 4240 957 4305 sumitur
977 4257 1019 4304 ex
1038 4239 1149 4322 capite
1163 4241 1229 4303 cua

125 4377 273 4421 «caumas
282 4355 676 4444 (aa,aetppett.)...;quia
685 4355 863 4422 advocatus
871 4351 1041 4421 nonhabet
1051 4353 1230 4421 mandatum
