2714 4980
415 357 420 365 .
472 313 551 360 ulus
573 313 732 360 snounnu.
1102 297 1166 358 509

49 441 160 507 licium
187 442 354 524 pertinent
380 462 386 504 :
418 440 495 503 alias
515 438 683 504 tenebitur
704 436 745 502 de
770 435 888 501 damno
908 436 951 501 ob
972 436 1167 518 imperitiam

49 576 143 622 suam
160 556 260 621 illato.
280 555 452 642 (Pirrhing‚
473 555 546 620 loco
561 551 686 637 citato.)
752 604 755 610 i

95 678 128 738 3.
155 674 273 738 Utrum
292 672 475 736 necessario
490 670 609 735 debeat
627 688 698 734 esse
720 670 830 745 laicus,
853 669 898 733 ita
917 676 964 746 ut,
986 687 1028 732 ne
1043 669 1076 732 in
1095 667 1168 733 foro

50 789 151 855 etiam
176 789 391 853 ecclesiastico
415 787 517 870 possit
539 786 677 851 clericus
699 786 816 851 notarii
840 784 977 851 officium
997 805 1165 863 exercere,

47 905 116 989 jam
130 906 207 969 satis
224 923 323 987 supra
341 904 565 988 expendimus.

96 1023 130 1085 4.
160 1045 177 1083 u
191 1023 448 1086 Instrumentum
465 1021 651 1086 confectum
669 1041 688 1085 a
704 1020 879 1086 tabellione
895 1020 1024 1104 publice
1047 1037 1172 1085 excom-

54 1160 71 1197 «
90 1139 266 1214 municato‚
286 1145 320 1202 et
334 1114 403 1203 non
417 1137 558 1202 tolerato
574 1156 633 1201 seu
651 1136 793 1214 vitando,
813 1157 876 1202 non
891 1136 999 1220 valet3
1020 1137 1173 1221 quianon

54 1261 243 1318 «censetur
260 1251 496 1330 authenticum,
519 1271 594 1316 cum
616 1253 642 1315 is
667 1273 686 1316 a
710 1253 846 1335 publicis
864 1253 990 1319 actibus
1009 1253 1080 1318 'tum
1099 1251 1172 1336 jure

56 1369 179 1451 «ipso,
208 1376 279 1432 tum
300 1367 419 1453 judicis
443 1367 544 1432 oilioio
567 1369 758 1450 repellatur.
785 1370 1020 1454 lmoquamvis
1042 1370 1107 1433 lale
1125 1371 1174 1433 in-

57 1509 74 1547 a
96 1493 315 1550 strumentum
332 1485 372 1549 ab
393 1485 671 1549 excommunicato
689 1485 829 1550 tolerato
846 1485 1030 1550 confectum
1051 1486 1108 1563 sit,
1127 1485 1175 1548 ni-

58 1626 75 1663 «
95 1602 268 1667 hilominus
291 1602 323 1664 in
344 1600 417 1665 foro
441 1609 576 1667 externo
603 1601 759 1665 infirmari
789 1602 927 1685 poterit,
956 1602 982 1665 si
1008 1620 1175 1684 opponens

58 1742 75 1780 a
94 1719 461 1783 excommunicationem
479 1719 675 1785 sufficienter
689 1718 827 1801 probare
842 1719 977 1801 possit.»
997 1718 1172 1804 (Pirrhing,

55 1836 131 1899 loco
154 1834 264 1916 citat03
288 1841 323 1898 et
341 1835 387 1898 ita
406 1837 622 1900 communiter
640 1833 802 1910 doctores,
830 1840 866 1897 ut
885 1833 997 1899 videre
1016 1841 1067 1898 est
1089 1833 1176 1917 apud

61 1952 218 2033 Laymam
237 1951 338 2012 Tlteol.
358 1971 449 2030 mor„
469 1957 564 2014 tract.
585 1954 616 2022 5,
636 1968 668 2032 p.
688 1954 719 2027 2,
742 1970 775 2015 n.
801 1947 864 2033 15).

106 2070 137 2128 5.
164 2063 279 2146 Quoad
294 2067 480 2149 requisitam
496 2074 625 2131 atatem
640 2068 765 2151 niquis
783 2067 928 2132 notarius
943 2087 1001 2131 seu
1021 2065 1178 2131 cancella·

58 2182 129 2247 rius
158 2182 264 2246 creari
290 2182 408 2264 possit,
436 2183 516 2246 nihil
540 2184 670 2266 reperio
692 2181 897 2265 dispositum,
924 2183 985 2247 nisi
1004 2182 1092 2267 quod
1114 2202 1178 2247 non

62 2298 186 2378 possint
211 2295 253 2360 ad
275 2296 310 2360 id
333 2296 432 2361 oflicii
455 2297 573 2362 assumi
600 2296 787 2380 impuberes
811 2297 899 2383 (lege
928 2301 959 2374 3,
987 2300 1001 2376 5
1026 2302 1056 2376 5,
1082 2298 1115 2363 ff.
1142 2300 1179 2361 dc

63 2410 223 2495 Testibas).

116 2551 132 2588 u
148 2529 187 2592 111
201 2547 335 2605 summa,
351 2529 529 2613 omnesqui
546 2531 764 2595 atestimonio
780 2526 996 2613 repelluntur,
1015 2532 1180 2614 repellun-

67 2675 81 2699 «
99 2653 157 2710 tur
167 2664 295 2729 quoque
312 2666 330 2710 a
347 2643 519 2712 nota'riatu.
535 2669 550 2708 n
570 2648 776 2732 (bautonius,
799 2652 904 2709 Forum
919 2650 1003 2723 eccl,
1016 2649 1049 2710 in
1060 2648 1112 2712 tit.
1124 2651 1178 2726 22,

62 2761 140 2825 libri
156 2763 175 2824 2
192 2760 333 2838 decret,
353 2781 384 2846 q.
404 2760 495 2845 689.)

579 3028 594 3100 „i
615 3022 669 3088 tx.

106 3257 208 3304 leuetur
215 3253 286 3316 judex
297 3253 468 3304 ecclesiasticus
482 3253 597 3303 notarium
608 3265 648 3303 sou
662 3252 825 3303 cancellarium
840 3253 950 3303 adhibere
964 3261 1009 3303 tam
1024 3248 1146 3314 injudicio

421 3352 549 3412 ordinario,
561 3364 629 3415 quam
639 3352 663 3400 in
675 3351 811 3400 summario.

117 3579 282 3644 Probatur
296 3601 336 3645 ex
351 3580 509 3671 decretali
522 3588 669 3663 Quoniam
690 3583 717 3668 (l
729 3587 757 3659 l,
774 3582 861 3646 tituli
880 3584 931 3660 19,
946 3578 1021 3645 libri
1035 3582 1055 3643 2
1075 3576 1187 3643 decre·
1291 3666 1295 3676 ῃ

73 3693 212 3777 talium),
237 3696 278 3760 ab
304 3698 492 3762 Innocentio
516 3699 563 3763 lll
588 3699 654 3764 lata
679 3699 713 3762 in
736 3699 870 3763 concilio
895 3696 1038 3779 generali
1056 3696 1188 3758 Latera·

75 3812 168 3875 nensi
192 3813 247 3888 lv,
267 3832 350 3878 anno
377 3816 483 3878 1215:
505 3819 675 3878 Statutmus
698 3822 733 3876 ut
759 3822 820 3876 tom
840 3820 873 3874 io
895 3815 1051 3875 ordinario
1069 3812 1188 3892 jatdicio

74 3948 163 4007 quam
176 3933 432 4009 extraordinario,
444 3933 544 4011 judex
559 3950 672 4012 semper
686 3931 839 4010 adhibeat,
859 3935 913 3990 out
926 3929 1077 4010 publicum
1094 3932 1121 3989 ει·
1135 3945 1189 4007 po-

77 4051 134 4106 test
153 4045 260 4106 daborc
273 4065 445 4126 personam,
465 4054 519 4109 ote-t
542 4050 617 4110 duos
640 4051 722 4108 viros
746 4048 877 4122 idoneos,
901 4048 954 4124 put
971 4043 1103 4120 fideliter
1120 4046 1190 4104 uci-

76 4178 162 4220 verso
170 4163 284 4241 judicii
301 4169 369 4224 octo
383 4164 558 4225 conscribat.
1107 4140 1109 4143 Ι

122 4275 277 4354 Quamvis
296 4276 328 4338 in
344 4295 384 4340 eo
399 4275 533 4342 decreto
550 4276 694 4351 dicatur,
711 4290 803 4358 posse
824 4273 973 4339 adhiberi
1000 4272 1082 4338 duos
1106 4273 1193 4339 viros

80 4390 226 4471 idoneos,
249 4393 275 4456 si
290 4392 375 4458 desit
386 4414 514 4474 persono
527 4396 659 4477 polluo,
680 4397 829 4458 remanet
845 4409 974 4476 semper
987 4392 1128 4458 notarios
1140 4388 1194 4456 ad·
