2714 4980
515 296 595 348 raas
617 296 732 346 rmus.
1127 285 1190 349 185

72 429 126 490 titt
137 427 497 505 cousccocdcmaoocrtt,
509 429 572 489 cisi
580 443 636 507 pro
648 444 681 489 eo
696 430 815 488 tactum
829 425 908 505 qaod
929 427 963 488 ic
984 429 1110 490 momina
1122 445 1192 492 cou-

69 550 176 608 stituto
189 545 232 608 cd
245 548 311 626 ejus
317 547 512 625 praesentiam
530 562 590 607 coa
607 547 741 622 occessit,
764 542 944 622 infirmitate
958 544 1094 607 detectus
1114 542 1192 631 (cum

69 680 127 724 eoo
135 666 236 743 possit
246 665 315 743 quis
327 665 404 742 copi,
413 665 475 724 uisi
484 661 571 740 velit,
584 664 618 724 ia
630 661 773 741 providos
783 663 882 722 coasts
890 667 1116 741 procuratorem
1126 680 1192 726 coc·

68 774 217 862 stirpem),
235 784 266 842 ct
280 782 344 859 ipsc
359 778 402 841 od
413 778 605 859 probandum
620 776 831 855 infirmitatem
849 779 1191 860 compresbyterorum

67 896 226 958 dwcocum
248 896 456 970 destinaverit,
479 912 545 956 cum
561 894 712 956 absolvere
726 894 763 955 ab
787 894 890 956 mdccc
906 898 1054 957 scatentia
1068 899 1190 961 minime

67 1013 232 1093 differatis.
259 1011 438 1075 Damnatus
452 1007 563 1074 fuerat
579 1009 717 1074 clericus
731 1008 798 1075 Α...
817 1028 859 1074 ea
879 1028 918 1076 eo
933 1009 1022 1094 quod
1036 1030 1098 1076 nec
1118 1013 1188 1096 ipse

68 1125 281 1212 adjudicium
294 1126 448 1204 venisset,
460 1145 523 1192 nec
536 1134 786 1211 procuratorem
802 1127 1032 1205 constituisset,
1047 1127 1108 1194 sed
1120 1134 1188 1194 tan·

67 1251 136 1310 tum
154 1242 315 1330 quosdam
330 1244 470 1311 misisset
483 1243 528 1310 ad
541 1242 748 1328 probandum
762 1243 960 1328 infirmitatis
974 1243 1189 1328 impedimen·

65 1366 147 1426 tum.
178 1361 283 1443 Quam
304 1361 499 1427 sententiam
526 1360 601 1427 ideo
629 1361 787 1444 reprobat
803 1359 994 1426 ⁴Alerrander
1019 1361 1079 1439 ΙΙΙ,
1112 1361 1188 1447 quia

65 1494 160 1542 nemo
173 1483 309 1543 tenatur
325 1483 572 1561 procuratorem
588 1477 787 1543 constituere
809 1483 870 1541 cisi
883 1480 967 1543 uelit.
990 1478 1068 1560 Quae
1084 1477 1188 1545 verba

64 1600 123 1658 atsi
152 1597 250 1673 ocltt,
280 1601 468 1679 supponunt
491 1601 645 1680 tanquam
664 1595 812 1679 regulam
833 1594 1020 1680 generalem
1043 1595 1186 1662 liberum

64 1711 178 1798 cuique
195 1730 278 1792 esse,
295 1718 324 1776 sc·
336 1715 421 1792 velte,
438 1719 687 1797 procuratorem
705 1713 904 1780 constituere
919 1718 953 1780 et
967 1712 1185 1797 personaliter

65 1845 126 1892 non
143 1846 346 1912 comparere.

104 1946 306 2013 Rnauua3¹.
321 1948 511 2012 -Dantur
539 1946 623 2012 certi
648 1964 740 2013 casus
764 1945 798 2010 in
819 1946 938 2032 quibus
958 1944 1063 2032 judex
1087 1946 1184 2015 etiam

65 2062 198 2131 inferior
216 2062 263 2150 (id
278 2070 361 2129 esta
377 2063 529 2148 Principe
551 2059 712 2147 diversus)
731 2063 800 2130 sive
826 2062 1020 2142 ordinarius,
1038 2063 1108 2130 sive
1125 2062 1184 2130 de-

60 2177 193 2266 legatae,
218 2187 329 2264 potest
349 2188 460 2264 partes
478 2178 522 2246 ad
537 2181 754 2265 personaliter
773 2179 1031 2265 comparendum
1050 2199 1179 2266 cogere.

34 2384 39 2388 .
93 2305 224 2366 Primus
243 2319 329 2362 ocsus
345 2320 355 2362 .·
371 2300 399 2364 si
416 2318 512 2364 causa
530 2299 572 2365 sit
595 2298 782 2366 criminalis.
802 2300 883 2366 Nam
906 2300 941 2364 in
963 2318 1062 2382 supra
1084 2299 1183 2369 citata

59 2411 124 2498 (sub
142 2415 262 2499 regula
285 2411 326 2500 1¹)
343 2413 502 2481 decretali
515 2420 611 2495 rores,
637 2434 792 2499 expresse
812 2416 868 2482 illc
890 2433 983 2481 casus
1006 2416 1178 2499 excipitur.

51 2528 120 2602 llon
136 2539 253 2598 tamen
272 2532 413 2597 inomni
435 2552 530 2599 causa
556 2531 717 2599 cuminali
741 2540 853 2618 potest
875 2531 979 2619 judea
1002 2540 1113 2617 partes
1140 2532 1183 2599 ad

47 2650 276 2728 personaliter
290 2648 545 2733 comparendum
559 2669 695 2734 cogere3
713 2649 773 2717 sed
786 2657 914 2716 tantum
937 2651 964 2716 si
985 2649 1183 2733 imponenda

42 2766 88 2834 sit
101 2784 211 2853 poena
225 2764 537 2849 corporisafflictiva,
552 2767 607 2832 vel
618 2767 679 2832 alia
689 2784 760 2852 quae
773 2774 948 2851 reputetur
960 2765 1056 2832 exilio
1065 2765 1179 2852 major.

36 2876 83 2952 In
103 2882 252 2962 coeteria,
272 2882 377 2949 Reum
398 2882 445 2971 (et
459 2904 477 2949 a
492 2882 621 2951 fortiori
631 2881 795 2969 dotorem)
809 2903 902 2969 posse
917 2903 978 2968 per
991 2893 1183 2968 procurato-

28 3012 124 3072 rem
143 3018 349 3085 comparere,
368 3007 484 3067 tenent
500 3002 671 3067 canonista
684 3021 725 3067 ex
739 3003 832 3086 praxi
845 3002 1067 3069 tribunalium.
1087 3002 1181 3090 (Vide

24 3114 356 3204 Schmalzgruebee
370 3119 404 3184 in
417 3118 549 3185 titulum
566 3122 578 3184 l
599 3122 636 3184 dc
648 3122 788 3201 ludatis,
807 3120 884 3186 libri
907 3123 926 3185 2
951 3120 1177 3200 decretalium,

21 3249 75 3307 11.
97 3239 147 3304 47
162 3258 170 3322 ;
185 3244 220 3303 et
234 3237 269 3301 in
282 3236 416 3304 titulum
429 3239 472 3304 38
489 3239 527 3301 de
542 3240 812 3318 Procuratoribos,
830 3237 906 3303 libri
921 3241 933 3302 l
950 3236 1176 3319 decretalium,

20 3367 76 3424 11.
96 3350 176 3439 21.)

90 3473 254 3540 Secundus
263 3490 350 3535 ocsus
364 3490 374 3535 :
384 3470 411 3536 si
426 3470 649 3555 prestandum
661 3472 703 3536 sit
716 3468 939 3556 juramentum
949 3471 993 3539 de
1003 3473 1176 3554 calumnia,

20 3595 106 3657 aaut
120 3605 186 3672 pro
200 3587 339 3653 veriute
354 3586 505 3653 dicenda.
524 3588 564 3655 Id
578 3589 676 3655 etiam
697 3608 851 3674 expresse
868 3597 1005 3657 cavetur
1027 3591 1062 3656 in
1077 3592 1180 3659 citata

23 3701 217 3786 decretali
225 3705 321 3768 loris.
345 3702 459 3769 Potest
484 3710 593 3768 tamen
615 3705 706 3776 mitti
727 3710 922 3788 procurator
946 3726 1021 3772 cum
1048 3707 1181 3791 speciali
1301 3705 1304 3708 ⁴

23 3819 210 3888 mandato
227 3818 270 3886 ad
292 3817 512 3906 juramentum
533 3819 720 3906 hujusmodi
742 3823 981 3906 praestandum,
1000 3832 1035 3890 et
1053 3825 1099 3889 sic
1114 3843 1181 3889 non

28 3946 101 4007 est
117 3938 300 4005 necessaria
312 3938 491 4022 personalis
503 3940 686 4022 praesentia,
713 3940 787 4024 quia
806 3959 877 4006 eam
896 3960 963 4006 non
984 3942 1084 4026 exigit
1095 3939 1180 4026 juris

31 4054 242 4123 necessitas.
272 4054 329 4120 Ast
351 4053 512 4141 ejusmodi
534 4054 756 4142 juramentum
775 4056 947 4136 obsolevit,
969 4065 1007 4124 ut
1029 4076 1088 4124 suo
1105 4059 1178 4126 loco

40 4171 212 4238 dicemus.

99 4291 222 4353 Totius
235 4306 341 4351 cous·
362 4287 587 4372 sispecialiter
612 4290 789 4356 examinari
813 4294 964 4374 oporteat
986 4290 1176 4377 qualitatem
1299 4308 1302 4313 ·

48 4421 212 4489 personae,
240 4407 461 4476 maturitatem
484 4408 605 4485 aetatis,
633 4414 666 4475 et
689 4407 883 4477 facultatum
906 4409 1176 4479 intellectualium
