2714 4980
563 295 644 345 rans
664 294 779 343 rurus.
1164 278 1227 347 2⁴7

112 421 279 497 ventione.
302 419 358 485 rel
371 418 654 502 oompromisuione
679 419 832 501 partium,
856 419 912 485 vel
936 417 1106 503 privilegio
1129 419 1229 495 certis

110 536 261 623 personis
270 552 435 603 oonoesso.
456 533 594 609 Tollitur
618 551 700 600 vero
719 533 775 599 rel
791 532 1003 618 suspenditur
1023 534 1226 617 auomtioue,

109 652 347 735 proventione,
363 649 593 733 eppeuauono,
607 649 779 728 relatione,
793 656 829 715 et
843 647 1038 734 mibusdarn
1049 650 1123 733 aliis
1130 650 1229 731 inter

109 766 319 833 venientibus
331 765 580 837 commmatio
593 785 612 838 tt
627 763 704 850 iure
722 763 958 840 determinatis.

149 883 203 948 De
219 882 353 966 singnis
375 879 664 953 extraordinariam
682 879 940 965 jurisdictionem
958 880 1146 967 acquirendi
1170 881 1227 951 vet

106 995 281 1063 amittendi
295 995 402 1063 modis
416 995 469 1065 hie
480 994 642 1067 medendo
654 997 745 1067 notio
762 1004 828 1080 eot3
844 1013 908 1081 quo
925 996 1027 1073 emal
1040 1004 1226 1081 comparata

106 1102 245 1186 quisquo
256 1101 352 1171 laoile
359 1102 459 1186 possit
467 1100 668 1181 discernere,
681 1109 796 1189 nuum
807 1091 992 1187 talisjudex
1005 1100 1116 1189 quoad
1125 1102 1226 1183 talem

146 1332 176 1399 1.
203 1336 464 1416 &jurisdictione
473 1333 1114 1421 montemmaranum-nuptie
1125 1332 1223 1407 medo

103 1446 253 1532 delegari
265 1454 376 1532 potest
387 1447 571 1533 iurisdictio
583 1470 591 1514 :
606 1449 661 1517 vel
675 1468 794 1533 nempe
805 1446 1068 1535 independenter
1078 1449 1120 1517 oh
1134 1452 1224 1521 omui

102 1563 402 1646 droumaoriptinne
426 1563 636 1641 territandi,
666 1564 721 1641 rel
751 1570 914 1649 potestate
948 1571 1111 1639 eoarotuta
1133 1565 1223 1631 intre
1283 1627 1286 1631 .

101 1680 185 1749 oeru'
202 1677 338 1764 elieujus
351 1679 511 1757 territorii
521 1678 615 1753 lines
631 1680 739 1746 Priori
751 1679 848 1747 modo
860 1679 1117 1766 jmtadtattonem
1133 1679 1221 1759 dele

99 1801 210 1879 eatam
221 1794 353 1874 hebent,
369 1794 465 1869 verbi
476 1796 591 1879 gratia,
602 1793 732 1880 judiees
742 1797 859 1881 aPapa
871 1794 1013 1881 delegati
1024 1794 1133 1883 quoad
1151 1814 1221 1864 oer-

97 1915 168 1981 tam
179 1909 321 1994 aliquam
333 1927 473 1988 mulsam,
487 1909 542 1975 vel
554 1908 597 1983 ad
611 1917 719 1977 eertas
738 1929 908 1977 causarum
920 1911 1056 1995 speeies,
1072 1909 1220 1989 ubioum·

97 2042 162 2111 qne
180 2031 346 2099 terrarum
360 2024 482 2109 degant
498 2042 645 2108 persone
667 2026 756 2095 inter
779 2044 859 2113 quas
877 2025 941 2091 ille
963 2044 1065 2093 causa
1081 2033 1219 2093 vertun-

96 2146 154 2213 ω
170 2163 179 2207 :
196 2141 370 2225 posteriori
385 2139 484 2209 modo
496 2139 754 2226 jurisdictionem
777 2140 961 2225 delegatam
983 2139 1095 2219 habet,
1124 2141 1219 2217 verbi

96 2256 216 2339 mua,
231 2253 401 2339 delegatus
418 2257 515 2338 Papae
530 2253 640 2341 quood
657 2263 764 2335 sertas
777 2274 889 2321 causas
898 2253 1035 2347 alicujus
1047 2254 1217 2331 dumuxat

96 2371 285 2456 uodnoiae.
310 2369 481 2455 Quomodo
500 2371 535 2437 in
560 2378 701 2457 utroque
721 2389 798 2437 easu
817 2370 964 2457 dignosci
981 2371 1082 2455 possit
1102 2377 1215 2453 utrum

95 2489 168 2573 wis
179 2505 222 2559 ex
233 2484 457 2572 iurisdietione
470 2506 529 2553 sua
539 2485 691 2573 delegata
703 2493 892 2571 competens
905 2488 947 2557 sit
963 2486 1073 2577 quoad
1089 2495 1214 2563 tertam

96 2602 240 2688 Quam
254 2620 396 2680 oausam.
416 2602 465 2669 sie
479 2601 691 2683 determinari
702 2610 821 2687 potest.

141 2721 175 2793 1,·
198 2716 338 2799 Quando
348 2716 531 2803 jurisdictio
547 2717 698 2803 delegata
719 2736 785 2783 non
804 2719 957 2803 alligatur
969 2719 1066 2785 alicui
1079 2719 1213 2793 territo·

94 2834 155 2914 rio,
181 2841 291 2918 potest
304 2833 475 2913 ‹lillieultaa
490 2834 572 2900 solvi
585 2853 627 2900 er
644 2835 712 2907 sola
722 2833 867 2903 mandati
878 2852 938 2900 seu
956 2833 1140 2919 diplomatis
1151 2833 1210 2903 de·

94 2951 288 3036 legationem
315 2951 528 3035 exprimentia
555 2951 767 3037 inspectione.
803 2951 884 3027 Nam
912 2956 992 3017 tuno
1020 2949 1210 3027 mandatum

94 3067 256 3152 exprimet
267 3065 401 3139 ooneedi
409 3064 667 3152 jurisdictionem
677 3064 785 3152 quoad
792 3066 891 3141 talem
897 3084 1038 3144 eausam,
1046 3074 1103 3137 aut
1109 3066 1209 3135 talem

94 3200 264 3259 musarum
279 3181 438 3266 speeiem3
455 3188 489 3246 et
501 3181 597 3247 simul
613 3180 769 3247 indicabit
785 3181 846 3247 hoe
858 3180 997 3267 intelligi
1009 3180 1118 3269 quoad
1131 3201 1208 3267 per·

94 3316 185 3375 senas
195 3295 367 3382 quaslibet,
383 3304 441 3362 aut
457 3295 627 3365 dumtaxat
640 3296 749 3383 quoad
759 3296 991 3369 determinatas
1004 3298 1039 3377 in
1053 3299 1207 3383 singulari

94 3412 144 3481 rel
156 3414 192 3479 in
211 3413 336 3498 speeie3
360 3420 395 3477 et
416 3431 491 3479 oum
509 3413 605 3479 simul
625 3432 691 3483 non
713 3414 894 3497 assignetur
917 3414 983 3481 ulla
1002 3414 1208 3493 territorialis

93 3529 368 3612 pireumsoriptio‚
384 3527 447 3605 hoe
460 3529 530 3612 ipso
543 3527 580 3596 id
592 3528 842 3619 intelligendum
855 3531 946 3597 venit
959 3530 1002 3600 de
1016 3531 1111 3605 dietis
1130 3551 1206 3617 por·

93 3645 173 3725 tonis
187 3643 387 3728 ubicumque
401 3650 565 3715 terrarum
577 3642 710 3731 degant.
730 3643 1060 3713 Undesiverifieetur
1074 3665 1204 3727 causam

93 3759 130 3841 le
142 3779 211 3847 qua
222 3759 342 3843 agitur,
357 3765 393 3827 at
406 3778 561 3843 personas
573 3761 661 3827 inter
680 3779 759 3847 quas
776 3762 927 3840 vertitur,
946 3781 1017 3829 essa
1033 3761 1075 3828 de
1092 3782 1205 3829 earum

93 3895 238 3955 numero,
254 3876 290 3953 in
306 3895 387 3962 quas
398 3894 583 3959 mnoeasam
598 3877 858 3964 jurisdictionem
881 3877 1025 3945 mandeti
1041 3886 1137 3945 tenor
1154 3886 1205 3949 ta-

93 3998 204 4072 netum
221 3990 485 4063 concludendum
506 3994 570 4060 erit
589 3993 677 4060 hune
688 3992 833 4081 judicem
844 3992 952 4080 quoad
969 4012 1098 4061 oausam
1115 3994 1203 4062 illam

93 4115 331 4193 pompetentem
341 4128 411 4177 esse
423 4131 432 4193 3
445 4108 543 4177 modo
557 4117 668 4177 tamen
680 4111 898 4195 competentia
909 4107 965 4177 illa
978 4128 1133 4194 suspensa
1145 4119 1203 4178 aut

93 4223 218 4292 sublata
231 4241 297 4290 non
310 4224 412 4292 fuerit
427 4225 534 4313 aliquo
550 4246 592 4292 ex
606 4224 709 4293 modis
723 4225 809 4292 infra
821 4224 1061 4293 enumerandis.
1080 4228 1203 4307 Nolon·

93 4339 293 4423 lamentam
307 4349 367 4429 est,
381 4341 424 4409 ab
436 4341 601 4431 ordinario
615 4342 672 4429 qui
686 4349 778 4410 eerto
795 4342 961 4439 territorio
972 4322 1099 4429 affinem
1105 4343 1203 4433 juris·
