2714 4980
200 267 240 330 34
545 279 732 332 menceus
754 283 800 332 nn
822 281 969 332 maccus.

198 410 348 490 uopu.·ec
363 411 390 470 si
403 425 434 470 εσ
448 408 567 488 quidun
575 412 701 489 stiterit,
714 414 744 472 et
754 411 905 490 eeoascssas
914 409 967 471 'aet
978 412 1127 471 convictas
1135 409 1240 488 suerit,
1254 414 1328 473 ua

199 531 302 587 taatar
312 543 413 606 poena.
431 527 578 589 Stantem
591 530 711 588 uocatas
726 544 787 590 aaa
796 530 949 608 partierit,
963 532 1082 588 uocetur
1095 526 1231 604 secundo,
1244 529 1314 588 mis-

195 647 239 704 sis
259 644 301 705 ad
309 639 381 705 'mm
392 644 506 711 duatus.
519 645 686 725 Episcopis.
701 647 737 708 Si
751 649 842 708 etium
856 649 899 707 sic
911 663 972 708 noa
992 645 1171 722 obaudierit,
1193 648 1313 705 vocetur

196 762 296 837 tertio,
318 759 432 821 domim
445 763 556 844 iterum
565 760 720 839 Episcopis
735 760 776 822 ad
790 763 888 840 ipsam
902 762 1012 821 missis.
1030 759 1065 822 Si
1078 764 1178 820 autem
1192 758 1240 818 oet
1254 762 1308 837 sic,

193 892 369 955 aspernans,
385 893 415 936 se
432 879 633 954 eonstiterit,
651 877 781 956 spnodas
788 879 965 957 proaaatiet
980 875 1016 937 de
1030 878 1095 956 c'pso
1114 875 1193 954 qaod
1213 877 1312 936 uisam

191 993 286 1071 suerit
294 1013 310 1071 ,·
324 1010 361 1054 ne
375 993 516 1055 uideatur
528 994 642 1054 tucrum
654 993 966 1075 reportarejudiciam
981 991 1160 1072 effapieado.
1174 989 1242 1054 Nec
1253 987 1313 1054 mi·

191 1125 253 1172 nus
265 1107 344 1174 fucit
360 1106 403 1174 cd
420 1127 493 1174 rem
505 1127 609 1174 canon
624 1109 664 1174 74
682 1112 741 1174 :Ia
757 1115 957 1174 testimoniam
972 1111 1116 1172 adversas
1133 1109 1314 1190 Episcopum

191 1229 346 1294 americus
363 1251 401 1294 ae
418 1233 623 1318 admittatur:
639 1232 692 1295 sed
708 1250 760 1295 nec
777 1251 854 1296 anas
871 1233 952 1295 sotus
967 1231 1079 1309 fidelis.
1106 1232 1145 1294 In
1159 1249 1209 1292 ore
1231 1235 1313 1294 euim

190 1349 318 1411 duorum
341 1351 389 1411 aet
412 1354 506 1412 triam
528 1353 648 1411 testium
672 1349 766 1412 stabit
789 1367 873 1411 omae
899 1348 1032 1410 uerbum.
1061 1342 1154 1432 (vide
1180 1351 1310 1412 textum

191 1481 332 1547 grecum
355 1464 472 1530 horum
491 1482 653 1530 canonum
669 1462 761 1550 apud>
773 1463 894 1542 nabbe,
915 1471 995 1530 tom.
1012 1464 1041 1541 1,
1059 1481 1133 1547 pag.
1151 1462 1206 1540 40,
1220 1459 1304 1528 edit.

188 1578 306 1645 Venet.
325 1577 437 1666 1728.)

232 1697 317 1762 Item
331 1695 422 1780 apud
434 1695 582 1763 eruditos
596 1716 657 1781 pro
666 1716 703 1763 re
716 1704 884 1782 comperta
894 1695 1046 1775 hebetur,
1059 1697 1307 1764 constitutiones

186 1832 256 1899 quae
282 1812 437 1879 dicuntur
460 1815 698 1898 apostolorum,
727 1813 804 1880 licet
827 1822 936 1882 sancto
963 1814 1120 1881 Clementi
1142 1813 1223 1880 falso
1249 1812 1308 1880 od·

184 1935 331 2014 scriptas,
350 1949 420 1996 esse
434 1937 543 1996 tomen
557 1937 673 2016 quarto
696 1931 814 1998 saeculo
828 1933 1018 2011 anteriores,
1037 1932 1147 2016 eisque
1169 1931 1307 2016 exprimi

185 2040 389 2132 disciplinam
412 2055 446 2114 et
476 2052 597 2114 statum
623 2049 772 2114 Ecclesiae
801 2056 880 2115 tunc
906 2049 1063 2132 temporis
1087 2046 1301 2114 obtinentem.

181 2164 254 2229 Jem
264 2184 344 2230 vero
357 2183 454 2250 quom
468 2172 583 2249 aperte
598 2165 707 2232 forum
722 2165 872 2231 Ecclesiae
887 2165 1134 2243 contentiosum,
1150 2182 1209 2229 seu
1227 2183 1306 2249 pro·

183 2282 254 2366 prie
266 2280 387 2348 dictam
394 2280 600 2366 judiciarium
609 2287 806 2367 potestatem
816 2287 992 2361 testentur,
1002 2283 1138 2368 quisque
1152 2281 1247 2347 facile
1262 2303 1304 2350 ex

182 2398 395 2485 sequentihus
409 2397 555 2464 textibus
569 2399 758 2484 perspicere
769 2407 899 2483 potest:
914 2404 1057 2481 Quocirca
1072 2401 1169 2480 stade,
1185 2402 1304 2482 oEpts-

181 2535 264 2599 copo,
272 2524 306 2581 at
315 2519 444 2581 mandas
445 2535 599 2600 parasque
607 2523 691 2582 sis...
701 2519 922 2599 Acsicquidem
933 2522 967 2581 ia
975 2519 1107 2581 Ecclesia
1116 2518 1184 2581 sedo
1194 2536 1304 2581 sorau·

180 2651 248 2696 rum
261 2635 385 2713 faciens,
402 2639 438 2696 ut
454 2638 508 2714 qai
520 2640 696 2715 potestatem
707 2634 815 2697 dairas
821 2635 985 2716 judicandi
1000 2653 1047 2696 eos
1056 2638 1109 2714 qai
1117 2641 1300 2714 peccarant:

179 2755 319 2831 paeoniam
333 2752 416 2814 eoois
433 2751 588 2832 Episcopis
611 2752 724 2814 dictam
744 2757 803 2831 est,
829 2752 1030 2832 quodcumqae
1046 2752 1189 2832 licaveris
1211 2771 1301 2833 saper

180 2876 332 2934 terram...
355 2867 411 2955 (tib
424 2871 456 2948 2,
475 2889 504 2933 c.
524 2865 591 2954 ll).
608 2871 718 2934 iudica
732 2875 839 2952 ipitar‚
854 2873 1008 2952 Episcopo,
1019 2876 1168 2951 potestate
1186 2872 1295 2952 fretas,

180 2994 322 3070 tanquam
347 2989 514 3051 Doassscd
532 2991 712 3068 poenitentes
737 2991 854 3069 recipe:
871 2989 951 3050 Deus
979 2991 1059 3050 enim
1086 2989 1300 3051 misericordia

177 3112 221 3168 est
239 3104 324 3191 (12,
342 3123 371 3168 c.
389 3101 455 3189 te).
472 3106 652 3193 Episcopum
666 3109 782 3184 oportet
801 3109 880 3166 recte
892 3105 1045 3185 judicare,
1061 3107 1138 3166 sicat
1152 3107 1299 3184 scriptam

178 3228 235 3301 cst,
246 3225 365 3303 justam
379 3222 531 3302 pacticiam
541 3221 721 3302 judicate...
737 3222 841 3283 Estote
862 3223 958 3301 ipitar
973 3226 1116 3301 tanquam
1128 3224 1299 3301 arpcatorii

175 3342 290 3419 periti:
305 3341 435 3399 atenim
458 3336 491 3398 tui
507 3343 642 3399 nummos
665 3337 852 3400 adulterinos
876 3341 1046 3418 seprcpaat,
1061 3335 1171 3416 probos
1196 3311 1297 3399 autem

177 3457 235 3519 sibi
257 3455 438 3537 adjuapuat,
464 3457 507 3516 sic
520 3458 636 3534 oportet
650 3455 839 3536 Episcopum,
861 3473 926 3534 qua
947 3457 1033 3516 uitiis
1053 3433 1173 3532 quidem
1193 3458 1298 3517 carent

176 3576 315 3652 retinere,
331 3575 441 3634 uitiosa
455 3589 524 3633 uero
543 3571 591 3632 aet
608 3589 723 3650 curare,
744 3573 792 3634 aet
817 3575 846 3633 si
867 3577 912 3634 est
931 3570 1078 3652 apritado
1099 3570 1291 3651 insanabilis,

175 3690 349 3772 eapcttcre;
363 3694 393 3751 et
406 3707 467 3752 noa
479 3688 614 3750 celeriter
625 3694 792 3770 amputare,
813 3707 905 3770 aeque
919 3689 1073 3769 quibusvis
1088 3688 1217 3749 eredere.
1233 3688 1295 3750 Usu

176 3813 256 3871 enim
275 3810 377 3870 maire
395 3808 481 3887 sotet,
497 3812 533 3869 ut
553 3807 677 3886 quidam
692 3812 817 3887 propter
836 3807 1056 3869 aemulationem
1069 3810 1124 3868 oat
1145 3805 1296 3869 iuvidiam

176 3931 281 3990 contra
293 3927 421 4006 fratrem
435 3925 565 4005 aliquem
578 3924 689 4003 falsam
703 3928 867 3988 instituant
879 3927 1106 4001 accusationem,
1121 3927 1156 3984 at
1171 3923 1231 3985 duo
1244 3922 1296 3986 itii

176 4062 258 4106 senes
271 4043 423 4124 Babylone
435 4041 579 4104 aduersas
591 4043 776 4120 Sazunnam,
786 4041 885 4104 'attila
894 4043 1042 4121 AEppptia
1052 4045 1158 4102 contra
1170 4039 1294 4120 toseptu.
1312 4077 1313 4081 =

179 4164 224 4225 Ta
234 4165 341 4241 ipitar,
356 4165 392 4223 at
405 4158 490 4222 domo
502 4161 569 4238 Dei,
586 4176 624 4220 ae
634 4157 804 4239 hujumodi
818 4162 1019 4221 accusationes
1029 4157 1119 4238 facite
1131 4157 1291 4236 admittes,

174 4294 212 4340 ne
225 4279 559 4357 iaameatemperimos,
570 4280 600 4336 et
610 4273 891 4356 occidasjastam...
908 4276 1053 4352 Quocirca
1071 4292 1137 4336 cum
1154 4273 1231 4337 tutes
1245 4272 1297 4336 tuo·

174 4398 269 4459 minos
286 4394 369 4458 vobis
395 4397 460 4457 noti
482 4397 582 4470 crant,
608 4391 822 4475 imprudentes,
838 4408 1000 4476 perpaucos,
1019 4394 1072 4472 qai
1098 4391 1197 4454 aliem
1220 4391 1297 4456 bono
