2714 4980
119 313 182 377 190
451 323 640 371 mauranus
664 325 708 371 nu
730 323 881 374 sonions.

116 464 179 519 tere
190 455 324 536 aequn‘ld
335 454 474 529 curuos,
496 471 562 515 cum
582 453 635 514 illc
650 453 716 514 litis
731 453 928 517 deminuerit
947 455 1089 533 effectam
1114 457 1177 516 nist
1192 453 1233 516 di·

114 579 194 634 ctum
209 576 242 633 ia
259 574 479 647 constitutione,
502 569 580 648 quod
594 587 654 630 noa
669 567 755 645 fieret
768 570 876 631 melior
892 567 1025 630 conditio
1040 573 1228 650 occupantes

116 694 186 750 tuac
210 691 289 748 caim
307 690 335 747 st
358 704 424 747 eom
441 690 494 765 qut
512 689 680 765 occupavit,
707 685 874 764 infirmari,
896 689 995 763 most,
1018 686 1174 747 obseram
1187 686 1227 748 cel

114 804 195 866 alios
211 804 353 884 impediri
372 806 516 882 contioni,
541 808 595 863 out
615 806 646 862 si
667 807 806 881 prosequi
823 803 902 882 sorte
917 803 1007 879 nolit,
1025 806 1141 882 potnit
1159 803 1223 866 oller

115 925 262 1001 succipere
281 939 317 981 oc
325 918 472 1000 perficere
485 924 636 999 acqottom
652 919 691 980 ab
711 919 774 980 alto
788 919 982 997 inchoatum
992 921 1066 981 dam
1082 925 1177 982 tamea
1192 922 1219 983 cl

115 1038 178 1100 ulio
198 1055 258 1099 aon
277 1037 370 1115 suerit
388 1036 469 1097 alian
486 1036 681 1113 substitutam
696 1052 767 1096 acm
784 1040 814 1097 st
833 1039 885 1114 ait,
906 1039 934 1097 ta
953 1036 1099 1114 profari
1122 1035 1218 1099 debebit

117 1155 222 1216 cidem

638 1343 654 1415 5
671 1339 714 1402 Il.

369 1536 468 1594 Quinam
481 1536 526 1585 sibl
540 1541 715 1598 procuratorem
726 1535 868 1584 constituere
880 1535 981 1596 possint.

162 1738 313 1821 Exceptis
330 1736 369 1801 iis
386 1737 443 1820 qui
457 1755 476 1801 a
492 1737 566 1820 lege
582 1735 812 1819 prohibentur,
832 1753 947 1800 omnes
966 1743 1104 1818 possunt
1121 1752 1232 1819 procu*

118 1861 260 1921 ratonem
280 1853 340 1918 sibi
357 1852 570 1919 constituere.
594 1852 672 1934 Qua
689 1853 849 1936 generalis
870 1851 986 1935 regula
1004 1853 1128 1918 nullam
1147 1840 1252 1935 apud'

115 1971 197 2058 juris
211 1971 381 2054 utriusque
391 1971 515 2053 peritos
525 1969 779 2034 controversiam
794 1969 929 2051 patitur.
951 1968 1114 2035 Inhabiles
1127 1975 1235 2034 autern

118 2085 251 2153 suntad
267 2094 516 2170 procuratorem
533 2086 595 2151 sihi
609 2083 875 2151 constituendum
893 2107 900 2152 :

166 2209 198 2269 1⁰
217 2203 375 2287 Pupillus,
392 2211 425 2268 et
438 2203 545 2267 minor
559 2200 682 2267 habens
697 2209 899 2279 curatorem,
919 2202 982 2268 nisi
997 2210 1166 2269 concurrat
1177 2207 1236 2264 tu*

118 2323 199 2388 toris
219 2340 278 2386 seu
296 2320 455 2385 curatoris
472 2320 659 2385 auctoritas.
691 2319 742 2384 Ita
764 2319 1000 2384 Justiuianeum
1017 2317 1081 2404 jus,
1107 2320 1141 2384 in
1163 2318 1232 2384 fort)

119 2437 338 2503 ecclesiastico
356 2442 528 2518 receptum
542 2432 650 2519 quoad
665 2432 908 2517 dispositionem
923 2435 1022 2501 illam.

164 2559 201 2620 2⁰
215 2557 312 2632 Item,
336 2560 370 2619 et
389 2573 430 2619 ex
453 2551 572 2619 eodem
590 2551 665 2638 jure
681 2551 825 2619 Romano
847 2552 889 2618 ab
911 2553 1058 2621 Ecclesia
1086 2561 1221 2640 recepta,

118 2672 206 2738 filius
212 2671 347 2736 familias
356 2672 388 2736 in
402 2671 505 2735 causis
516 2687 578 2752 pro
589 2670 707 2754 quibus
714 2670 776 2753 ipsi
786 2667 948 2754 injudicio
959 2678 1047 2737 stare
1060 2673 1220 2739 nonlicet:

120 2789 207 2872 capti
223 2788 265 2852 ab
280 2786 428 2852 hostilius
445 2808 453 2853 :
471 2793 505 2851 et
523 2786 722 2869 generaliter
744 2786 768 2850 ii
788 2787 844 2870 qui
863 2787 971 2872 aliqua
992 2787 1035 2854 de
1057 2806 1152 2857 muso
1170 2806 1223 2854 non

120 2911 196 2971 sunt
206 2925 318 2971 rerum
333 2923 465 2970 suarum
476 2903 609 2969 domini.

165 3027 199 3090 3ο
223 3022 504 3088 Excommunioati
537 3024 867 3089 excommunicatione
898 3022 1033 3108 majore,
1069 3024 1154 3090 sicut
1182 3041 1227 3088 ne·

121 3145 246 3226 queunt
269 3139 406 3205 dotores
424 3158 505 3215 esse,
532 3138 579 3203 ita
605 3157 665 3203 nec
689 3140 888 3205 constituere
911 3147 1162 3224 procuratorem
1181 3139 1229 3226 qni

123 3275 238 3322 eorum
255 3256 328 3321 loco
342 3263 429 3338 agat.
447 3253 661 3320 Concluditur
677 3274 718 3320 cx
730 3257 835 3339 capite
845 3259 983 3322 Consulti
999 3257 1066 3344 (15,
1083 3259 1172 3325 tituli
1180 3259 1226 3332 lt,

120 3372 222 3438 libril
239 3369 480 3455 decretalium),
499 3372 534 3435 in
549 3389 615 3455 quo
633 3369 821 3437 declaratur
843 3391 936 3456 posse
961 3380 1121 3458 tanquam
1142 3372 1232 3439 Actor

122 3488 253 3554 admitti
272 3487 440 3573 cujusdam
463 3489 702 3554 communitatis
721 3496 927 3572 procurator,
946 3489 1046 3556 modo
1068 3499 1181 3557 tamen
1204 3491 1233 3556 in

121 3605 276 3673 mandato
289 3625 354 3672 non
368 3606 569 3688 exprimatur
580 3625 655 3670 eum
672 3605 825 3671 constitui
834 3605 875 3670 ab
890 3607 928 3670 iis
943 3604 1232 3685 decommunitxte‚

121 3725 177 3810 qni
192 3722 306 3807 majori
324 3729 400 3788 suut
416 3722 747 3787 excommunicatione
765 3721 923 3788 innodati.

166 3843 201 3906 4⁰
220 3841 360 3908 Possunt
378 3837 527 3923 praedicti
541 3839 822 3917 excommunicati,
843 3840 870 3905 si
888 3840 923 3903 in
937 3838 1100 3925 judicium
1122 3861 1235 3909 vocen-

121 3968 178 4026 tur
204 3967 358 4045 tanquam
383 3958 454 4036 Rei,
481 3976 553 4023 sese
576 3977 639 4041 per
663 3963 912 4041 procuratorem
934 3958 1118 4026 defendere
1137 3983 1146 4028 ι
1163 3966 1235 4042 Ordo

119 4079 282 4158 postulasti
297 4096 317 4138 o
331 4078 416 4138 nodis
433 4081 536 4137 atrum
553 4080 824 4137 eoecmamaaa'cotus
846 4081 879 4138 ia
893 4079 1012 4158 judicio
1029 4085 1112 4142 stare
1122 4084 1235 4161 potat·

123 4195 341 4273 respondemus,
362 4193 441 4272 qaod
452 4196 605 4253 couocairi
618 4196 726 4272 potest,
751 4197 780 4254 ct
795 4194 880 4255 dedet
888 4212 945 4273 per
958 4195 1055 4257 altum
1066 4196 1236 4277 respondere

122 4312 293 4392 lojadtoi0;
304 4328 341 4372 ae
355 4311 495 4372 uideatur
505 4311 543 4371 de
552 4327 606 4370 sata
620 4309 740 4370 molitio
755 4313 938 4374 commodam
952 4320 1107 4392 reportare
1123 4311 1266 4398 (capite‘

123 4429 332 4493 Intelleximus
348 4434 378 4504 7,
397 4428 434 4490 dc
451 4420 604 4509 dediciis).
