2714 4980
129 335 193 398 340
475 351 663 397 anscherus
683 351 728 397 un
749 349 901 396 ruorcns.

128 495 163 543 se
192 477 322 561 omniuo
349 475 547 559 profitentur
568 475 751 553 catholicos,
775 474 870 541 dictis
894 479 930 540 ct
953 474 1086 557 scriptis
1106 472 1240 559 quotidie

127 602 385 683 propugnantur.
406 592 532 680 Ecquid
552 591 687 661 tandem
711 592 872 660 libertatis
894 592 928 657 in
946 589 1128 658 scribendo
1146 610 1240 656 rema·

126 710 227 789 nebit,
246 712 271 775 si
285 713 433 795 privatus
447 712 480 774 in
494 712 621 795 privato
643 710 763 793 scripto
786 716 901 774 auctor
917 709 953 775 id
971 708 1072 776 hodie
1100 707 1238 792 proferre

126 834 279 911 nequeat,
305 825 393 911 quod
416 826 578 892 communi
603 845 683 892 voce
706 824 861 892 doctores
884 825 1035 890 catholici
1059 832 1239 890 constanter

124 940 310 1021 tradidere,
339 943 373 1008 in
395 961 461 1027 quo
482 950 517 1008 et
541 937 690 1026 genuina
727 941 882 1007 doctrina
911 941 1095 1025 puritatem
1123 940 1175 1006 vel
1198 940 1237 1005 illi

124 1065 311 1143 agnoscunt,
323 1061 379 1145 qui
393 1059 435 1126 de
451 1080 489 1125 ea
502 1059 665 1125 silentium
677 1058 904 1142 expostulant?
919 1059 1007 1124 Dum
1018 1057 1159 1124 effraenis
1174 1057 1233 1122 uhi

117 1193 186 1262 que
203 1177 350 1244 locorum
372 1195 510 1244 erronee
530 1175 693 1243 scribendi
713 1174 863 1255 libertas,
891 1173 971 1261 quid
996 1176 1084 1242 tanti
1106 1174 1231 1259 periculi

119 1292 290 1359 imminere
311 1295 499 1373 somniatur,
518 1296 545 1359 si
559 1294 631 1378 quis
652 1293 781 1377 privato
804 1292 933 1359 nomine
958 1310 1059 1377 quam
1083 1291 1229 1356 sinceram

118 1418 252 1495 reputat
280 1409 460 1476 doctrinam
483 1408 683 1488 catholicam,
705 1409 739 1474 in
754 1409 899 1475 medium
923 1408 1080 1493 proferre
1098 1405 1228 1472 audeat?

119 1527 190 1591 Non
201 1525 384 1610 prudentiae
401 1528 429 1592 is
448 1534 555 1593 metus
567 1534 628 1605 est,
648 1527 708 1592 sed
721 1527 778 1612 qui
795 1525 989 1592 malesanam
1002 1525 1113 1608 potius
1123 1522 1224 1606 eaput,

116 1649 188 1708 tum
205 1641 248 1710 de
267 1662 306 1708 re
325 1644 396 1727 ipsa
411 1643 580 1723 catholica,
602 1651 672 1710 tum
690 1643 732 1710 de
752 1642 986 1710 hodiernorum
999 1642 1101 1708 etiam
1112 1648 1226 1722 tempo

115 1773 188 1820 rum
201 1756 326 1821 ratione
342 1756 598 1822 estimationem.
612 1752 718 1842 Atque
730 1757 854 1822 utinum
865 1753 1002 1834 multos,
1015 1753 1076 1840 qui
1088 1771 1123 1818 se
1133 1751 1224 1817 istim·

114 1871 204 1937 modi
221 1870 403 1956 prudentia
426 1878 589 1957 pretextu
603 1879 639 1939 et
650 1873 743 1939 larva
763 1873 947 1950 involvunt,
966 1870 1156 1956 proditores
1173 1868 1221 1932 ho·

116 1988 214 2056 etesia
227 2005 292 2053 non
306 1994 393 2054 esset
408 1989 507 2054 toties
521 1992 676 2072 exportat
770 2007 773 2011 ’
1130 1986 1133 1992 ’
