<?xml version="1.0" encoding="UTF-8"?>
<!DOCTYPE html PUBLIC "-//W3C//DTD XHTML 1.0 Transitional//EN"
    "http://www.w3.org/TR/xhtml1/DTD/xhtml1-transitional.dtd">
<html xmlns="http://www.w3.org/1999/xhtml" xml:lang="en" lang="en">
 <head>
  <title>
</title>
<meta http-equiv="Content-Type" content="text/html;charset=utf-8" />
  <meta name='ocr-system' content='tesseract 3.04.00' />
  <meta name='ocr-capabilities' content='ocr_page ocr_carea ocr_par ocr_line ocrx_word'/>
</head>
<body>
  <div class='ocr_page' id='page_1' title='image "./tractatusdejudi00bouigoog_0197.png"; bbox 0 0 2714 4980; ppageno 0'>
   <div class='ocr_carea' id='block_1_1' title="bbox 145 266 913 333">
    <p class='ocr_par' dir='ltr' id='par_1_1' title="bbox 145 266 913 333">
     <span class='ocr_line' id='line_1_1' title="bbox 145 266 913 333; baseline -0.009 -1"><span class='ocrx_word' id='word_1_1' title='bbox 145 266 207 333; x_wconf 79' lang='grc'><strong><em>184</em></strong></span> <span class='ocrx_word' id='word_1_2' title='bbox 489 280 676 330; x_wconf 74' lang='lat' dir='ltr'><strong><em>reserares</em></strong></span> <span class='ocrx_word' id='word_1_3' title='bbox 700 283 744 328; x_wconf 85' lang='lat' dir='ltr'><strong><em>na</em></strong></span> <span class='ocrx_word' id='word_1_4' title='bbox 765 279 913 328; x_wconf 78' lang='lat' dir='ltr'><strong><em>inntens.</em></strong></span> 
     </span>
    </p>
   </div>
   <div class='ocr_carea' id='block_1_2' title="bbox 131 400 1354 2711">
    <p class='ocr_par' dir='ltr' id='par_1_2' title="bbox 131 400 1354 2239">
     <span class='ocr_line' id='line_1_2' title="bbox 139 400 1262 493; baseline -0.003 -19"><span class='ocrx_word' id='word_1_5' title='bbox 139 400 243 493; x_wconf 70' lang='lat' dir='ltr'><strong><em>lator;¹</em></strong></span> <span class='ocrx_word' id='word_1_6' title='bbox 261 404 351 473; x_wconf 90' lang='lat' dir='ltr'><strong><em>unde</em></strong></span> <span class='ocrx_word' id='word_1_7' title='bbox 365 404 392 471; x_wconf 89' lang='lat' dir='ltr'><strong><em>si</em></strong></span> <span class='ocrx_word' id='word_1_8' title='bbox 405 405 452 471; x_wconf 91' lang='lat' dir='ltr'><strong><em>ita</em></strong></span> <span class='ocrx_word' id='word_1_9' title='bbox 465 405 546 472; x_wconf 80' lang='lat' dir='ltr'><strong><em>velit</em></strong></span> <span class='ocrx_word' id='word_1_10' title='bbox 566 405 666 490; x_wconf 91' lang='lat' dir='ltr'><strong><em>Papa,</em></strong></span> <span class='ocrx_word' id='word_1_11' title='bbox 687 404 889 473; x_wconf 89' lang='lat' dir='ltr'><strong><em>tenebuntur</em></strong></span> <span class='ocrx_word' id='word_1_12' title='bbox 906 408 1018 488; x_wconf 87' lang='lat' dir='ltr'><strong><em>partes</em></strong></span> <span class='ocrx_word' id='word_1_13' title='bbox 1034 421 1097 490; x_wconf 89' lang='lat' dir='ltr'><strong><em>per</em></strong></span> <span class='ocrx_word' id='word_1_14' title='bbox 1117 421 1154 472; x_wconf 90' lang='lat' dir='ltr'><strong><em>se</em></strong></span> <span class='ocrx_word' id='word_1_15' title='bbox 1178 404 1262 488; x_wconf 86' lang='lat' dir='ltr'><strong><em>ipsas</em></strong></span> 
     </span>
     <span class='ocr_line' id='line_1_3' title="bbox 140 521 1262 610; baseline -0.004 -20"><span class='ocrx_word' id='word_1_16' title='bbox 140 525 174 591; x_wconf 89' lang='lat' dir='ltr'><strong><em>in</em></strong></span> <span class='ocrx_word' id='word_1_17' title='bbox 192 523 315 610; x_wconf 86' lang='lat' dir='ltr'><strong><em>judicio</em></strong></span> <span class='ocrx_word' id='word_1_18' title='bbox 328 531 426 589; x_wconf 90' lang='lat' dir='ltr'><strong><em>stare.</em></strong></span> <span class='ocrx_word' id='word_1_19' title='bbox 443 521 536 588; x_wconf 88' lang='lat' dir='ltr'>Idem</span> <span class='ocrx_word' id='word_1_20' title='bbox 552 526 679 589; x_wconf 90' lang='lat' dir='ltr'><strong><em>eruitur</em></strong></span> <span class='ocrx_word' id='word_1_21' title='bbox 690 542 732 589; x_wconf 84' lang='lat' dir='ltr'><strong><em>ex</em></strong></span> <span class='ocrx_word' id='word_1_22' title='bbox 747 523 851 606; x_wconf 88' lang='lat' dir='ltr'><strong><em>eapite</em></strong></span> <span class='ocrx_word' id='word_1_23' title='bbox 867 525 953 587; x_wconf 81' lang='lat' dir='ltr'><strong><em>laris</em></strong></span> <span class='ocrx_word' id='word_1_24' title='bbox 973 524 1003 601; x_wconf 90' lang='lat'><strong><em>1,</em></strong></span> <span class='ocrx_word' id='word_1_25' title='bbox 1016 522 1108 588; x_wconf 88' lang='lat' dir='ltr'><strong><em>tituli</em></strong></span> <span class='ocrx_word' id='word_1_26' title='bbox 1122 525 1162 587; x_wconf 85' lang='lat' dir='ltr'><strong><em>de</em></strong></span> <span class='ocrx_word' id='word_1_27' title='bbox 1176 524 1262 586; x_wconf 81' lang='lat' dir='ltr'><strong><em>ludi-</em></strong></span> 
     </span>
     <span class='ocr_line' id='line_1_4' title="bbox 139 639 1261 725; baseline -0.004 -19"><span class='ocrx_word' id='word_1_28' title='bbox 139 647 196 706; x_wconf 82' lang='lat' dir='ltr'><strong><em>ciis</em></strong></span> <span class='ocrx_word' id='word_1_29' title='bbox 208 643 239 720; x_wconf 88' lang='lat' dir='ltr'><strong><em>l,</em></strong></span> <span class='ocrx_word' id='word_1_30' title='bbox 256 641 334 707; x_wconf 89' lang='lat' dir='ltr'><strong>libri</strong></span> <span class='ocrx_word' id='word_1_31' title='bbox 351 640 429 719; x_wconf 80' lang='lat' dir='ltr'><strong><em>2,i11</em></strong></span> <span class='ocrx_word' id='word_1_32' title='bbox 446 643 483 725; x_wconf 84' lang='lat'><strong><em>6;</em></strong></span> <span class='ocrx_word' id='word_1_33' title='bbox 502 640 537 705; x_wconf 92' lang='lat' dir='ltr'><strong><em>in</em></strong></span> <span class='ocrx_word' id='word_1_34' title='bbox 550 658 614 725; x_wconf 88' lang='lat' dir='ltr'><strong><em>quo</em></strong></span> <span class='ocrx_word' id='word_1_35' title='bbox 629 642 675 706; x_wconf 88' lang='lat' dir='ltr'><strong><em>sie</em></strong></span> <span class='ocrx_word' id='word_1_36' title='bbox 690 639 902 707; x_wconf 81' lang='lat' dir='ltr'>decernitur:</span> <span class='ocrx_word' id='word_1_37' title='bbox 922 641 1261 720; x_wconf 75' lang='lat' dir='ltr'><strong><em>laricesseambipaaa</em></strong></span> 
     </span>
     <span class='ocr_line' id='line_1_5' title="bbox 140 756 1261 842; baseline -0.003 -20"><span class='ocrx_word' id='word_1_38' title='bbox 140 777 199 822; x_wconf 84' lang='lat' dir='ltr'><strong><em>aaa</em></strong></span> <span class='ocrx_word' id='word_1_39' title='bbox 212 760 344 837; x_wconf 83' lang='lat' dir='ltr'><strong><em>videtur,</em></strong></span> <span class='ocrx_word' id='word_1_40' title='bbox 359 759 493 841; x_wconf 85' lang='lat' dir='ltr'><strong><em>jadicem</em></strong></span> <span class='ocrx_word' id='word_1_41' title='bbox 506 759 676 839; x_wconf 78' lang='lat' dir='ltr'><strong><em>delepatara</em></strong></span> <span class='ocrx_word' id='word_1_42' title='bbox 696 756 760 842; x_wconf 84' lang='lat' dir='ltr'><strong><em>(qai</em></strong></span> <span class='ocrx_word' id='word_1_43' title='bbox 777 776 796 819; x_wconf 93' lang='lat' dir='ltr'><strong><em>a</em></strong></span> <span class='ocrx_word' id='word_1_44' title='bbox 811 758 886 821; x_wconf 83' lang='lat' dir='ltr'><strong><em>Sede</em></strong></span> <span class='ocrx_word' id='word_1_45' title='bbox 901 757 1073 841; x_wconf 80' lang='lat' dir='ltr'><strong><em>Apostolica</em></strong></span> <span class='ocrx_word' id='word_1_46' title='bbox 1083 758 1261 819; x_wconf 73' lang='lat' dir='ltr'><strong><em>marleiam</em></strong></span> 
     </span>
     <span class='ocr_line' id='line_1_6' title="bbox 138 870 1261 957; baseline -0.002 -19"><span class='ocrx_word' id='word_1_47' title='bbox 138 875 180 938; x_wconf 79' lang='lat' dir='ltr'><strong><em>acl</em></strong></span> <span class='ocrx_word' id='word_1_48' title='bbox 192 873 245 936; x_wconf 80' lang='lat' dir='ltr'><strong><em>baa</em></strong></span> <span class='ocrx_word' id='word_1_49' title='bbox 257 893 317 938; x_wconf 88' lang='lat' dir='ltr'><strong><em>aaa</em></strong></span> <span class='ocrx_word' id='word_1_50' title='bbox 331 879 473 956; x_wconf 75' lang='lat' dir='ltr'><strong><em>receperit</em></strong></span> <span class='ocrx_word' id='word_1_51' title='bbox 487 870 624 957; x_wconf 82' lang='lat' dir='ltr'><strong><em>speciale)</em></strong></span> <span class='ocrx_word' id='word_1_52' title='bbox 633 875 739 955; x_wconf 86' lang='lat' dir='ltr'><strong><em>jubere</em></strong></span> <span class='ocrx_word' id='word_1_53' title='bbox 754 892 814 936; x_wconf 89' lang='lat' dir='ltr'><strong><em>aaa</em></strong></span> <span class='ocrx_word' id='word_1_54' title='bbox 829 893 916 954; x_wconf 84' lang='lat' dir='ltr'><strong><em>posse</em></strong></span> <span class='ocrx_word' id='word_1_55' title='bbox 931 874 1114 936; x_wconf 77' lang='lat' dir='ltr'><strong><em>alterutram</em></strong></span> <span class='ocrx_word' id='word_1_56' title='bbox 1127 877 1261 954; x_wconf 84' lang='lat' dir='ltr'><strong><em>partiam</em></strong></span> 
     </span>
     <span class='ocr_line' id='line_1_7' title="bbox 137 990 1260 1071; baseline -0.001 -19"><span class='ocrx_word' id='word_1_57' title='bbox 137 1007 236 1052; x_wconf 85' lang='lat' dir='ltr'><strong><em>caram</em></strong></span> <span class='ocrx_word' id='word_1_58' title='bbox 254 1009 285 1052; x_wconf 87' lang='lat' dir='ltr'><strong><em>se</em></strong></span> <span class='ocrx_word' id='word_1_59' title='bbox 294 991 496 1071; x_wconf 74' lang='lat' dir='ltr'><strong><em>personaliter</em></strong></span> <span class='ocrx_word' id='word_1_60' title='bbox 513 995 547 1052; x_wconf 88' lang='lat' dir='ltr'><strong><em>ia</em></strong></span> <span class='ocrx_word' id='word_1_61' title='bbox 559 991 677 1071; x_wconf 79' lang='lat' dir='ltr'><strong><em>judicio</em></strong></span> <span class='ocrx_word' id='word_1_62' title='bbox 698 1007 888 1070; x_wconf 83' lang='lat' dir='ltr'><strong><em>comparere:</em></strong></span> <span class='ocrx_word' id='word_1_63' title='bbox 904 993 965 1052; x_wconf 84' lang='lat' dir='ltr'><strong><em>cisi</em></strong></span> <span class='ocrx_word' id='word_1_64' title='bbox 986 1007 1078 1051; x_wconf 83' lang='lat' dir='ltr'><strong><em>causa</em></strong></span> <span class='ocrx_word' id='word_1_65' title='bbox 1091 990 1191 1068; x_wconf 80' lang='lat' dir='ltr'><strong><em>fucrit</em></strong></span> <span class='ocrx_word' id='word_1_66' title='bbox 1204 994 1260 1051; x_wconf 84' lang='lat' dir='ltr'><strong><em>cri·</em></strong></span> 
     </span>
     <span class='ocr_line' id='line_1_8' title="bbox 137 1106 1259 1188; baseline 0 -20"><span class='ocrx_word' id='word_1_67' title='bbox 137 1108 271 1184; x_wconf 76' lang='lat' dir='ltr'><strong><em>minalis,</em></strong></span> <span class='ocrx_word' id='word_1_68' title='bbox 291 1108 339 1168; x_wconf 85' lang='lat' dir='ltr'><strong><em>cel</em></strong></span> <span class='ocrx_word' id='word_1_69' title='bbox 352 1110 413 1169; x_wconf 86' lang='lat' dir='ltr'><strong><em>cisi</em></strong></span> <span class='ocrx_word' id='word_1_70' title='bbox 423 1125 482 1187; x_wconf 85' lang='lat' dir='ltr'><strong><em>pra</em></strong></span> <span class='ocrx_word' id='word_1_71' title='bbox 496 1111 623 1168; x_wconf 84' lang='lat' dir='ltr'><strong><em>raritate</em></strong></span> <span class='ocrx_word' id='word_1_72' title='bbox 638 1106 776 1184; x_wconf 72' lang='lat' dir='ltr'><strong><em>alicacia,</em></strong></span> <span class='ocrx_word' id='word_1_73' title='bbox 791 1106 839 1168; x_wconf 89' lang='lat' dir='ltr'><strong><em>cel</em></strong></span> <span class='ocrx_word' id='word_1_74' title='bbox 849 1109 1088 1188; x_wconf 83' lang='lat' dir='ltr'><strong><em>projaraacecta</em></strong></span> <span class='ocrx_word' id='word_1_75' title='bbox 1103 1106 1259 1168; x_wconf 85' lang='lat' dir='ltr'><strong><em>calamaia</em></strong></span> 
     </span>
     <span class='ocr_line' id='line_1_9' title="bbox 136 1223 1354 1306; baseline -0.002 -20"><span class='ocrx_word' id='word_1_76' title='bbox 136 1224 285 1303; x_wconf 60' lang='lat' dir='ltr'><strong><em>smerde,</em></strong></span> <span class='ocrx_word' id='word_1_77' title='bbox 305 1223 353 1286; x_wconf 88' lang='lat' dir='ltr'><strong><em>ael</em></strong></span> <span class='ocrx_word' id='word_1_78' title='bbox 366 1225 445 1285; x_wconf 84' lang='lat' dir='ltr'><strong><em>alias</em></strong></span> <span class='ocrx_word' id='word_1_79' title='bbox 453 1227 538 1306; x_wconf 85' lang='lat' dir='ltr'><strong><em>juris</em></strong></span> <span class='ocrx_word' id='word_1_80' title='bbox 549 1228 718 1302; x_wconf 75' lang='lat' dir='ltr'><strong><em>necessitas,</em></strong></span> <span class='ocrx_word' id='word_1_81' title='bbox 736 1229 842 1304; x_wconf 85' lang='lat' dir='ltr'><strong><em>partes</em></strong></span> <span class='ocrx_word' id='word_1_82' title='bbox 855 1241 956 1284; x_wconf 85' lang='lat' dir='ltr'><strong><em>earam</em></strong></span> <span class='ocrx_word' id='word_1_83' title='bbox 968 1241 1001 1284; x_wconf 91' lang='lat' dir='ltr'><strong><em>ea</em></strong></span> <span class='ocrx_word' id='word_1_84' title='bbox 1015 1227 1152 1305; x_wconf 79' lang='lat' dir='ltr'><strong><em>exaperit</em></strong></span> <span class='ocrx_word' id='word_1_85' title='bbox 1161 1242 1260 1304; x_wconf 83' lang='lat' dir='ltr'><strong><em>persa·</em></strong></span> <span class='ocrx_word' id='word_1_86' title='bbox 1331 1267 1354 1283; x_wconf 90' lang='lat'>.</span> 
     </span>
     <span class='ocr_line' id='line_1_10' title="bbox 136 1336 1353 1424; baseline 0 -20"><span class='ocrx_word' id='word_1_87' title='bbox 136 1341 445 1422; x_wconf 81' lang='lat' dir='ltr'><strong><em>naliterprasectari.</em></strong></span> <span class='ocrx_word' id='word_1_88' title='bbox 460 1341 547 1404; x_wconf 89' lang='lat' dir='ltr'><strong><em>Dum</em></strong></span> <span class='ocrx_word' id='word_1_89' title='bbox 558 1340 604 1405; x_wconf 91' lang='lat' dir='ltr'><strong><em>ibi</em></strong></span> <span class='ocrx_word' id='word_1_90' title='bbox 612 1339 733 1405; x_wconf 86' lang='lat' dir='ltr'><strong><em>dieitur</em></strong></span> <span class='ocrx_word' id='word_1_91' title='bbox 738 1337 883 1424; x_wconf 88' lang='lat' dir='ltr'><strong><em>judicem</em></strong></span> <span class='ocrx_word' id='word_1_92' title='bbox 892 1336 1082 1422; x_wconf 82' lang='lat' dir='ltr'><strong><em>delegatum</em></strong></span> <span class='ocrx_word' id='word_1_93' title='bbox 1091 1355 1159 1402; x_wconf 94' lang='lat' dir='ltr'><strong><em>non</em></strong></span> <span class='ocrx_word' id='word_1_94' title='bbox 1168 1355 1258 1422; x_wconf 88' lang='lat' dir='ltr'><strong><em>posse</em></strong></span> <span class='ocrx_word' id='word_1_95' title='bbox 1309 1370 1353 1410; x_wconf 61' lang='grc' dir='ltr'><strong>ε</strong></span> 
     </span>
     <span class='ocr_line' id='line_1_11' title="bbox 136 1452 1352 1541; baseline -0.004 -19"><span class='ocrx_word' id='word_1_96' title='bbox 136 1463 248 1541; x_wconf 88' lang='lat' dir='ltr'><strong><em>partes</em></strong></span> <span class='ocrx_word' id='word_1_97' title='bbox 261 1475 379 1541; x_wconf 86' lang='lat' dir='ltr'><strong><em>cogere</em></strong></span> <span class='ocrx_word' id='word_1_98' title='bbox 392 1454 435 1521; x_wconf 91' lang='lat' dir='ltr'><strong><em>ad</em></strong></span> <span class='ocrx_word' id='word_1_99' title='bbox 446 1457 663 1541; x_wconf 83' lang='lat' dir='ltr'><strong><em>personaliter</em></strong></span> <span class='ocrx_word' id='word_1_100' title='bbox 678 1454 942 1539; x_wconf 92' lang='lat' dir='ltr'><strong><em>comparendum,</em></strong></span> <span class='ocrx_word' id='word_1_101' title='bbox 957 1455 1019 1518; x_wconf 89' lang='lat' dir='ltr'><strong><em>nisi</em></strong></span> <span class='ocrx_word' id='word_1_102' title='bbox 1028 1452 1072 1519; x_wconf 91' lang='lat' dir='ltr'><strong><em>ad</em></strong></span> <span class='ocrx_word' id='word_1_103' title='bbox 1085 1453 1122 1520; x_wconf 92' lang='lat' dir='ltr'><strong><em>id</em></strong></span> <span class='ocrx_word' id='word_1_104' title='bbox 1137 1457 1352 1538; x_wconf 58' lang='lat' dir='ltr'><strong><em>speaaleae</em></strong></span> 
     </span>
     <span class='ocr_line' id='line_1_12' title="bbox 135 1570 1350 1657; baseline -0.002 -18"><span class='ocrx_word' id='word_1_105' title='bbox 135 1575 343 1639; x_wconf 79' lang='lat' dir='ltr'><strong><em>mandatama</em></strong></span> <span class='ocrx_word' id='word_1_106' title='bbox 358 1575 434 1638; x_wconf 86' lang='lat' dir='ltr'><strong><em>Secia</em></strong></span> <span class='ocrx_word' id='word_1_107' title='bbox 447 1576 618 1656; x_wconf 85' lang='lat' dir='ltr'><strong><em>Apostolica</em></strong></span> <span class='ocrx_word' id='word_1_108' title='bbox 637 1574 812 1656; x_wconf 86' lang='lat' dir='ltr'><strong><em>acceperit,</em></strong></span> <span class='ocrx_word' id='word_1_109' title='bbox 826 1570 1059 1657; x_wconf 77' lang='lat' dir='ltr'><strong><em>equivalenter</em></strong></span> <span class='ocrx_word' id='word_1_110' title='bbox 1073 1570 1350 1643; x_wconf 68' lang='lat' dir='ltr'><strong><em>declaratur-,¹2</em></strong></span> 
     </span>
     <span class='ocr_line' id='line_1_13' title="bbox 135 1687 1346 1776; baseline 0.002 -20"><span class='ocrx_word' id='word_1_111' title='bbox 135 1688 172 1757; x_wconf 94' lang='lat' dir='ltr'><strong><em>id</em></strong></span> <span class='ocrx_word' id='word_1_112' title='bbox 187 1707 282 1776; x_wconf 89' lang='lat' dir='ltr'><strong><em>posse</em></strong></span> <span class='ocrx_word' id='word_1_113' title='bbox 303 1688 456 1757; x_wconf 91' lang='lat' dir='ltr'><strong><em>eumdem</em></strong></span> <span class='ocrx_word' id='word_1_114' title='bbox 472 1688 618 1776; x_wconf 90' lang='lat' dir='ltr'><strong><em>judicem</em></strong></span> <span class='ocrx_word' id='word_1_115' title='bbox 642 1689 830 1774; x_wconf 82' lang='lat' dir='ltr'><strong><em>delegatum</em></strong></span> <span class='ocrx_word' id='word_1_116' title='bbox 850 1709 925 1756; x_wconf 93' lang='lat' dir='ltr'><strong><em>cum</em></strong></span> <span class='ocrx_word' id='word_1_117' title='bbox 947 1687 1107 1774; x_wconf 86' lang='lat' dir='ltr'><strong><em>praedicta</em></strong></span> <span class='ocrx_word' id='word_1_118' title='bbox 1131 1688 1346 1774; x_wconf 68' lang='lat' dir='ltr'><strong><em>speeffi</em></strong></span> 
     </span>
     <span class='ocr_line' id='line_1_14' title="bbox 134 1804 1338 1891; baseline 0 -19"><span class='ocrx_word' id='word_1_119' title='bbox 134 1804 299 1873; x_wconf 88' lang='lat' dir='ltr'><strong><em>mandato.</em></strong></span> <span class='ocrx_word' id='word_1_120' title='bbox 317 1805 349 1871; x_wconf 90' lang='lat' dir='ltr'><strong><em>Si</em></strong></span> <span class='ocrx_word' id='word_1_121' title='bbox 369 1814 479 1872; x_wconf 89' lang='lat' dir='ltr'><strong><em>autem</em></strong></span> <span class='ocrx_word' id='word_1_122' title='bbox 498 1805 600 1872; x_wconf 90' lang='lat' dir='ltr'><strong><em>Sedes</em></strong></span> <span class='ocrx_word' id='word_1_123' title='bbox 619 1807 802 1891; x_wconf 76' lang='lat' dir='ltr'><strong><em>apostolica</em></strong></span> <span class='ocrx_word' id='word_1_124' title='bbox 824 1812 934 1891; x_wconf 88' lang='lat' dir='ltr'><strong><em>potest</em></strong></span> <span class='ocrx_word' id='word_1_125' title='bbox 957 1805 1040 1871; x_wconf 89' lang='lat' dir='ltr'><strong><em>hanc</em></strong></span> <span class='ocrx_word' id='word_1_126' title='bbox 1065 1804 1338 1872; x_wconf 79' lang='lat' dir='ltr'><strong><em>facultateb-</em></strong></span> 
     </span>
     <span class='ocr_line' id='line_1_15' title="bbox 131 1905 1336 2008; baseline -0.004 -17"><span class='ocrx_word' id='word_1_127' title='bbox 131 1905 237 1993; x_wconf 83' lang='lat' dir='ltr'><strong><em>iudici</em></strong></span> <span class='ocrx_word' id='word_1_128' title='bbox 253 1920 405 2008; x_wconf 80' lang='lat' dir='ltr'><strong><em>delegato</em></strong></span> <span class='ocrx_word' id='word_1_129' title='bbox 421 1924 577 2001; x_wconf 88' lang='lat' dir='ltr'><strong><em>tribuere,</em></strong></span> <span class='ocrx_word' id='word_1_130' title='bbox 590 1942 609 1988; x_wconf 91' lang='lat' dir='ltr'><strong><em>a</em></strong></span> <span class='ocrx_word' id='word_1_131' title='bbox 620 1922 748 1989; x_wconf 84' lang='lat' dir='ltr'><strong><em>fortiori</em></strong></span> <span class='ocrx_word' id='word_1_132' title='bbox 763 1922 914 1989; x_wconf 87' lang='lat' dir='ltr'><strong><em>eamdem</em></strong></span> <span class='ocrx_word' id='word_1_133' title='bbox 925 1929 1125 2006; x_wconf 89' lang='lat' dir='ltr'><strong><em>potestatem</em></strong></span> <span class='ocrx_word' id='word_1_134' title='bbox 1142 1928 1177 1988; x_wconf 87' lang='lat' dir='ltr'><strong><em>ct</em></strong></span> <span class='ocrx_word' id='word_1_135' title='bbox 1192 1921 1336 2006; x_wconf 63' lang='lat' dir='ltr'><strong><em>ipsu</em></strong></span> 
     </span>
     <span class='ocr_line' id='line_1_16' title="bbox 133 2037 1334 2124; baseline 0 -20"><span class='ocrx_word' id='word_1_136' title='bbox 133 2037 246 2104; x_wconf 87' lang='lat' dir='ltr'><strong><em>habet.</em></strong></span> <span class='ocrx_word' id='word_1_137' title='bbox 258 2038 347 2124; x_wconf 92' lang='lat' dir='ltr'><strong><em>Papa</em></strong></span> <span class='ocrx_word' id='word_1_138' title='bbox 362 2057 441 2124; x_wconf 80' lang='lat' dir='ltr'><strong><em>ergo</em></strong></span> <span class='ocrx_word' id='word_1_139' title='bbox 457 2058 588 2124; x_wconf 86' lang='lat' dir='ltr'><strong><em>semper</em></strong></span> <span class='ocrx_word' id='word_1_140' title='bbox 603 2043 723 2124; x_wconf 87' lang='lat' dir='ltr'><strong><em>potest,</em></strong></span> <span class='ocrx_word' id='word_1_141' title='bbox 743 2039 770 2104; x_wconf 92' lang='lat' dir='ltr'><strong><em>si</em></strong></span> <span class='ocrx_word' id='word_1_142' title='bbox 784 2039 875 2118; x_wconf 85' lang='lat' dir='ltr'><strong><em>velit,</em></strong></span> <span class='ocrx_word' id='word_1_143' title='bbox 895 2045 1006 2122; x_wconf 91' lang='lat' dir='ltr'><strong><em>partes</em></strong></span> <span class='ocrx_word' id='word_1_144' title='bbox 1021 2037 1065 2105; x_wconf 91' lang='lat' dir='ltr'><strong><em>ad</em></strong></span> <span class='ocrx_word' id='word_1_145' title='bbox 1081 2037 1334 2124; x_wconf 88' lang='lat' dir='ltr'><strong><em>personali-</em></strong></span> 
     </span>
     <span class='ocr_line' id='line_1_17' title="bbox 133 2154 597 2239; baseline 0 -19"><span class='ocrx_word' id='word_1_146' title='bbox 133 2160 188 2221; x_wconf 82' lang='lat' dir='ltr'><strong><em>ter</em></strong></span> <span class='ocrx_word' id='word_1_147' title='bbox 197 2154 453 2239; x_wconf 90' lang='lat' dir='ltr'><strong><em>comparendum</em></strong></span> <span class='ocrx_word' id='word_1_148' title='bbox 469 2173 597 2239; x_wconf 80' lang='lat' dir='ltr'><strong><em>cogere.</em></strong></span> 
     </span>
    </p>

    <p class='ocr_par' dir='ltr' id='par_1_3' title="bbox 134 2270 1322 2711">
     <span class='ocr_line' id='line_1_18' title="bbox 181 2270 1322 2359; baseline 0.002 -21"><span class='ocrx_word' id='word_1_149' title='bbox 181 2271 322 2338; x_wconf 69' lang='lat' dir='ltr'><strong><em>naama</em></strong></span> <span class='ocrx_word' id='word_1_150' title='bbox 336 2275 381 2336; x_wconf 71' lang='lat'><strong><em>2³.</em></strong></span> <span class='ocrx_word' id='word_1_151' title='bbox 408 2308 454 2322; x_wconf 93' lang='lat'><em>-</em></span> <span class='ocrx_word' id='word_1_152' title='bbox 467 2272 585 2338; x_wconf 80' lang='lat' dir='ltr'><strong><em>(laeteri</em></strong></span> <span class='ocrx_word' id='word_1_153' title='bbox 605 2278 727 2356; x_wconf 85' lang='lat' dir='ltr'><strong><em>praeter</em></strong></span> <span class='ocrx_word' id='word_1_154' title='bbox 742 2271 928 2359; x_wconf 88' lang='lat' dir='ltr'><strong><em>Principem</em></strong></span> <span class='ocrx_word' id='word_1_155' title='bbox 945 2270 1075 2357; x_wconf 86' lang='lat' dir='ltr'><strong><em>judices</em></strong></span> <span class='ocrx_word' id='word_1_156' title='bbox 1096 2289 1165 2340; x_wconf 91' lang='lat' dir='ltr'><strong><em>non</em></strong></span> <span class='ocrx_word' id='word_1_157' title='bbox 1185 2291 1322 2357; x_wconf 85' lang='lat' dir='ltr'><strong><em>pos-</em></strong></span> 
     </span>
     <span class='ocr_line' id='line_1_19' title="bbox 134 2387 1320 2474; baseline 0.003 -20"><span class='ocrx_word' id='word_1_158' title='bbox 134 2394 211 2454; x_wconf 85' lang='lat' dir='ltr'><strong><em>aunt</em></strong></span> <span class='ocrx_word' id='word_1_159' title='bbox 229 2388 436 2472; x_wconf 81' lang='lat' dir='ltr'><strong><em>regulariter,</em></strong></span> <span class='ocrx_word' id='word_1_160' title='bbox 461 2387 521 2454; x_wconf 90' lang='lat' dir='ltr'><strong><em>sed</em></strong></span> <span class='ocrx_word' id='word_1_161' title='bbox 536 2395 662 2454; x_wconf 87' lang='lat' dir='ltr'><strong><em>tantum</em></strong></span> <span class='ocrx_word' id='word_1_162' title='bbox 678 2388 713 2454; x_wconf 92' lang='lat' dir='ltr'><strong><em>in</em></strong></span> <span class='ocrx_word' id='word_1_163' title='bbox 732 2389 830 2454; x_wconf 86' lang='lat' dir='ltr'><strong><em>certis</em></strong></span> <span class='ocrx_word' id='word_1_164' title='bbox 845 2388 983 2468; x_wconf 80' lang='lat' dir='ltr'><strong><em>casibus,</em></strong></span> <span class='ocrx_word' id='word_1_165' title='bbox 1001 2395 1114 2472; x_wconf 88' lang='lat' dir='ltr'><strong><em>partes</em></strong></span> <span class='ocrx_word' id='word_1_166' title='bbox 1128 2388 1172 2455; x_wconf 92' lang='lat' dir='ltr'><strong><em>ad</em></strong></span> <span class='ocrx_word' id='word_1_167' title='bbox 1187 2409 1320 2474; x_wconf 76' lang='lat' dir='ltr'><strong><em>per-</em></strong></span> 
     </span>
     <span class='ocr_line' id='line_1_20' title="bbox 134 2484 1318 2592; baseline 0.003 -23"><span class='ocrx_word' id='word_1_168' title='bbox 134 2504 288 2569; x_wconf 87' lang='lat' dir='ltr'><strong><em>sonaliter</em></strong></span> <span class='ocrx_word' id='word_1_169' title='bbox 299 2484 554 2588; x_wconf 80' lang='lat' dir='ltr'><strong><em>comparandam</em></strong></span> <span class='ocrx_word' id='word_1_170' title='bbox 567 2523 696 2589; x_wconf 81' lang='lat' dir='ltr'><strong><em>cogere.</em></strong></span> <span class='ocrx_word' id='word_1_171' title='bbox 711 2504 876 2570; x_wconf 89' lang='lat' dir='ltr'><strong><em>Probatur</em></strong></span> <span class='ocrx_word' id='word_1_172' title='bbox 890 2525 931 2570; x_wconf 86' lang='lat' dir='ltr'><strong><em>ex</em></strong></span> <span class='ocrx_word' id='word_1_173' title='bbox 947 2503 1046 2572; x_wconf 92' lang='lat' dir='ltr'><strong><em>modo</em></strong></span> <span class='ocrx_word' id='word_1_174' title='bbox 1058 2507 1318 2592; x_wconf 57' lang='lat' dir='ltr'><strong><em>transcripto</em></strong></span> 
     </span>
     <span class='ocr_line' id='line_1_21' title="bbox 136 2621 1316 2711; baseline 0.003 -24"><span class='ocrx_word' id='word_1_175' title='bbox 136 2621 296 2688; x_wconf 87' lang='lat' dir='ltr'><strong><em>decretali</em></strong></span> <span class='ocrx_word' id='word_1_176' title='bbox 309 2624 405 2687; x_wconf 81' lang='lat' dir='ltr'><strong><em>laris.</em></strong></span> <span class='ocrx_word' id='word_1_177' title='bbox 422 2624 504 2689; x_wconf 88' lang='lat' dir='ltr'><strong><em>Nam</em></strong></span> <span class='ocrx_word' id='word_1_178' title='bbox 522 2623 568 2688; x_wconf 91' lang='lat' dir='ltr'><strong><em>ibi</em></strong></span> <span class='ocrx_word' id='word_1_179' title='bbox 581 2621 623 2688; x_wconf 91' lang='lat' dir='ltr'><strong><em>de</em></strong></span> <span class='ocrx_word' id='word_1_180' title='bbox 635 2621 745 2708; x_wconf 91' lang='lat' dir='ltr'><strong><em>judice</em></strong></span> <span class='ocrx_word' id='word_1_181' title='bbox 765 2644 784 2689; x_wconf 92' lang='lat' dir='ltr'><strong><em>a</em></strong></span> <span class='ocrx_word' id='word_1_182' title='bbox 799 2621 883 2688; x_wconf 89' lang='lat' dir='ltr'><strong><em>Sede</em></strong></span> <span class='ocrx_word' id='word_1_183' title='bbox 899 2622 1082 2707; x_wconf 70' lang='lat' dir='ltr'><strong><em>apostolica</em></strong></span> <span class='ocrx_word' id='word_1_184' title='bbox 1104 2623 1316 2711; x_wconf 58' lang='lat' dir='ltr'><strong><em>delegata</em></strong></span> 
     </span>
    </p>
   </div>
   <div class='ocr_carea' id='block_1_3' title="bbox 26 2739 1317 2826">
    <p class='ocr_par' dir='ltr' id='par_1_4' title="bbox 26 2739 1317 2826">
     <span class='ocr_line' id='line_1_22' title="bbox 26 2739 1317 2826; baseline 0.004 -20"><span class='ocrx_word' id='word_1_185' title='bbox 26 2813 29 2819; x_wconf 55' lang='grc'>,</span> <span class='ocrx_word' id='word_1_186' title='bbox 136 2739 338 2820; x_wconf 86' lang='lat' dir='ltr'><strong><em>decernitur,</em></strong></span> <span class='ocrx_word' id='word_1_187' title='bbox 358 2761 434 2807; x_wconf 92' lang='lat' dir='ltr'><strong><em>eum</em></strong></span> <span class='ocrx_word' id='word_1_188' title='bbox 456 2761 522 2808; x_wconf 91' lang='lat' dir='ltr'><strong><em>non</em></strong></span> <span class='ocrx_word' id='word_1_189' title='bbox 540 2760 634 2826; x_wconf 91' lang='lat' dir='ltr'><strong><em>posse</em></strong></span> <span class='ocrx_word' id='word_1_190' title='bbox 654 2741 858 2824; x_wconf 88' lang='lat' dir='ltr'><strong><em>personalem</em></strong></span> <span class='ocrx_word' id='word_1_191' title='bbox 880 2742 1022 2824; x_wconf 86' lang='lat' dir='ltr'><strong><em>partium</em></strong></span> <span class='ocrx_word' id='word_1_192' title='bbox 1047 2745 1317 2825; x_wconf 62' lang='lat' dir='ltr'><strong><em>praesentiam</em></strong></span> 
     </span>
    </p>
   </div>
   <div class='ocr_carea' id='block_1_4' title="bbox 134 2833 1346 4242">
    <p class='ocr_par' dir='ltr' id='par_1_5' title="bbox 134 2833 1346 4242">
     <span class='ocr_line' id='line_1_23' title="bbox 136 2833 1317 2951; baseline 0.003 -27"><span class='ocrx_word' id='word_1_193' title='bbox 136 2857 278 2942; x_wconf 82' lang='lat' dir='ltr'><strong><em>exigere,</em></strong></span> <span class='ocrx_word' id='word_1_194' title='bbox 301 2859 362 2924; x_wconf 89' lang='lat' dir='ltr'><strong><em>nisi</em></strong></span> <span class='ocrx_word' id='word_1_195' title='bbox 379 2859 558 2951; x_wconf 87' lang='lat' dir='ltr'><strong><em>ineasibus</em></strong></span> <span class='ocrx_word' id='word_1_196' title='bbox 568 2857 691 2925; x_wconf 88' lang='lat' dir='ltr'><strong><em>ibidem</em></strong></span> <span class='ocrx_word' id='word_1_197' title='bbox 707 2858 867 2925; x_wconf 88' lang='lat' dir='ltr'><strong><em>indicatis.</em></strong></span> <span class='ocrx_word' id='word_1_198' title='bbox 889 2856 985 2941; x_wconf 84' lang='lat' dir='ltr'><strong><em>Quod</em></strong></span> <span class='ocrx_word' id='word_1_199' title='bbox 1003 2867 1116 2926; x_wconf 90' lang='lat' dir='ltr'><strong><em>autem</em></strong></span> <span class='ocrx_word' id='word_1_200' title='bbox 1138 2833 1317 2927; x_wconf 67' lang='lat' dir='ltr'><strong><em>amitat:</em></strong></span> 
     </span>
     <span class='ocr_line' id='line_1_24' title="bbox 136 2973 1318 3065; baseline 0.004 -24"><span class='ocrx_word' id='word_1_201' title='bbox 136 2973 298 3061; x_wconf 87' lang='lat' dir='ltr'><strong><em>dejudice</em></strong></span> <span class='ocrx_word' id='word_1_202' title='bbox 315 2974 463 3060; x_wconf 82' lang='lat' dir='ltr'><strong><em>delegato</em></strong></span> <span class='ocrx_word' id='word_1_203' title='bbox 479 2976 660 3056; x_wconf 88' lang='lat' dir='ltr'><strong><em>Pontificio,</em></strong></span> <span class='ocrx_word' id='word_1_204' title='bbox 679 2977 803 3060; x_wconf 87' lang='lat' dir='ltr'><strong><em>pariter</em></strong></span> <span class='ocrx_word' id='word_1_205' title='bbox 821 2984 855 3042; x_wconf 89' lang='lat' dir='ltr'><strong><em>et</em></strong></span> <span class='ocrx_word' id='word_1_206' title='bbox 877 2998 896 3042; x_wconf 92' lang='lat' dir='ltr'><strong><em>a</em></strong></span> <span class='ocrx_word' id='word_1_207' title='bbox 920 2976 1050 3043; x_wconf 85' lang='lat' dir='ltr'><strong><em>fortiori</em></strong></span> <span class='ocrx_word' id='word_1_208' title='bbox 1071 2978 1318 3065; x_wconf 55' lang='lat' dir='ltr'><strong><em>intelligen‘*</em></strong></span> 
     </span>
     <span class='ocr_line' id='line_1_25' title="bbox 136 3075 1321 3179; baseline 0.004 -21"><span class='ocrx_word' id='word_1_209' title='bbox 136 3075 217 3158; x_wconf 91' lang='lat' dir='ltr'><strong><em>dum</em></strong></span> <span class='ocrx_word' id='word_1_210' title='bbox 231 3100 281 3158; x_wconf 89' lang='lat' dir='ltr'><strong><em>est</em></strong></span> <span class='ocrx_word' id='word_1_211' title='bbox 297 3092 339 3159; x_wconf 92' lang='lat' dir='ltr'><strong><em>de</em></strong></span> <span class='ocrx_word' id='word_1_212' title='bbox 360 3094 488 3160; x_wconf 85' lang='lat' dir='ltr'><strong><em>caeteris</em></strong></span> <span class='ocrx_word' id='word_1_213' title='bbox 504 3092 680 3179; x_wconf 86' lang='lat' dir='ltr'><strong><em>judicibus.</em></strong></span> <span class='ocrx_word' id='word_1_214' title='bbox 705 3093 784 3160; x_wconf 91' lang='lat' dir='ltr'><strong><em>Ideo</em></strong></span> <span class='ocrx_word' id='word_1_215' title='bbox 809 3093 895 3159; x_wconf 87' lang='lat' dir='ltr'><strong><em>enim</em></strong></span> <span class='ocrx_word' id='word_1_216' title='bbox 914 3113 1066 3179; x_wconf 84' lang='lat' dir='ltr'><strong><em>expresse</em></strong></span> <span class='ocrx_word' id='word_1_217' title='bbox 1088 3114 1203 3162; x_wconf 91' lang='lat' dir='ltr'><strong><em>sermo</em></strong></span> <span class='ocrx_word' id='word_1_218' title='bbox 1220 3092 1321 3162; x_wconf 63' lang='lat' dir='ltr'><strong><em>fi‘l</em></strong></span> 
     </span>
     <span class='ocr_line' id='line_1_26' title="bbox 137 3207 1322 3296; baseline 0.005 -22"><span class='ocrx_word' id='word_1_219' title='bbox 137 3207 179 3275; x_wconf 88' lang='lat' dir='ltr'><strong><em>de</em></strong></span> <span class='ocrx_word' id='word_1_220' title='bbox 195 3207 348 3293; x_wconf 86' lang='lat' dir='ltr'><strong><em>delegato</em></strong></span> <span class='ocrx_word' id='word_1_221' title='bbox 361 3209 552 3289; x_wconf 85' lang='lat' dir='ltr'><strong><em>Pontificio,</em></strong></span> <span class='ocrx_word' id='word_1_222' title='bbox 576 3211 650 3295; x_wconf 80' lang='lat' dir='ltr'><strong><em>qma</em></strong></span> <span class='ocrx_word' id='word_1_223' title='bbox 673 3209 715 3277; x_wconf 94' lang='lat' dir='ltr'><strong><em>de</em></strong></span> <span class='ocrx_word' id='word_1_224' title='bbox 732 3211 787 3277; x_wconf 87' lang='lat' dir='ltr'><strong><em>illo</em></strong></span> <span class='ocrx_word' id='word_1_225' title='bbox 813 3229 867 3276; x_wconf 91' lang='lat' dir='ltr'><strong><em>res</em></strong></span> <span class='ocrx_word' id='word_1_226' title='bbox 883 3213 983 3295; x_wconf 83' lang='lat' dir='ltr'><strong><em>magis</em></strong></span> <span class='ocrx_word' id='word_1_227' title='bbox 998 3217 1130 3296; x_wconf 89' lang='lat' dir='ltr'><strong><em>poterat</em></strong></span> <span class='ocrx_word' id='word_1_228' title='bbox 1147 3214 1183 3279; x_wconf 86' lang='lat' dir='ltr'><strong><em>in</em></strong></span> <span class='ocrx_word' id='word_1_229' title='bbox 1198 3213 1322 3280; x_wconf 56' lang='lat' dir='ltr'><strong><em>duae</em></strong></span> 
     </span>
     <span class='ocr_line' id='line_1_27' title="bbox 136 3323 1326 3415; baseline 0.006 -25"><span class='ocrx_word' id='word_1_230' title='bbox 136 3323 226 3390; x_wconf 90' lang='lat' dir='ltr'><strong><em>bium</em></strong></span> <span class='ocrx_word' id='word_1_231' title='bbox 242 3325 404 3410; x_wconf 89' lang='lat' dir='ltr'><strong><em>revocarl;</em></strong></span> <span class='ocrx_word' id='word_1_232' title='bbox 420 3345 495 3392; x_wconf 87' lang='lat' dir='ltr'><strong><em>cum</em></strong></span> <span class='ocrx_word' id='word_1_233' title='bbox 516 3325 613 3411; x_wconf 87' lang='lat' dir='ltr'><strong><em>objici</em></strong></span> <span class='ocrx_word' id='word_1_234' title='bbox 630 3335 739 3410; x_wconf 87' lang='lat' dir='ltr'><strong><em>posset</em></strong></span> <span class='ocrx_word' id='word_1_235' title='bbox 761 3326 905 3412; x_wconf 85' lang='lat' dir='ltr'><strong><em>delegati</em></strong></span> <span class='ocrx_word' id='word_1_236' title='bbox 926 3327 1088 3394; x_wconf 88' lang='lat' dir='ltr'><strong><em>Pontificii</em></strong></span> <span class='ocrx_word' id='word_1_237' title='bbox 1112 3336 1326 3415; x_wconf 65' lang='lat' dir='ltr'><strong><em>potesta-‘-</em></strong></span> 
     </span>
     <span class='ocr_line' id='line_1_28' title="bbox 135 3441 1346 3531; baseline 0.006 -23"><span class='ocrx_word' id='word_1_238' title='bbox 135 3449 205 3508; x_wconf 90' lang='lat' dir='ltr'><strong><em>tem</em></strong></span> <span class='ocrx_word' id='word_1_239' title='bbox 221 3441 371 3509; x_wconf 91' lang='lat' dir='ltr'><strong><em>eamdem</em></strong></span> <span class='ocrx_word' id='word_1_240' title='bbox 384 3443 491 3510; x_wconf 88' lang='lat' dir='ltr'><strong><em>videri</em></strong></span> <span class='ocrx_word' id='word_1_241' title='bbox 508 3464 547 3510; x_wconf 91' lang='lat' dir='ltr'><strong><em>ac</em></strong></span> <span class='ocrx_word' id='word_1_242' title='bbox 557 3444 725 3529; x_wconf 87' lang='lat' dir='ltr'><strong><em>ipsiusmet</em></strong></span> <span class='ocrx_word' id='word_1_243' title='bbox 739 3445 846 3530; x_wconf 87' lang='lat' dir='ltr'><strong><em>Papae.</em></strong></span> <span class='ocrx_word' id='word_1_244' title='bbox 866 3448 953 3512; x_wconf 88' lang='lat' dir='ltr'><strong><em>Dum</em></strong></span> <span class='ocrx_word' id='word_1_245' title='bbox 968 3465 1047 3531; x_wconf 84' lang='lat' dir='ltr'><strong><em>ergo</em></strong></span> <span class='ocrx_word' id='word_1_246' title='bbox 1061 3447 1163 3514; x_wconf 87' lang='lat' dir='ltr'><strong><em>etiam</em></strong></span> <span class='ocrx_word' id='word_1_247' title='bbox 1184 3449 1346 3515; x_wconf 51' lang='lat' dir='ltr'><strong><em>talid-</em></strong></span> 
     </span>
     <span class='ocr_line' id='line_1_29' title="bbox 134 3550 1332 3648; baseline 0.006 -23"><span class='ocrx_word' id='word_1_248' title='bbox 134 3557 239 3645; x_wconf 85' lang='lat' dir='ltr'><strong><em>judex</em></strong></span> <span class='ocrx_word' id='word_1_249' title='bbox 267 3558 456 3626; x_wconf 89' lang='lat' dir='ltr'><strong><em>declaratur</em></strong></span> <span class='ocrx_word' id='word_1_250' title='bbox 481 3560 657 3627; x_wconf 90' lang='lat' dir='ltr'><strong><em>destitutus</em></strong></span> <span class='ocrx_word' id='word_1_251' title='bbox 674 3568 836 3646; x_wconf 87' lang='lat' dir='ltr'><strong><em>potestate</em></strong></span> <span class='ocrx_word' id='word_1_252' title='bbox 866 3563 1004 3648; x_wconf 86' lang='lat' dir='ltr'><strong><em>eogendi</em></strong></span> <span class='ocrx_word' id='word_1_253' title='bbox 1024 3564 1195 3648; x_wconf 85' lang='lat' dir='ltr'><strong><em>litigantes</em></strong></span> <span class='ocrx_word' id='word_1_254' title='bbox 1215 3550 1332 3634; x_wconf 52' lang='lat' dir='ltr'><strong><em>adl</em></strong></span> 
     </span>
     <span class='ocr_line' id='line_1_30' title="bbox 135 3676 1333 3763; baseline 0.008 -21"><span class='ocrx_word' id='word_1_255' title='bbox 135 3676 343 3762; x_wconf 86' lang='lat' dir='ltr'><strong><em>personalem</em></strong></span> <span class='ocrx_word' id='word_1_256' title='bbox 358 3679 574 3762; x_wconf 86' lang='lat' dir='ltr'><strong><em>praesentiam,</em></strong></span> <span class='ocrx_word' id='word_1_257' title='bbox 596 3679 752 3763; x_wconf 91' lang='lat' dir='ltr'><strong><em>implicite</em></strong></span> <span class='ocrx_word' id='word_1_258' title='bbox 770 3688 804 3746; x_wconf 88' lang='lat' dir='ltr'><strong><em>et</em></strong></span> <span class='ocrx_word' id='word_1_259' title='bbox 824 3701 844 3746; x_wconf 91' lang='lat' dir='ltr'><strong><em>a</em></strong></span> <span class='ocrx_word' id='word_1_260' title='bbox 865 3680 994 3748; x_wconf 82' lang='lat' dir='ltr'><strong><em>fortiori</em></strong></span> <span class='ocrx_word' id='word_1_261' title='bbox 1011 3680 1101 3748; x_wconf 90' lang='lat' dir='ltr'><strong><em>idem</em></strong></span> <span class='ocrx_word' id='word_1_262' title='bbox 1127 3682 1171 3750; x_wconf 93' lang='lat' dir='ltr'><strong><em>de</em></strong></span> <span class='ocrx_word' id='word_1_263' title='bbox 1197 3700 1333 3751; x_wconf 58' lang='grc' dir='ltr'><strong><em>ομ·</em></strong></span> 
     </span>
     <span class='ocr_line' id='line_1_31' title="bbox 135 3791 1334 3884; baseline 0.011 -26"><span class='ocrx_word' id='word_1_264' title='bbox 135 3794 216 3861; x_wconf 86' lang='lat' dir='ltr'><strong><em>teris</em></strong></span> <span class='ocrx_word' id='word_1_265' title='bbox 226 3791 391 3879; x_wconf 89' lang='lat' dir='ltr'><strong><em>judicibus</em></strong></span> <span class='ocrx_word' id='word_1_266' title='bbox 405 3797 598 3880; x_wconf 89' lang='lat' dir='ltr'><strong><em>supponitur</em></strong></span> <span class='ocrx_word' id='word_1_267' title='bbox 611 3805 645 3863; x_wconf 91' lang='lat' dir='ltr'><strong><em>et</em></strong></span> <span class='ocrx_word' id='word_1_268' title='bbox 666 3799 831 3863; x_wconf 87' lang='lat' dir='ltr'><strong><em>statuitur.</em></strong></span> <span class='ocrx_word' id='word_1_269' title='bbox 848 3798 953 3884; x_wconf 84' lang='lat' dir='ltr'><strong><em>Atque</em></strong></span> <span class='ocrx_word' id='word_1_270' title='bbox 973 3800 1018 3865; x_wconf 93' lang='lat' dir='ltr'><strong><em>ita</em></strong></span> <span class='ocrx_word' id='word_1_271' title='bbox 1038 3804 1241 3871; x_wconf 88' lang='lat' dir='ltr'><strong><em>communite</em></strong></span> <span class='ocrx_word' id='word_1_272' title='bbox 1318 3803 1334 3852; x_wconf 71' lang='lat' dir='ltr'><strong><em>l</em></strong></span> 
     </span>
     <span class='ocr_line' id='line_1_32' title="bbox 136 3905 1330 4001; baseline 0.008 -23"><span class='ocrx_word' id='word_1_273' title='bbox 136 3920 278 3997; x_wconf 83' lang='lat' dir='ltr'><strong><em>arguunt</em></strong></span> <span class='ocrx_word' id='word_1_274' title='bbox 293 3914 477 3980; x_wconf 78' lang='lat' dir='ltr'><strong><em>canonista.</em></strong></span> <span class='ocrx_word' id='word_1_275' title='bbox 497 3914 663 3980; x_wconf 79' lang='lat' dir='ltr'><strong><em>Praeterea</em></strong></span> <span class='ocrx_word' id='word_1_276' title='bbox 682 3921 791 4001; x_wconf 85' lang='lat' dir='ltr'><strong><em>potest</em></strong></span> <span class='ocrx_word' id='word_1_277' title='bbox 813 3915 929 3988; x_wconf 86' lang='lat' dir='ltr'><strong><em>eadem</em></strong></span> <span class='ocrx_word' id='word_1_278' title='bbox 952 3917 1117 3987; x_wconf 90' lang='lat' dir='ltr'><strong><em>conclusio</em></strong></span> <span class='ocrx_word' id='word_1_279' title='bbox 1132 3905 1330 3988; x_wconf 58' lang='lat' dir='ltr'><strong><em>firman-&lt;¹⁶</em></strong></span> 
     </span>
     <span class='ocr_line' id='line_1_33' title="bbox 137 4030 1325 4118; baseline 0.011 -22"><span class='ocrx_word' id='word_1_280' title='bbox 137 4048 179 4096; x_wconf 81' lang='lat' dir='ltr'><strong><em>ex</em></strong></span> <span class='ocrx_word' id='word_1_281' title='bbox 193 4030 299 4114; x_wconf 87' lang='lat' dir='ltr'><strong><em>capite</em></strong></span> <span class='ocrx_word' id='word_1_282' title='bbox 317 4035 475 4112; x_wconf 82' lang='lat' dir='ltr'><strong><em>Querelara</em></strong></span> <span class='ocrx_word' id='word_1_283' title='bbox 489 4035 521 4112; x_wconf 72' lang='lat' dir='ltr'><strong><em>l,</em></strong></span> <span class='ocrx_word' id='word_1_284' title='bbox 536 4032 623 4099; x_wconf 84' lang='lat' dir='ltr'><strong><em>tituli</em></strong></span> <span class='ocrx_word' id='word_1_285' title='bbox 638 4037 679 4102; x_wconf 79' lang='lat'><strong><em>28</em></strong></span> <span class='ocrx_word' id='word_1_286' title='bbox 691 4039 728 4100; x_wconf 78' lang='lat' dir='ltr'><strong><em>tle</em></strong></span> <span class='ocrx_word' id='word_1_287' title='bbox 738 4039 998 4118; x_wconf 80' lang='lat' dir='ltr'><strong><em>Procuratoribas,</em></strong></span> <span class='ocrx_word' id='word_1_288' title='bbox 1017 4038 1094 4106; x_wconf 90' lang='lat' dir='ltr'><strong><em>libri</em></strong></span> <span class='ocrx_word' id='word_1_289' title='bbox 1112 4043 1125 4106; x_wconf 90' lang='lat' dir='ltr'><strong><em>l</em></strong></span> <span class='ocrx_word' id='word_1_290' title='bbox 1143 4039 1325 4109; x_wconf 53' lang='lat' dir='ltr'><strong><em>decr&amp;</em></strong></span> 
     </span>
     <span class='ocr_line' id='line_1_34' title="bbox 135 4145 1317 4242; baseline 0.012 -31"><span class='ocrx_word' id='word_1_291' title='bbox 135 4145 264 4230; x_wconf 74' lang='lat' dir='ltr'><strong><em>talium,</em></strong></span> <span class='ocrx_word' id='word_1_292' title='bbox 281 4148 315 4212; x_wconf 92' lang='lat' dir='ltr'><strong><em>in</em></strong></span> <span class='ocrx_word' id='word_1_293' title='bbox 330 4167 395 4234; x_wconf 90' lang='lat' dir='ltr'><strong><em>quo</em></strong></span> <span class='ocrx_word' id='word_1_294' title='bbox 410 4149 456 4213; x_wconf 92' lang='lat' dir='ltr'><strong><em>sic</em></strong></span> <span class='ocrx_word' id='word_1_295' title='bbox 476 4148 684 4218; x_wconf 90' lang='lat' dir='ltr'><strong><em>decernitur:</em></strong></span> <span class='ocrx_word' id='word_1_296' title='bbox 703 4157 860 4234; x_wconf 73' lang='lat' dir='ltr'><strong><em>aceretae</em></strong></span> <span class='ocrx_word' id='word_1_297' title='bbox 873 4158 941 4219; x_wconf 88' lang='lat' dir='ltr'><strong><em>A...</em></strong></span> <span class='ocrx_word' id='word_1_298' title='bbox 959 4158 1061 4220; x_wconf 84' lang='lat' dir='ltr'><strong><em>elerici</em></strong></span> <span class='ocrx_word' id='word_1_299' title='bbox 1069 4166 1282 4242; x_wconf 60' lang='lat' dir='ltr'><strong><em>accepistis·-v</em></strong></span> <span class='ocrx_word' id='word_1_300' title='bbox 1305 4162 1317 4209; x_wconf 83' lang='lat'><strong><em>·‘</em></strong></span> 
     </span>
    </p>
   </div>
   <div class='ocr_carea' id='block_1_5' title="bbox 20 4266 1306 4359">
    <p class='ocr_par' dir='ltr' id='par_1_6' title="bbox 20 4266 1306 4359">
     <span class='ocr_line' id='line_1_35' title="bbox 20 4266 1306 4359; baseline 0.013 -35"><span class='ocrx_word' id='word_1_301' title='bbox 20 4283 30 4301; x_wconf 92' lang='lat'><strong>·</strong></span> <span class='ocrx_word' id='word_1_302' title='bbox 135 4266 313 4328; x_wconf 82' lang='lat' dir='ltr'><strong><em>arcadamas</em></strong></span> <span class='ocrx_word' id='word_1_303' title='bbox 323 4273 468 4347; x_wconf 75' lang='lat' dir='ltr'><strong><em>quatrata</em></strong></span> <span class='ocrx_word' id='word_1_304' title='bbox 481 4273 509 4330; x_wconf 85' lang='lat' dir='ltr'><strong><em>si</em></strong></span> <span class='ocrx_word' id='word_1_305' title='bbox 526 4271 608 4332; x_wconf 84' lang='lat' dir='ltr'><strong><em>vadis</em></strong></span> <span class='ocrx_word' id='word_1_306' title='bbox 621 4276 788 4334; x_wconf 88' lang='lat' dir='ltr'><strong><em>coastiterit</em></strong></span> <span class='ocrx_word' id='word_1_307' title='bbox 803 4275 882 4354; x_wconf 87' lang='lat' dir='ltr'><strong><em>qaod</em></strong></span> <span class='ocrx_word' id='word_1_308' title='bbox 896 4276 1080 4354; x_wconf 79' lang='lat' dir='ltr'><strong><em>Vipariecsir</em></strong></span> <span class='ocrx_word' id='word_1_309' title='bbox 1090 4278 1306 4359; x_wconf 62' lang='lat' dir='ltr'><strong><em>Episcopus</em></strong></span> 
     </span>
    </p>
   </div>
   <div class='ocr_carea' id='block_1_6' title="bbox 133 4384 1291 4474">
    <p class='ocr_par' dir='ltr' id='par_1_7' title="bbox 133 4384 1291 4474">
     <span class='ocr_line' id='line_1_36' title="bbox 133 4384 1291 4474; baseline 0.014 -31"><span class='ocrx_word' id='word_1_310' title='bbox 133 4384 295 4462; x_wconf 79' lang='lat' dir='ltr'><strong><em>prefatam</em></strong></span> <span class='ocrx_word' id='word_1_311' title='bbox 310 4386 377 4448; x_wconf 85' lang='lat' dir='ltr'><strong><em>A...</em></strong></span> <span class='ocrx_word' id='word_1_312' title='bbox 395 4390 428 4449; x_wconf 85' lang='lat' dir='ltr'><strong><em>ia</em></strong></span> <span class='ocrx_word' id='word_1_313' title='bbox 440 4392 628 4452; x_wconf 78' lang='lat' dir='ltr'><strong><em>restitutione</em></strong></span> <span class='ocrx_word' id='word_1_314' title='bbox 645 4409 843 4471; x_wconf 80' lang='lat' dir='ltr'><strong><em>expensarum</em></strong></span> <span class='ocrx_word' id='word_1_315' title='bbox 865 4410 921 4474; x_wconf 86' lang='lat' dir='ltr'><strong><em>pra</em></strong></span> <span class='ocrx_word' id='word_1_316' title='bbox 939 4393 1027 4456; x_wconf 85' lang='lat' dir='ltr'><strong><em>calla</em></strong></span> <span class='ocrx_word' id='word_1_317' title='bbox 1039 4395 1105 4456; x_wconf 85' lang='lat' dir='ltr'><strong><em>alia</em></strong></span> <span class='ocrx_word' id='word_1_318' title='bbox 1118 4399 1291 4458; x_wconf 68' lang='lat' dir='ltr'><strong><em>raticaoe‘</em></strong></span> 
     </span>
    </p>
   </div>
   <div class='ocr_carea' id='block_1_7' title="bbox 0 0 1362 4980">
    <p class='ocr_par' dir='ltr' id='par_1_8' title="bbox 0 0 1362 4980">
     <span class='ocr_line' id='line_1_37' title="bbox 0 0 1362 4980; baseline 0 0"><span class='ocrx_word' id='word_1_319' title='bbox 0 0 1362 4980; x_wconf 95' lang='lat' dir='ltr'><strong><em> </em></strong></span> 
     </span>
    </p>
   </div>
  </div>
 </body>
</html>
