2714 4980
556 312 636 364 oens
657 313 772 364 rmus.
1161 303 1224 368 105

95 442 134 502 ot
149 441 363 502 consumimus
383 445 571 523 eoooauues,
596 461 658 525 por
685 445 728 506 tes
745 450 892 507 sesterces
916 451 947 508 et
966 446 1009 507 tes
1021 449 1131 526 erras,
1148 449 1225 528 qaeu

95 556 307 637 appartient&
321 541 461 640 l'liotqne
473 565 504 623 et
521 562 607 623 dsoo
617 560 749 624 teolttre
761 563 799 625 ote
813 567 982 626 omnouttre
999 581 1065 626 occe
1081 563 1176 627 teoles
1195 570 1226 628 et

95 672 153 753 ὅς]
165 691 310 754 proposes
327 675 370 736 tes
386 681 522 757 mettres,
544 679 582 741 de
596 678 639 740 les
665 678 814 759 eluente,
833 679 917 760 re'eir
934 686 966 743 et
986 698 1162 760 pouoeroer,
1186 684 1224 745 de

95 787 143 852 les
160 793 271 852 muter
295 810 406 856 oomnw
429 793 506 875 olef,
523 814 633 858 emtore
652 797 820 877 saeptrteor,
838 815 948 859 comme
961 800 1175 862 soriatenoloat
1194 805 1224 862 et

95 922 218 968 comme
229 913 340 971 mettre
355 913 408 974 des
420 911 514 975 tooles
523 934 539 992 ;
549 932 606 994 poe
620 914 689 976 telle
702 914 779 976 ttott
799 915 831 977 to
845 916 942 995 police
958 917 1011 977 des
1025 914 1120 978 teoles
1136 917 1175 979 de
1192 918 1224 979 la

95 1023 176 1084 ville
188 1025 228 1086 de
245 1027 338 1089 Poris
348 1034 378 1090 et
396 1031 433 1092 de
448 1015 574 1111 t'eqtse
587 1031 758 1110 pelliceae·
767 1050 940 1112 qoeeooeme
953 1051 992 1095 oa
1010 1052 1048 1096 ae
1060 1039 1136 1114 peut
1154 1051 1223 1096 ooo-

95 1142 203 1201 eeooe‘r
216 1159 259 1202 aea
278 1144 418 1225 caretque·
439 1149 576 1210 ee'ooroit
592 1166 652 1229 pos
671 1149 868 1211 t’tastitutton
880 1154 910 1211 et
933 1149 975 1211 tes
995 1150 1097 1211 lettres
1114 1151 1152 1213 de
1169 1169 1223 1213 soa

95 1239 232 1337 dotores,
250 1266 336 1323 ocssr'
346 1280 383 1324 ete
393 1269 519 1344 pectore
539 1269 692 1328 ooeweootr
709 1283 752 1328 oea
765 1271 875 1328 oeottre
889 1267 1000 1329 d'tcote
1019 1271 1072 1347 qui
1087 1269 1223 1330 o'ouratt

95 1389 153 1452 pos
180 1375 270 1437 celtes
294 1378 406 1441 deson
427 1379 567 1461 teotttre‚
596 1386 690 1462 qoto
719 1381 875 1445 l'lroeaeur
897 1383 935 1445 ele
963 1382 1148 1464 representer
1169 1401 1224 1447 son

95 1470 218 1568 noem
230 1508 312 1570 pour
331 1495 358 1555 te
371 1496 434 1574 foe't
450 1497 503 1558 des
514 1497 622 1559 teoles.
651 1495 746 1582 (Loco
763 1496 874 1575 citato,
893 1502 972 1562 tom.
996 1498 1027 1575 1,
1051 1514 1124 1581 pag.
1142 1501 1218 1575 999,

104 1600 185 1668 1013
202 1611 237 1670 et
255 1606 355 1693 suiv.)

142 1717 225 1784 Hinc
243 1721 376 1791 tandem
398 1724 452 1792 die
476 1728 623 1794 8martii
648 1729 723 1794 anni
749 1732 833 1798 1695
863 1729 987 1796 consilii
1010 1730 1097 1814 regis
1109 1728 1219 1796 Gallio

98 1829 282 1918 decretum,
304 1859 370 1926 quo
383 1862 536 1928 expresse
551 1844 740 1911 declaratur
761 1867 768 1912 :
785 1851 830 1911 De
845 1853 909 1911 toot
928 1853 1022 1929 temps
1040 1848 1083 1910 les
1098 1848 1156 1910 tots
1173 1865 1221 1910 oo·

103 1957 241 2034 murres
251 1964 281 2023 et
291 1962 395 2025 civiles
405 1968 458 2026 oret
463 1967 741 2046 portteute'eremeot
752 1970 874 2029 commis
888 1985 928 2029 oo
940 1970 1006 2029 soto
1020 1967 1073 2028 des
1085 1950 1221 2046 E'otqoes

108 2063 304 2138 liestmwttoo
315 2078 353 2140 de
371 2080 402 2141 lo
409 2084 567 2161 jeoaesse;
585 2099 622 2143 oro
635 2087 713 2144 sorte
732 2083 809 2162 qo'it
822 2084 899 2143 n'est
912 2085 1027 2162 permis
1042 2082 1221 2162 dpersoaoe

107 2180 195 2269 des'y
212 2191 345 2275 taqtree,
363 2197 447 2259 etde
463 2201 542 2260 tenir
561 2198 604 2259 tes
616 2198 742 2279 ootttpes
759 2197 893 2277 etteoles,
912 2198 1004 2279 qo'o'ls
1024 2199 1140 2259 ee'oteot
1170 2198 1220 2259 ob-

110 2301 171 2368 leou
188 2310 410 2394 t'opprobottoo
432 2319 462 2376 et
480 2319 662 2396 permissioo
677 2317 714 2380 de
725 2301 865 2397 t'le‘otqoe
880 2314 1043 2379 dtootsotn.
1066 2312 1164 2402 (Loco
1179 2312 1221 2379 ci-

111 2426 181 2505 tato,
200 2444 277 2511 Pflg·
302 2425 414 2513 1642.)
941 2457 943 2461 >

143 2544 252 2612 Allata
262 2565 361 2630 porro
373 2547 578 2628 documenta,
592 2549 716 2633 aliaque
732 2547 978 2633 quamplurima,
989 2566 1060 2634 quae
1072 2545 1221 2614 subnecti

100 2671 245 2743 possent,
267 2662 398 2730 abunde
416 2664 525 2750 palam
541 2664 674 2743 faciunt,
695 2683 792 2751 quam
807 2665 873 2732 ulte
896 2664 1041 2731 omnium
1057 2663 1221 2730 mentibus

95 2770 220 2848 intoto
234 2780 314 2848 orbe
328 2782 487 2849 catholico
501 2783 597 2848 insita
612 2782 714 2849 fuerit
732 2785 901 2866 persuasio
919 2782 1000 2861 haec,
1020 2780 1063 2848 de
1076 2779 1150 2867 jure
1160 2781 1221 2846 Ec-

95 2892 205 2965 sslesiae
221 2897 257 2962 in
271 2898 414 2983 regendo
428 2898 559 2983 publica
571 2897 752 2985 juventutis
768 2900 983 2978 institutione,
1005 2916 1070 2964 non
1088 2904 1219 2963 tuntum

95 3016 264 3102 religiosa,
285 3015 343 3082 sed
358 3017 520 3083 litteraria
537 3017 636 3084 etiam
654 3023 751 3103 atque
768 3016 957 3082 scientifica.

136 3135 345 3200 Psorosrrlo
358 3134 413 3199 11·.
437 3169 484 3184 -
503 3137 669 3199 Trodeadoe
682 3137 826 3199 doctrino
844 3153 936 3197 socru
954 3138 1035 3197 ratio
1053 3134 1173 3197 omnim
1190 3140 1220 3197 et
1245 3224 1247 3226 Ι

95 3254 252 3316 {vetusne
266 3251 467 3314 eeclesiastico
478 3256 625 3333 potestati
646 3253 786 3333 subjacet.
812 3284 858 3300 -·
886 3251 964 3317 Nam
989 3248 1039 3314 illi
1054 3248 1220 3317 exclusive

95 3364 313 3436 ribuendum
333 3375 382 3432 est
400 3365 571 3432 tradendae
595 3385 695 3433 sacrae
713 3365 868 3433 doctrine
887 3367 1044 3451 regimen,
1060 3365 1104 3432 ad
1122 3384 1220 3452 quern

95 3487 204 3553 solum
222 3484 366 3568 pertinet
385 3485 428 3551 de
444 3491 535 3550 recta
551 3483 618 3550 fide
638 3482 830 3562 decernere,
850 3490 885 3550 et
905 3491 1041 3551 coeteros
1059 3483 1217 3563 homines,

95 3612 198 3691 utque
213 3604 302 3688 ipsos
325 3603 422 3669 etium
443 3602 614 3669 seculares
633 3603 813 3687 principes,
840 3601 979 3681 dooere,
1007 3620 1154 3689 quaenom
1178 3605 1220 3670 sit

95 3743 179 3792 sera
198 3720 324 3806 religio,
345 3720 465 3807 quidve
486 3720 687 3788 credendum
707 3727 741 3787 et
759 3719 922 3805 agendum
939 3722 981 3788 sit
1000 3719 1043 3786 od
1067 3725 1221 3786 eternam

95 3838 361 3925 consequendam
375 3841 526 3906 salutern.
543 3838 686 3904 Tradere
704 3841 790 3904 enim
809 3858 868 3905 seu
887 3836 1008 3905 docere
1034 3835 1228 3904 doctrinam*

95 3978 236 4037 sacrorn,
263 3958 298 4025 id
319 3967 378 4037 est,
397 3959 605 4043 theologiam,
622 3957 675 4044 jus
690 3938 892 4037 canonicum,
913 3955 1029 4022 divinar
1052 3956 1221 4038 scripturae

95 4096 241 4155 sensum,
261 4076 402 4161 aliasque
424 4074 582 4162 ejusmodi
610 4094 718 4141 sacras
740 4074 935 4158 disciplinae,
950 4072 1030 4137 nihil
1053 4070 1142 4138 aliud
1171 4079 1222 4139 est

95 4192 255 4281 quamde
270 4191 351 4259 fidei
367 4192 572 4278 dognnetihus
588 4201 622 4259 et
635 4212 764 4258 morum
780 4192 893 4276 regula
908 4189 1081 4269 disserere,
1097 4197 1131 4256 et
1141 4189 1220 4276 quid

95 4309 305 4397 probandum
323 4309 445 4396 quidue
463 4309 677 4396 rejiciendum
694 4311 735 4375 sit
756 4307 909 4374 edocere.
931 4309 1002 4374 Jam
1017 4327 1100 4375 vero
1115 4308 1220 4375 eccle·

98 4428 233 4526 neuim
245 4428 410 4514 potestati,
430 4447 495 4496 non
509 4447 591 4494 vero
606 4427 763 4505 saeculari,
785 4425 910 4495 dictum
925 4433 976 4493 est
989 4433 1094 4492 metes
1103 4428 1214 4493 docete
