2714 4980
565 310 644 358 rins
666 309 780 357 ιιιιιι.
1163 290 1228 357 rte

114 444 227 503 rentur
240 455 281 501 on
296 435 418 521 quisex
429 436 655 520 prorogatione
666 442 856 542 compotens
866 433 969 520 judex
981 431 1090 518 quood
1102 451 1230 500 causam

113 552 254 637 aliquem
265 551 416 628 evaserit,
428 549 594 616 sciendum
607 558 673 617 est:
693 548 816 637 l⁰quid
828 549 870 614 sit
888 550 1089 633 prorogeti03
1107 551 1142 614 2⁰
1157 566 1232 634 quo-

113 669 229 752 tuplex
247 667 481 752 distinguntur3
506 672 541 734 3⁰
567 686 713 752 quoenom
735 668 945 753 requirantur
968 665 1170 732 conditiones
1194 673 1232 731 ut

112 783 302 867 prorogatio
313 784 485 866 volect34⁰
496 801 538 847 on
551 783 626 849 lcici
636 783 759 867 possint
775 800 967 866 pmrogore3
988 784 1022 845 5⁰
1035 799 1077 845 on
1095 787 1131 846 et
1144 779 1231 847 idem

114 897 162 965 fos
172 899 215 964 sit
227 898 364 964 clericis.
455 889 457 894 ’

159 1019 194 1080 1⁰
218 1019 301 1096 (inid
314 1021 356 1078 sit
362 999 550 1099 prorogatio.
569 1048 616 1062 -
640 1016 862 1100 «fflProrognre
879 1012 1140 1100 jurisdictionem
1154 1012 1232 1079 nihil

115 1129 238 1197 «eliud
263 1138 315 1197 est
336 1149 433 1216 quam
454 1131 638 1197 voluntarie
655 1132 752 1197 alicui
771 1130 875 1216 judici
892 1150 927 1197 se
942 1129 1156 1216 subjiciendo,
1178 1131 1231 1195 cui

116 1248 218 1333 cquis
231 1247 311 1314 clins
323 1247 357 1312 in
370 1247 426 1313 ilic
440 1266 537 1313 causo
552 1247 721 1333 subjectus
736 1256 875 1325 nonest,
889 1246 960 1332 ejus
973 1245 1231 1332 jurisdictionem

116 1383 183 1429 «cc
202 1369 402 1447 potestatem
416 1382 513 1448 supro
531 1383 566 1430 se
587 1362 780 1443 extendere,
799 1371 835 1430 et
853 1365 899 1429 sic
912 1364 1052 1429 alienum
1065 1371 1100 1428 et
1113 1363 1232 1428 incom-

115 1485 314 1563 «petentem
333 1478 487 1563 judicem,
509 1488 624 1564 sponte
644 1482 678 1545 in
700 1498 776 1546 eum
794 1478 1048 1555 consentiendo,
1075 1497 1169 1543 suum
1195 1484 1231 1543 et

115 1601 386 1678 «competentem
409 1596 532 1662 facere.
551 1618 569 1658 n
591 1596 771 1683 (Pirrhing‚
791 1597 824 1660 in
843 1596 976 1662 titulum
991 1597 1023 1673 2,
1041 1595 1151 1660 librir
1171 1593 1230 1660 de·

113 1711 294 1789 metalium,
322 1729 355 1776 n.
375 1709 464 1795 182.)
480 1712 672 1795 Prorogotio
692 1711 848 1777 definitur
863 1709 952 1794 opud
964 1709 1120 1776 Adcmum
1139 1710 1229 1776 Huth

115 1826 156 1912 (in
170 1827 225 1891 tit.
243 1828 275 1902 2,
293 1825 351 1891 lib.
369 1828 388 1890 2
404 1824 542 1904 decret,
557 1845 590 1912 q.
611 1829 663 1904 12,
681 1846 769 1911 resp.
789 1824 822 1911 4)
840 1847 847 1890 :
875 1849 892 1886 ιι
918 1826 1070 1890 Extorsio
1097 1823 1229 1910 jurisdi-

113 1943 265 2008 «ctionis
288 1941 332 2007 cd
354 1960 518 2026 personas,
545 1962 685 2021 causam,
706 1952 847 2027 tempus,
865 1944 919 2009 vel
944 1942 1064 2018 locum,
1082 1942 1223 2026 inques,

113 2082 128 2120 ι
140 2055 275 2144 quondo
286 2064 321 2124 et
334 2057 392 2122 ubi
402 2058 481 2123 olias
492 2076 557 2122 non
568 2060 734 2143 competit,
747 2077 905 2123 consensu
917 2058 1025 2123 libero
1035 2054 1226 2122 eorumdem

114 2198 128 2236 ι
146 2192 361 2260 personarum
383 2174 480 2239 fecto.
509 2195 525 2236 o
550 2176 688 2240 Brevius
706 2175 836 2241 definiri
857 2179 967 2259 potest
988 2192 995 2235 :
1014 2176 1127 2250 dedici,
1150 2176 1227 2237 alio-

111 2295 183 2371 poio
198 2294 409 2369 incompetenti
420 2307 478 2370 per
492 2308 663 2352 consororum
683 2294 822 2370 portiom
838 2290 946 2351 addito
960 2287 1109 2366 sufficiens
1127 2290 1226 2368 juris·

111 2407 215 2468 dr’ctio.
240 2403 373 2466 Certum
400 2411 451 2468 est
472 2401 547 2486 jure
566 2404 710 2469 Romano
733 2401 880 2485 portibus
902 2400 1037 2467 concedi
1057 2401 1168 2467 multis
1191 2400 1225 2465 in

110 2518 238 2586 casibus
249 2517 439 2584 facultatem
452 2517 534 2583 hnnc
541 2516 683 2603 judicem
696 2538 761 2584 non
772 2537 867 2583 suum
881 2516 1036 2593 adcundi,
1048 2523 1083 2582 et
1097 2534 1226 2600 compe·

110 2641 236 2700 tentem
245 2630 417 2697 efficiendi.
442 2631 535 2720 (Vide
546 2634 635 2717 leges
644 2634 870 2710 Iustinianeos,
886 2631 1067 2715 oPirrhing
1076 2639 1111 2696 et
1121 2630 1221 2708 nuth,

108 2752 181 2818 loco
196 2751 308 2828 citato,
324 2748 505 2834 indicatas.)
525 2751 603 2833 Quoe
620 2751 786 2833 dispositio
803 2749 903 2836 injus
919 2749 1222 2816 etiamecolesicsti·
1352 2760 1356 2767 ’

109 2886 185 2934 cum
201 2885 244 2931 cn
258 2874 401 2950 experte
416 2867 593 2945 transierit,
609 2874 644 2932 et
656 2864 834 2931 hodiedum
848 2871 1048 2948 permoneat,
1065 2882 1106 2928 ex
1123 2862 1223 2930 modo

107 2983 258 3051 dicendis
267 2981 415 3070 liquebit.

151 3103 189 3166 2⁰
214 3102 386 3182 Quotoplec
410 3101 617 3181 distinguatur
642 3104 828 3182 prorogatio.
858 3131 892 3145 ·-
922 3095 1017 3163 «rit
1030 3102 1140 3160 autem
1154 3094 1222 3162 haec

111 3215 328 3299 «prorogatio
347 3222 489 3300 quotuor
507 3214 706 3297 potissimum
732 3211 854 3291 modis,
882 3211 1060 3278 videlicet:
1091 3209 1134 3278 de
1157 3230 1222 3278 uno

111 3349 282 3417 «persono
306 3330 468 3396 adoliam
492 3348 681 3413 personam,
716 3328 758 3394 de
781 3348 818 3394 re
839 3322 881 3394 cd
902 3347 972 3395 rem
994 3330 1065 3415 (seu
1088 3327 1131 3394 de
1155 3347 1221 3394 una

111 3466 240 3515 «eausa
255 3445 298 3513 od
311 3447 405 3512 oham
415 3443 568 3529 causam),
585 3444 634 3535 de
646 3451 795 3529 tempore
808 3444 850 3511 od
866 3454 1008 3529 tempus,
1027 3445 1070 3511 de
1089 3446 1163 3513 loco
1178 3444 1221 3511 od

113 3589 129 3627 ι
142 3566 265 3631 locum.
273 3565 454 3646 Exemplum
459 3569 567 3645 prime
577 3569 818 3647 proropcticois:
830 3562 960 3647 quondo
971 3564 1093 3628 seilicet
1102 3563 1216 3649 judici,

113 3683 202 3768 «qui
219 3680 388 3746 limitatam
405 3679 664 3766 jurisdictionem
678 3679 778 3745 habet
792 3681 825 3744 in
843 3699 907 3744 uno
930 3681 1060 3746 civitate
1081 3681 1135 3746 rel
1151 3689 1221 3746 ter·

113 3797 266 3875 «fitorio,
288 3794 412 3861 subditi
436 3796 534 3861 alieni
559 3803 674 3861 mutuo
701 3816 858 3863 consensu
886 3816 921 3862 se
956 3794 1146 3882 subjiciunt,
1182 3804 1220 3861 ut

114 3932 238 3980 «causo
254 3931 368 3978 eorum
379 3918 591 3995 cognoscatur
603 3913 777 3996 perillum,
789 3913 841 3978 oui
852 3913 930 3977 olins
945 3911 1052 3998 quood
1063 3930 1137 3976 suas
1146 3930 1221 3994 per·

113 4049 235 4097 «sonas
249 4048 314 4094 non
329 4037 405 4094 sunt
419 4027 568 4114 subjecti.
582 4032 761 4112 Eoeemplum
772 4032 906 4093 seeundoe
915 4036 1148 4111 prorogationis,
1161 4031 1222 4095 sci-

112 4148 217 4213 olicet
230 4143 273 4211 de
287 4164 324 4211 re
335 4142 468 4223 adrem,
478 4149 538 4223 est,
553 4144 579 4209 si
589 4142 693 4230 judici
705 4144 837 4211 habenti
850 4145 1019 4210 limitatam
1028 4143 1223 4230 jurisdictio

111 4281 229 4340 «nem,
243 4268 283 4329 ut
294 4280 360 4328 non
371 4261 473 4345 possit
487 4278 683 4344 cognoscere
699 4259 741 4326 dc
754 4280 878 4327 summo
890 4259 1070 4328 excedente
1090 4267 1222 4329 centum

112 4396 271 4467 «eureos,
294 4385 405 4461 partes
425 4377 588 4460 litigantes
613 4396 713 4460 snper
727 4376 851 4463 majore
866 4396 990 4443 summo
1010 4397 1045 4444 se
1058 4379 1090 4444 ei
1107 4384 1221 4444 mutuo
1313 4380 1316 4387 ’
