2714 4980
522 337 727 388 1111111111
1089 352 1092 359 ·
1131 326 1185 390 tt

78 458 198 546 «deam
215 459 276 529 sed
292 460 348 526 ille
362 462 451 528 solus
465 462 509 530 de
524 481 589 549 quo
603 465 761 549 scriptum
775 472 835 544 est,
857 469 937 532 Deus
951 469 1036 530 stetit
1050 469 1084 530 in
1096 463 1187 549 syno-

76 607 88 635 «
97 597 176 662 popa
194 581 329 659 deorum,
347 584 381 644 ia
394 582 491 644 nauto
506 589 607 646 antem
619 585 689 647 aeos
704 586 859 648 discernit.
878 611 893 639 υ

108 695 201 762 Anno
216 697 295 773 341,
312 695 460 762 habitum
476 697 575 765 tuisse
594 700 763 765 concilium
772 698 1008 767 Antiochenam
1029 699 1188 767 estimant

68 813 186 879 batres
201 813 377 878 Ballerini:
396 813 489 899 cujus
503 814 621 899 synodi
640 835 743 882 canon
760 817 892 901 quintus
907 815 1000 902 juxta
1023 817 1189 903 antiquum

68 931 251 997 versionem
265 931 310 996 sio
331 929 451 998 hahet:
477 939 506 996 si
520 939 587 1015 qais
596 937 753 1017 presbyter
770 941 824 998 ant
843 937 985 998 diaconas
1001 942 1188 999 contemnens

67 1067 151 1112 mam
164 1051 346 1131 Episcopum
361 1055 546 1130 separaverit
559 1069 589 1112 se
600 1053 638 1113 ab
653 1053 797 1130 Ecclesia,
812 1057 842 1114 et
855 1057 995 1114 secretins
1005 1071 1187 1134 concrepans

67 1166 162 1228 altare
183 1171 318 1245 stataet,
338 1173 369 1229 et
387 1173 523 1231 eaocami
547 1187 613 1231 eam
638 1171 782 1250 Episcopo
805 1188 866 1231 non
889 1170 1044 1248 obedierit,
1070 1189 1137 1232 cam
1157 1175 1187 1232 et

64 1288 160 1362 primo
180 1289 210 1346 et
224 1285 351 1346 meando
368 1291 521 1347 aocaatem
538 1290 757 1366 contempserit,
773 1291 889 1349 narrarit
901 1306 932 1348 sc
946 1291 1065 1349 omnino
1079 1288 1187 1367 depra·

67 1401 133 1462 lari
149 1398 326 1486 (ballerini,
344 1404 441 1483 Opera
455 1403 489 1466 S.
506 1405 624 1482 monis,
640 1409 720 1467 tom.
739 1405 771 1482 3,
791 1402 851 1467 c'ol.
872 1397 1187 1487 sasimensium

68 1517 108 1583 sic
124 1519 294 1602 reperitur
316 1520 350 1584 in
373 1520 562 1587 collectione
578 1541 712 1588 romana
726 1522 895 1599 Holstenii‚
915 1509 948 1605 p.
976 1524 1005 1600 l,
1024 1540 1099 1606 pag.
1121 1524 1186 1591 229

69 1632 111 1719 [et
129 1635 249 1700 citatus
269 1634 358 1719 apud
374 1637 523 1717 Bianchi,
543 1643 666 1704 Potesta
684 1643 825 1721 cpolitia
846 1641 927 1704 della
951 1639 1076 1718 Cbiesa,
1095 1645 1121 1703 t.
1143 1641 1182 1718 3,

68 1767 98 1834 p.
111 1748 190 1835 444)
209 1772 216 1816 :
234 1758 287 1832 qai
300 1773 320 1816 a
335 1760 537 1819 emamanione
552 1762 682 1838 seipsam
695 1759 862 1840 suspendit,
882 1763 912 1819 et
929 1758 1081 1820 collectam
1095 1759 1182 1838 lacit,

67 1877 93 1934 et
109 1873 211 1935 altare
223 1877 379 1936 constituit
387 1922 398 1953 ,
414 1881 443 1938 et
458 1876 590 1939 noluerit
605 1882 724 1940 vocanti
739 1881 884 1959 Episcopo
894 1882 1070 1956 consentire,
1090 1883 1120 1939 et
1134 1872 1187 1940 no'-

69 1987 154 2051 laerit
168 1990 267 2051 atem
280 1995 456 2069 aquiescere,
474 2011 527 2055 nec
540 1994 658 2056 obedire
664 1998 765 2074 primo
780 2000 809 2054 ct
824 1994 950 2055 secaaclo
963 1997 1091 2072 vocanti,
1109 1993 1188 2056 banc

68 2109 184 2168 omnino
209 2107 363 2186 damnari,
382 2127 435 2171 nea
450 2127 582 2189 anquam
597 2111 645 2172 ael
658 2115 843 2172 curationem
855 2115 974 2189 mereri,
992 2128 1044 2172 nec
1058 2114 1188 2191 recepere

70 2242 151 2287 mam
160 2243 252 2307 posse
265 2225 416 2289 bonorem

109 2339 202 2406 Anno
219 2343 296 2421 380,
314 2340 459 2426 judicata
472 2340 538 2408 fuit
554 2362 650 2409 cansa
662 2341 831 2430 cujusdam
845 2341 984 2426 Virginis
999 2341 1052 2408 cui
1066 2359 1185 2409 nomen

70 2465 137 2524 erat
153 2461 287 2523 Indicia.
303 2456 474 2541 Quomodo
488 2470 598 2529 nutem
616 2479 686 2527 sese
702 2461 852 2526 babuerit
863 2457 1020 2545 judicium
1034 2458 1119 2525 illud
1132 2478 1186 2526 ea·

71 2573 298 2652 clesiasticnm,
316 2584 351 2642 et
365 2597 461 2662 quam
478 2598 557 2646 vere
580 2579 682 2645 fuerit
698 2579 828 2646 forense
847 2596 906 2642 seu
926 2577 1178 2656 contentiosum,

70 2691 160 2758 nobis
174 2690 397 2757 subministrat
410 2695 512 2759 suncti
526 2695 682 2760 Ambrosii
695 2693 833 2778 epistola
846 2693 957 2777 quinta
971 2691 1014 2757 ud
1029 2693 1186 2776 siagrium

72 2785 290 2874 Veronensum
307 2808 514 2892 Episcopum.
533 2809 588 2875 Lis
602 2815 710 2875 autem
728 2809 797 2874 haec
813 2815 905 2873 erat:
924 2805 1013 2890 opud
1028 2807 1187 2890 siagrium

71 2923 265 3010 Episcopum
280 2935 427 2993 accusata
440 2927 549 2994 inerat
565 2949 663 3013 supra
679 2927 767 2993 dicta
777 2929 870 3010 virgo
883 2925 1016 3004 Indicia,
1032 2933 1186 3011 tanquam

70 3044 193 3126 peccati
211 3043 349 3109 carnalis
369 3063 438 3110 rea.
460 3045 579 3112 Statuit
598 3044 792 3113 Veronensis
806 3043 1001 3127 Episcopus,
1022 3047 1060 3106 111
1076 3041 1184 3108 obste-

69 3161 184 3226 tricum
197 3159 375 3228 visitationi
389 3169 424 3228 et
435 3161 628 3246 inspectioni
638 3160 870 3247 subjiceretur.
879 3162 958 3225 Tota
971 3165 1081 3223 autem
1091 3176 1186 3224 ucou-

71 3277 146 3343 satio
157 3276 201 3343 ab
213 3283 328 3361 aperte
343 3278 509 3345 malevolis
520 3287 554 3345 et
565 3279 852 3346 calumniatoribus
865 3276 1046 3362 prodierat.
1061 3275 1184 3343 Indicia

71 3395 263 3461 esculentia
274 3395 387 3480 Siagrii
398 3397 548 3481 Episcopi
559 3397 735 3481 appellavit
749 3395 791 3462 ad
802 3403 948 3461 sanetum
959 3393 1162 3460 Ambrosium
1175 3415 1182 3460 τ
1262 3460 1264 3464 .

71 3511 208 3592 isvero,
225 3519 296 3578 totu
314 3533 408 3579 causa
427 3514 623 3598 regulariter
640 3513 799 3592 (incussu,
814 3511 974 3597 judicium
990 3510 1104 3595 Siagrii
1118 3527 1185 3577 res-

71 3631 157 3701 cidit.
174 3631 225 3700 td
243 3650 341 3718 quem
357 3639 469 3716 postea
483 3631 644 3711 scribens,
663 3631 707 3696 itu
724 3629 895 3715 objurgat:
917 3631 1087 3713 bajusmccli
1101 3647 1186 3692 acac·

71 3763 195 3834 aalma,
219 3753 390 3835 bajasmocli
413 3757 500 3815 testes
525 3757 558 3815 in
584 3758 633 3814 tao
651 3751 849 3814 constituebas
862 3750 999 3832 jaclicio,
1024 3753 1076 3829 qai
1095 3765 1186 3829 nepae

71 3892 206 3938 mcasarc
227 3858 394 3950 audebant,
416 3889 507 3951 nepae
522 3872 683 3934 delationis
695 3867 732 3932 'se
751 3888 832 3932 uena
851 3869 1024 3949 obltpare...
1049 3866 1106 3928 llbi
1126 3865 1187 3928 bac

71 3971 246 4071 mpnitionis
259 3987 452 4049 solemnitas?
466 3986 525 4049 Ubi
536 3988 608 4049 talis
612 3987 775 4068 judicandi
786 3984 942 4065 formula?
953 3984 989 4047 Si
1000 3984 1077 4062 lepcs
1085 3982 1188 4064 pabli-

72 4122 116 4168 aas
131 4111 364 4186 interropamns,
382 4109 581 4166 accusatorem
595 4108 723 4184 culpant
734 4122 744 4164 .·
763 4106 791 4163 si
805 4101 955 4179 Ecclesia,
975 4095 1122 4176 duobus,
1139 4103 1188 4163 in·

74 4226 143 4300 psit,
163 4219 219 4286 vel
235 4219 343 4284 tribus
354 4217 494 4284 testibus
507 4226 571 4284 stat
585 4235 680 4284 omne
700 4218 839 4283 verbum
854 4237 861 4281 :
882 4217 934 4279 secl
949 4217 1014 4278 illis
1028 4217 1123 4279 triam
1136 4221 1189 4297 pat

75 4344 138 4402 ante
149 4338 320 4403 basternam
330 4343 360 4400 et
370 4339 481 4403 nalias
493 4343 600 4434 tertias
611 4356 670 4402 noa
681 4331 795 4418 fuerim
806 4340 933 4416 inimici,
950 4355 988 4399 ne
1000 4339 1075 4398 irati
1086 4353 1189 4399 nocere

76 4459 202 4540 11111111,
219 4475 259 4523 ne
273 4457 338 4522 last
350 4458 667 4541 emarecescens.
690 4456 809 4525 Narrat
823 4455 981 4544 possess,
1002 4451 1187 4523 Ambrosius
