2714 4980
558 308 638 358 rans
658 307 772 357 rarus.
1163 284 1226 359 ria

110 463 127 491 ι
139 435 353 519 improbitate
368 436 485 502 merito
497 443 684 521 suspectum
698 454 735 503 se
748 434 860 503 reddit
874 436 917 516 is,
934 435 990 522 qul
1005 433 1154 522 judicare
1172 437 1227 503 rel

104 580 124 607 ⁴
136 550 298 638 judicanti
308 552 456 619 assistere
471 553 543 619 vult
556 555 591 618 in
602 572 708 633 cansa,
722 551 814 639 cujas
832 560 907 619 ante
920 551 1143 619 defensionem
1157 571 1227 618 sus·

109 697 125 724 «
139 669 252 754 cepit:
273 669 479 755 nequeenim
495 671 646 754 presumi
670 676 779 754 potest
800 670 1071 753 pronuntiaturus
1085 677 1142 734 ant
1153 688 1226 734 sua-

108 804 236 852 ·surus
250 784 408 852 adversus
419 806 469 866 es,-
492 805 564 872 quae
577 794 654 854 ante
670 792 823 872 tanquam
837 785 924 872 justa
938 785 1101 853 defendit.
1120 814 1134 842 a

149 903 244 969 Circa
257 904 434 987 expositam
448 904 596 988 regulam
611 902 824 989 quarendum
835 904 988 981 occurrit,
1003 910 1116 969 utrum
1129 903 1170 967 sit
1181 899 1225 968 dc

100 1017 178 1105 jure
194 1019 352 1096 naturali,
368 1039 409 1084 an
425 1021 504 1085 vero
517 1026 645 1085 tantum
658 1018 700 1085 de
717 1016 791 1104 jure
807 1019 963 1103 positivo,
980 1026 1015 1084 et
1031 1019 1225 1102 insuperata

101 1133 281 1201 hodiedum
296 1136 407 1219 rigere
421 1133 584 1201 censenda
602 1137 659 1219 sit3
676 1135 722 1200 ita
739 1142 779 1199 nt
790 1133 888 1200 hodie
901 1135 1000 1200 etiam
1013 1134 1163 1200 nullitate
1176 1135 1224 1200 la·

102 1249 366 1336 boretjudicium
379 1252 644 1330 ecclesiasticum,
657 1253 690 1317 in
703 1269 770 1335 quo
780 1251 868 1318 dicta
882 1251 996 1336 regula
1010 1251 1129 1317 violata
1144 1250 1219 1317 fuit.

151 1371 185 1432 1⁰
199 1366 250 1436 Ad
261 1366 315 1453 jus
326 1368 474 1433 naturale
486 1368 604 1433 merito
615 1365 790 1433 referenda
803 1367 936 1434 videtur
948 1367 1083 1451 praefata
1094 1367 1219 1451 regula.

104 1481 186 1548 Nam
204 1481 246 1548 de
266 1482 340 1569 jure
356 1485 497 1550 naturali
511 1492 574 1563 est,
596 1490 635 1550 ut
648 1485 671 1548 ii
685 1502 750 1549 non
765 1484 1005 1550 constituantur
1023 1481 1132 1567 quoad
1150 1502 1221 1549 cer-

103 1605 171 1666 tam
188 1586 360 1667 causarum
378 1602 519 1686 speciem
538 1599 684 1686 judices,
711 1601 782 1685 qui,
799 1608 926 1666 attenta
945 1599 1085 1666 hnmana
1108 1599 1220 1666 condi-

103 1715 213 1795 tione,
229 1715 381 1802 injustam
396 1735 482 1801 saepe
503 1717 698 1789 sententiam
717 1715 752 1781 in
770 1715 955 1800 huJ'usmodi
973 1716 1076 1781 causis
1093 1714 1221 1800 profer-

105 1839 180 1899 rent
197 1853 205 1898 :
226 1834 317 1918 atqui
332 1832 523 1917 frequentes
537 1839 635 1905 erunt
649 1830 777 1916 injusta
793 1832 976 1908 sententie,
996 1829 1219 1916 aiiijadicent
1269 1913 1273 1929 Ι

104 1949 158 2034 qui
178 1947 329 2016 advocati
342 1968 461 2014 munus
474 1950 507 2014 in
521 1947 638 2015 eadem
656 1965 752 2013 causa
770 1952 908 2031 egerant
919 1968 927 2031 3
940 1954 984 2011 ut
999 1953 1091 2031 patet
1108 1966 1150 2013 ex
1168 1966 1221 2013 ra-

104 2065 192 2133 tione
207 2065 338 2132 acitato
349 2063 638 2148 Schmalzgrueber
651 2065 749 2130 allata
765 2085 774 2129 :
788 2070 824 2129 et
843 2061 976 2129 aliunde
992 2062 1048 2127 illa
1063 2061 1220 2148 injustitia

106 2177 200 2249 iacile
227 2183 406 2266 praecaveri
427 2176 687 2268 potestsscausas
710 2177 897 2265 hujusmodi
912 2177 1129 2244 attribuendo
1147 2178 1225 2252 aliia,

104 2294 278 2379 judicibus,
298 2299 355 2384 qui
375 2317 417 2364 er
440 2297 527 2391 dicta
541 2298 668 2363 ratione
684 2297 828 2380 suspecti
845 2314 912 2369 non
927 2297 1003 2361 sint.
1023 2296 1110 2380 Ergo
1127 2301 1219 2362 recta

105 2417 184 2483 ratio
199 2413 305 2501 dictat
324 2421 360 2480 et
372 2413 426 2502 jus
438 2413 586 2480 naturale
600 2411 759 2497 precipit,
778 2419 817 2476 nt
831 2431 850 2476 ι
865 2409 1041 2497 judicanda
1054 2430 1151 2478 causa
1165 2431 1219 2480 re·

104 2539 277 2602 ιοιιιιιιι
284 2509 400 2618 judex,
418 2531 521 2617 quiin
536 2530 654 2602 eadem
668 2548 765 2597 causa
780 2531 872 2613 prins
882 2529 1075 2596 advocatam
1090 2531 1167 2615 egit.

139 2654 180 2718 2⁰
200 2647 298 2717 Idem
313 2647 463 2738 simules
477 2647 552 2732 lege
571 2645 791 2713 ecclesiastica
804 2647 1022 2730 prescriptum
1038 2645 1122 2713 fuit:
1141 2666 1218 2714 nam

95 2759 138 2836 tta
167 2765 305 2834 ferebat
330 2765 385 2831 lex
408 2763 528 2831 codicis
547 2761 763 2840 Justineonei‚
783 2763 916 2827 acitato
929 2760 1220 2846 Schmalzgrueber

95 2881 258 2966 allegam
280 2859 315 2944 et
326 2878 434 2962 legem
454 2877 543 2942 illam
558 2875 653 2960 praxi
673 2893 765 2940 snam
783 2873 862 2939 fecit
874 2873 1028 2951 Ecclesia.
1051 2874 1226 2943 Praetcrea.

95 3004 236 3067 mutum
248 2994 313 3059 fuit
323 2992 397 3078 jare
410 2991 635 3068 ecclesiastico,
651 2997 689 3055 ut
702 2989 787 3064 infra
799 2986 1019 3066 ostendemus,
1033 3007 1075 3054 ne
1089 3007 1219 3055 causam

95 3113 247 3182 udicare
260 3117 370 3195 posset
380 3108 484 3195 judex
500 3114 672 3192 suspectus
685 3106 867 3189 suspicione
881 3123 946 3170 non
961 3105 1078 3172 frivola
1093 3127 1101 3172 :
1118 3124 1218 3190 parm

95 3231 150 3317 [ui
170 3226 371 3295 advocatum
387 3223 553 3291 incudem
571 3241 666 3288 causa
683 3221 769 3305 egit,
787 3220 848 3286 hoc
866 3215 937 3305 ipso
950 3224 1037 3287 inter
1051 3232 1218 3305 suspectos

95 3343 227 3411 udices
245 3339 451 3424 reponendus
469 3345 518 3403 est
530 3359 537 3421 ;
549 3345 584 3403 et
595 3355 798 3422 nequaquam
810 3336 938 3416 frivola,
953 3335 1014 3403 sed
1029 3338 1218 3421 gravissima

95 3459 230 3527 'atione
244 3454 404 3521 fundatur
415 3456 450 3519 in
462 3453 524 3520 hoo
536 3471 613 3518 casu
627 3452 778 3536 suspicio.
795 3453 881 3538 Ergo
894 3460 1049 3539 tanquam
1063 3456 1219 3522 naturalis

95 3573 197 3643 timul
217 3579 253 3637 et
270 3570 479 3637 ecclesiastici
493 3567 575 3654 juris
590 3566 755 3651 dispositio
776 3566 928 3635 habenda
945 3575 995 3635 est
1008 3570 1133 3655 regula,
1154 3589 1219 3655 qua

95 3689 294 3761 decernitur
304 3707 344 3752 nc
359 3685 462 3772 judex
474 3684 581 3753 valide
594 3685 806 3770 pronuntiare
820 3685 922 3770 possit
935 3687 968 3751 in
982 3705 1089 3765 cuma,
1105 3686 1141 3752 in
1155 3702 1219 3772 qua

95 3805 300 3875 advocatum
314 3804 392 3887 egit.
1058 3818 1061 3823 ·
1156 3805 1159 3810 ’

140 3924 181 3988 3⁰
198 3918 364 3987 Praedicta
379 3918 434 3984 lex
450 3916 629 3985 hodiedum
649 3914 812 3983 censenda
826 3916 925 3982 estin
939 3923 1010 3982 toto
1026 3934 1085 3982 suo
1099 3916 1219 3986 robore

95 4017 308 4126 permanere.
334 4036 413 4103 Nam
432 4033 485 4120 jus
505 4033 653 4099 naturale
677 4050 808 4117 semper
834 4031 922 4098 idem
943 4040 1124 4117 permanet,
1157 4052 1220 4099 nec

95 4162 219 4224 contra
232 4155 338 4236 ipsum
355 4152 421 4219 ulla
438 4149 550 4217 induci
563 4157 672 4235 potest
683 4149 827 4232 legitima
843 4148 1055 4233 prescriptio.
1069 4149 1217 4235 Insuper,

99 4274 372 4358 etiamquatanus
384 4269 602 4337 ecclesiastica
618 4266 788 4334 dumtaxat
801 4263 1016 4346 considerata,
1030 4267 1085 4334 lex
1099 4266 1143 4335 de
1156 4287 1221 4354 qua

106 4389 228 4473 apuam
253 4385 601 4481 minimeabsolcviese
621 4380 760 4450 dicenda
774 4390 844 4468 est3
860 4383 936 4467 quia
957 4383 1090 4477 pruliaci
1107 4388 1220 4470 nequit
