2714 4980
566 290 646 339 enas
668 290 782 338 rarus.
881 293 885 301 ·
1190 277 1228 339 17

110 411 271 498 anqnnus
284 433 325 480 ex
335 432 436 499 supra
448 416 651 489 enumeratis
660 416 803 502 pinque
819 413 1070 495 conducamus,
1086 414 1129 482 aa
1145 414 1231 503 judi·
1348 389 1352 394 ’

111 529 198 595 cium
208 531 341 615 proprie
354 530 479 599 dictum
490 530 756 599 constituendum
772 532 973 612 necessariis,
990 551 1159 599 exercere.

157 648 358 716 Prorosrmo
372 649 443 714 111¹.
453 645 628 718 -Proeter
642 644 856 739 [onoolitotss
866 645 910 716 ad
923 646 1173 717 masticandum
1180 647 1235 741 jo·

112 759 236 830 dicum
244 761 379 854 proprie
390 761 511 833 dictum
521 763 801 855 memoriasque
813 763 1033 835 substantiales
1045 762 1114 835 dici
1123 765 1234 848 soleat)

113 889 229 946 satem
243 877 287 947 od
300 877 358 970 jas
373 877 547 949 humanam
562 879 733 973 referenda
752 895 837 951 suot.
861 921 907 934 —
930 884 1021 950 Licet
1043 886 1128 951 enim
1153 884 1236 971 ejus

113 995 205 1062 modi
218 997 433 1065 formalitates
441 1000 565 1066 utiliter
571 1001 703 1084 praecipi
717 1000 841 1087 pomini
849 1007 883 1067 et
895 1001 1030 1081 soleant,
1042 999 1084 1066 de
1095 1021 1237 1088 unaqua-

114 1133 179 1199 que
189 1123 302 1181 tamcn
317 1114 381 1182 dici
394 1122 513 1201 potest,
529 1136 596 1182 non
606 1116 719 1183 induci
733 1116 882 1203 exipsius
899 1118 1067 1184 omissione
1083 1121 1236 1203 generale

115 1230 280 1318 injustitia
297 1232 494 1319 periculum3
511 1232 601 1319 quod
617 1233 800 1317 periculum
815 1252 834 1298 e
849 1241 963 1301 contra
978 1243 1068 1302 carto
1086 1234 1193 1302 aderit
1211 1236 1238 1301 si

116 1348 314 1431 generaliter
327 1349 433 1415 omitti
450 1350 661 1433 permittatur
674 1350 781 1435 aliqua
795 1369 837 1415 ex
855 1350 998 1436 quinque
1020 1352 1238 1418 constitutivis

118 1483 216 1547 supra
229 1452 401 1550 descriptis
411 1463 608 1550 judiciorum
620 1465 882 1532 formalitatihus.
898 1468 980 1533 Hinc
996 1466 1155 1553 ejusmodi
1172 1485 1239 1534 nou

118 1579 352 1651 substantiales
362 1580 577 1649 formalitates
588 1584 684 1648 varia
701 1581 791 1666 apud
809 1584 915 1648 varias
929 1584 1126 1667 respublicas
1147 1604 1240 1669 repc-

119 1698 270 1783 riuntur;
285 1698 349 1763 imo
368 1699 402 1763 in
419 1719 611 1785 unaquaque
629 1699 810 1785 republica,
831 1708 864 1766 et
878 1702 912 1766 in
925 1702 993 1785 ipsa
1008 1702 1160 1781 Ecclesia,
1177 1721 1241 1786 pro

121 1814 218 1879 variis
226 1814 429 1899 temporibus
437 1815 633 1881 mutationes
641 1834 742 1899 passa
751 1825 839 1883 sunt.
856 1818 1004 1883 «Caetera
1019 1818 1075 1904 (ait
1085 1817 1242 1883 Schmalz-

125 1958 138 1983 «
164 1926 334 2014 grosboc),
353 1937 391 1995 ut
407 1930 511 1996 libelli
535 1930 675 2008 oblatio,
697 1931 764 1997 litis
785 1934 998 2010 contestatio,
1020 1931 1242 2018 juramentum

126 2076 139 2101 «
166 2047 345 2127 calumnis,
365 2046 465 2128 feria,
485 2047 668 2127 dilationcS,
688 2046 808 2126 fatalia,
826 2049 1062 2113 sententiarum
1080 2047 1239 2129 formulae,

126 2193 140 2218 «
167 2171 202 2229 et
216 2163 341 2241 similia,
366 2171 441 2229 sunt
457 2161 539 2248 juris
564 2164 693 2248 positivi
714 2161 864 2248 bumani3
883 2166 959 2250 quia
986 2185 1050 2232 ison
1074 2167 1244 2232 necessita-

127 2309 141 2334 «
167 2287 246 2375 tem,
269 2279 330 2345 sed
348 2278 584 2345 solemnitatem
604 2280 744 2364 sapiunt.
766 2308 780 2335 ιι
802 2280 851 2367 (lu
875 2282 1008 2347 titulum
1028 2279 1066 2347 de
1086 2278 1240 2362 dediciis,

121 2396 200 2464 iibri
214 2399 233 2461 2
249 2395 474 2476 decretalium,
491 2417 525 2461 u.
546 2395 594 2480 l.)

576 2684 712 2750 CAPUT
730 2686 789 2750 Ill.

374 2944 493 2993 tunica
517 2944 550 2992 111
576 2944 689 2993 VARIAS
712 2944 842 2994 spumas
865 2944 997 2993 mvtsio.

177 3218 206 3280 l.
232 3211 401 3281 Dividitur
418 3214 453 3278 in
467 3212 718 3279 ecclesiasticum
735 3220 769 3279 et
789 3212 955 3279 seculare.
973 3213 1013 3277 ln
1028 3214 1130 3298 priori
1145 3215 1246 3283 eccle.-

128 3331 265 3411 siastica,
279 3331 311 3395 iu
335 3330 508 3414 posteriori
527 3329 687 3395 saecularis
707 3334 852 3413 potestas
871 3348 934 3413 per
952 3349 1027 3397 suos
1041 3333 1248 3416 magistratus

125 3444 180 3531 jus
191 3446 282 3513 dicit.
325 3424 328 3429 ⁵
929 3518 933 3523 .

175 3567 208 3630 2.
233 3565 272 3629 In
288 3563 382 3630 civile
398 3571 433 3629 et
448 3563 629 3640 criminale:
645 3562 705 3629 hoo
719 3565 899 3647 puniuntur
914 3564 1104 3650 malefacta3
1119 3566 1176 3632 illo
1190 3586 1248 3632 cae·

129 3688 211 3747 terae
226 3679 299 3745 lites
317 3677 524 3745 dirimuntur.

176 3800 209 3862 3.
235 3795 273 3860 In
288 3792 490 3861 ordinarium
506 3795 573 3860 sive
590 3795 746 3872 solemne,
766 3794 877 3879 inquo
896 3796 1117 3863 solemnitates
1137 3815 1249 3865 omnes

131 3914 238 3997 alege
253 3912 447 3997 prescripta
465 3918 656 3996 servantur;
670 3919 704 3977 et
719 3910 1011 3978 extraordinarium
1027 3914 1094 3978 sive
1110 3932 1250 3990 summa,

130 4033 228 4110 rium,
245 4030 280 4094 in
297 4047 362 4116 quo
377 4028 501 4094 servari
515 4036 644 4094 tantum
662 4048 794 4095 necesse
811 4037 861 4095 est
877 4029 1030 4114 requisita
1045 4027 1088 4095 ad
1099 4037 1248 4098 naturam

127 4145 245 4232 judicii
258 4151 292 4210 et
306 4147 476 4212 veritatem
490 4144 758 4230 cognoscendam.
882 4166 885 4171 ’

178 4265 212 4329 4.
229 4265 268 4330 ln
286 4263 474 4349 petitorium
494 4269 528 4329 et
550 4265 791 4351 possessorium.
818 4291 833 4317 s
845 4262 1040 4329 Petitorium
1062 4272 1198 4332 vocatur
1216 4267 1251 4333 in

136 4412 150 4437 α
164 4399 231 4466 qao
253 4357 399 4460 litigatur
414 4378 456 4444 de
478 4379 682 4463 proprietate
706 4379 766 4458 rei,
783 4376 818 4443 id
833 4387 893 4455 est,
908 4378 941 4442 in
963 4397 1027 4464 quo
1051 4381 1252 4466 disceptatur

246 4496 265 4552 l.
1129 4497 1145 4553 2
