2714 4980
531 319 612 368 rens
634 318 793 368 sncnnna.
1158 301 1223 367 389

104 447 249 525 rinctus,
268 446 371 528 possit
382 444 589 511 mvicarium
600 444 785 529 generalem
802 441 949 527 Episcopi
963 443 1092 507 assund,
1108 442 1147 507 Et
1157 449 1224 536 prr}

104 581 156 627 mo
179 559 315 646 quidem
336 559 602 646 respondendnm
622 565 673 626 est
696 559 846 642 negative
871 556 979 643 quoad
996 558 1172 642 bigamum,
1187 557 1223 624 id

102 686 171 758 est,
191 676 301 763 quoad
321 696 397 743 enm
417 676 535 762 quibis
557 695 695 743 uxorem
711 675 818 760 duxit3
842 694 917 740 cum
935 674 982 740 ita
1001 673 1169 741 decretum
1183 675 1225 741 sit

105 793 217 877 capite
239 792 347 871 unico,
369 794 408 856 de
426 794 551 856 coorta
569 796 746 876 conjugatis,
772 791 805 856 in
832 797 935 856 sexto.
960 793 1104 871 Secundo,
1128 791 1224 856 etiam

106 907 348 992 ambigamus,
366 915 402 974 et
411 907 480 975 sive
495 907 627 975 duxerit
637 907 778 987 viduam,
795 909 863 974 sive
879 907 977 974 etiam
992 907 1163 992 virginem,
1179 907 1225 972 in-

106 1023 228 1091 habilis
241 1030 292 1090 est
302 1023 346 1090 ad
357 1022 496 1091 officium
510 1024 627 1091 Vicarii
640 1026 811 1110 generalis.
827 1027 884 1092 Est
898 1025 1077 1091 communis
1095 1025 1225 1090 canoni-

106 1146 237 1207 starum
258 1139 422 1224 doctrina3
449 1159 546 1225 quam
569 1138 701 1225 quidem
724 1160 790 1206 non
814 1160 856 1206 ex
879 1141 948 1206 ullo
970 1157 1124 1224 expresso
1144 1136 1226 1224 juris

105 1264 206 1324 textu
234 1255 414 1334 deducunt,
440 1254 500 1322 sed
530 1277 571 1323 ex
597 1253 741 1341 generali
769 1258 938 1342 principio,
970 1255 1059 1342 quod
1088 1255 1227 1324 clericus

107 1370 305 1458 conjugatus
325 1379 502 1458 reputetur
518 1392 580 1457 pro
595 1372 689 1439 laico.
715 1374 757 1438 Et
774 1373 868 1459 juxta
881 1373 964 1438 hanc
976 1350 1158 1440 doctrinam
1174 1394 1226 1440 re-

109 1487 283 1573 spondisse
296 1489 424 1555 Sacram
433 1488 724 1575 Congregationem
738 1491 971 1574 llpiscoporum
984 1496 1018 1555 et
1027 1491 1228 1575 regularium

109 1609 254 1670 testatur
275 1605 418 1670 Ferraris
434 1603 549 1691 (verbo
577 1609 714 1669 Vtcorics
745 1608 905 1688 generalis,
930 1614 992 1670 art.
1028 1608 1057 1683 1,
1088 1626 1122 1670 n.
1156 1603 1222 1692 ta).

110 1720 257 1787 Similem
276 1721 487 1806 quaestionem
509 1730 643 1787 movent
664 1723 836 1787 canonistae
853 1721 895 1787 de
916 1722 1046 1800 clerico,
1066 1723 1132 1807 qui,
1148 1722 1227 1788 dum

111 1844 200 1902 esset
211 1837 419 1920 magistratus
431 1836 602 1915 secularis,
618 1836 840 1920 pronuntiavit
851 1837 1044 1902 sententiam
1053 1837 1224 1920 sanguinis.

110 1952 220 2035 Quam
233 1952 410 2017 resolutam
428 1953 574 2035 reperies
587 1950 675 2036 apud
689 1952 887 2018 Leureninm
905 1952 1223 2038 (terroremue,

112 2083 185 2149 cap.
208 2068 239 2145 1,
256 2083 288 2149 q.
310 2063 378 2150 46),
399 2067 434 2131 in
457 2067 545 2132 hunc
564 2085 713 2132 sensum:
734 2066 761 2132 si
782 2065 929 2132 nundum
950 2066 1088 2132 clericus
1109 2065 1229 2132 dictam

111 2182 309 2248 sententiam
321 2182 553 2266 pronuntiavit,
567 2181 683 2248 debuit
694 2182 967 2266 dispensationem
980 2183 1230 2266 irregularitatis

112 2296 276 2377 obtinere,
294 2297 337 2364 ad
358 2298 497 2382 primam
515 2304 682 2364 tonsuram
703 2297 942 2383 recipiendam:
960 2298 1093 2364 obtenta
1120 2306 1230 2366 autem

112 2413 174 2479 hac
189 2411 440 2497 dispensatione,
456 2414 544 2481 nulla
557 2415 618 2481 alia
628 2413 787 2499 indigebit
801 2421 840 2481 ut
852 2415 953 2498 possit
971 2415 1119 2481 Vicarius
1132 2434 1231 2500 gene-

112 2530 192 2596 ralis
213 2531 376 2596 constitui.
391 2531 424 2595 Si
446 2529 513 2615 jam
535 2531 674 2597 clericus
698 2539 779 2611 erat,
795 2550 870 2596 cum
892 2531 1012 2599 dictam
1036 2533 1230 2598 sententiam

112 2640 349 2732 pronuntiarit,
367 2647 484 2714 cecidit
503 2647 638 2732 quidem
660 2647 758 2713 etiam
780 2657 859 2713 tunc
878 2649 912 2711 in
933 2648 1228 2734 irregularitatem

112 2782 182 2829 non
202 2767 314 2827 tamen
337 2760 412 2827 ideo
432 2762 539 2827 amisit
554 2762 714 2828 clericalia
734 2762 914 2848 privilegia3
939 2761 1029 2828 unde
1047 2770 1081 2828 et
1096 2766 1228 2848 poterit,

111 2879 240 2963 absque
255 2875 504 2960 dispensatione,
521 2878 640 2944 Viearii
653 2879 812 2963 generalis
824 2896 941 2943 munus
957 2877 1061 2943 obire.

158 2994 313 3075 Quosno
329 2995 373 3058 2¹.
392 3029 428 3042 -
445 2999 589 3076 Qrtenom
606 3002 641 3059 ta
659 3001 779 3060 Vtcorto
796 2998 929 3078 generali
952 3002 1124 3077 requiretur
1144 3004 1228 3062 cetos.

113 3142 162 3161 -
185 3108 381 3193 Respondeo
406 3132 414 3176 ε
440 3113 620 3195 requiritur
639 3118 717 3176 aetas
740 3113 782 3175 25
809 3129 967 3176 annorum
995 3109 1228 3178 inchoatarum.

114 3227 284 3295 Probatur
292 3227 397 3312 primo
410 3228 515 3329 cppite
526 3231 618 3307 Licet,
631 3235 666 3293 et
681 3228 786 3311 capite
799 3231 875 3292 Cum
885 3232 918 3291 tc
926 3233 1051 3308 coactis,
1069 3231 1228 3312 deliteat,

114 3346 151 3412 in
164 3351 260 3411 sexto
277 3364 285 3410 :
303 3363 378 3409 nam
390 3343 437 3410 ibi
451 3342 539 3409 dicta
553 3352 630 3410 etas
640 3343 819 3428 requiritur
833 3344 867 3408 in
881 3345 920 3410 iis
934 3344 1051 3430 quibus
1072 3365 1152 3411 cura
1167 3348 1235 3412 ani-

115 3479 246 3529 marum
268 3461 446 3544 imponitur
473 3481 480 3526 :
512 3479 611 3544 porro
635 3460 754 3526 vicarii
783 3461 941 3544 generalis
971 3460 1073 3528 officio
1097 3460 1236 3530 inbaeret

117 3579 300 3645 animarum
321 3595 410 3656 cura,
429 3595 505 3641 cum
522 3595 624 3662 penes
638 3577 746 3660 ipsum
761 3576 904 3642 resideat
921 3577 1081 3660 generalis
1096 3585 1132 3644 et
1147 3578 1233 3645 ordi·
1308 3609 1311 3614 ·

116 3692 211 3761 naria
231 3691 426 3779 jurisdictio.
452 3691 618 3758 Probatur
634 3689 778 3757 secundo
802 3695 907 3774 capite
939 3695 990 3769 12,
1020 3692 1167 3758 sessionis
1192 3695 1233 3757 24

117 3808 317 3877 Tridentium
339 3806 456 3894 synodi
475 3829 482 3873 :
501 3826 576 3872 nam
598 3806 644 3872 ibi
666 3809 708 3871 25
733 3824 889 3872 annorum
909 3815 986 3871 aetas
1000 3806 1179 3892 requiritur
1193 3807 1236 3872 ad

119 3923 312 4010 dignitates,
340 3923 459 4008 quibus
478 3923 658 3988 animarum
679 3940 758 3987 cura
778 3922 916 3988 subest:
936 3921 1024 3988 inter
1051 3921 1237 4006 hujusmodi

119 4032 425 4124 antem-dignitates
440 4039 613 4106 vicerimus
630 4037 790 4122 generalis
805 4045 856 4103 est
869 4036 1084 4127 reputandus.
1113 4038 1238 4104 Docto-

120 4176 174 4227 res
188 4157 327 4241 insuper
337 4157 372 4220 in
381 4155 443 4222 hac
458 4175 495 4222 re
509 4156 639 4222 omnino
657 4153 858 4223 concordare
878 4154 1035 4240 reperies.

162 4276 320 4357 Qumsrro
341 4276 387 4339 3¹.
405 4310 450 4323 -
464 4275 692 4356 depossitesae
707 4276 845 4337 Viccrtus
856 4273 1067 4354 promotisque?
1079 4277 1162 4335 ortos
1179 4291 1240 4338 tort

119 4400 163 4459 ar
175 4412 218 4456 erc
230 4395 423 4456 matrimonio
435 4393 578 4473 leptttmo.
597 4427 642 4439 -
666 4391 697 4452 1⁰
714 4388 848 4459 Certum
864 4395 915 4460 est
929 4406 1005 4455 eum
1015 4389 1071 4484 qui
1085 4389 1240 4462 natalium
