2714 4980
550 286 629 363 psus
651 286 764 355 rarus.
1158 270 1215 349 l7l

106 418 221 485 muira
250 409 409 503 minorem
436 411 477 473 25
504 410 594 507 annis
616 411 752 493 prolata,
773 411 807 474 in
837 409 1048 494 sequentibus
1073 409 1221 477 casibus:

108 508 141 592 1'0
154 527 188 592 Si
205 506 343 625 impleto
356 546 439 591 anno
456 502 622 611 vigesimo,
651 502 923 612 dispensationem
935 526 976 591 ab
990 525 1224 610 impedimento

104 644 210 709 aetatis
227 622 350 729 praev'io
370 641 528 726 obtinuit3
556 618 590 707 ἑο
609 643 636 727 si
659 662 756 710 causa
784 649 936 715 vertatur
956 643 1044 707 circa
1068 642 1223 717 minente

103 738 291 844 praestanda
309 765 344 824 et
361 757 546 842 periculum
559 759 601 824 sit
615 760 649 823 in
663 778 765 839 mara,
782 761 827 824 ita
840 766 879 825 ut
893 757 978 825 desit
990 764 1122 843 tempus
1137 758 1224 845 suili-

103 875 195 939 ciens
220 871 264 938 ad
285 872 547 940 constituendum
578 883 777 958 curatorem3
797 878 832 941 3⁰
856 875 890 941 in
913 875 1152 959 praeparatoriis
1181 872 1224 939 ad

99 990 278 1077 judicium3
296 968 371 1059 nam
391 995 523 1055 curator
538 1008 603 1057 uon
621 991 800 1083 requiritur
823 998 898 1057 ante
927 989 993 1054 litis
1019 990 1223 1055 contestatio

101 1086 190 1189 nem,
212 1127 231 1171 a
252 1124 315 1191 qua
327 1104 487 1191 judicium
497 1107 643 1190 incipere
660 1112 813 1171 censetur
827 1128 835 1190 3
857 1107 891 1170 4ο
907 1106 940 1169 in
953 1105 1021 1169 aliis
1034 1103 1159 1170 casibus
1183 1124 1224 1171 ex

100 1220 247 1306 legitime
262 1222 451 1305 praescripta
465 1221 711 1299 consuetudine,
725 1230 781 1287 aut
800 1200 841 1286 es
853 1222 1011 1305 peculiari
1025 1226 1148 1286 statuto
1165 1240 1222 1286 ex-

102 1338 219 1421 ceptis.
239 1339 360 1407 Teutas
372 1336 579 1420 legislationis
593 1338 800 1402 Iustinianeae
819 1335 936 1422 quibus
951 1343 987 1419 et
1005 1334 1224 1420 praedictare

101 1452 178 1538 gala
191 1453 353 1537 generalis
368 1460 401 1517 et
415 1452 625 1537 exceptiones
646 1452 842 1532 fundantur,
867 1452 1026 1519 indicatos
1039 1450 1115 1517 vide
1135 1450 1223 1536 apud

101 1568 394 1653 Schmalzgrueber
412 1568 456 1656 (in
466 1569 601 1635 titulum
616 1573 653 1633 de
667 1572 797 1633 Iudiciis
818 1573 847 1648 l,
864 1568 941 1635 libri
955 1572 974 1634 2
991 1567 1218 1648 decretalium,

102 1704 135 1749 n.
150 1681 222 1769 26).

143 1802 202 1866 IV.
218 1805 263 1866 De
274 1802 402 1883 impube,
421 1807 484 1865 sive
495 1805 532 1865 de
546 1806 660 1866 minare
675 1807 764 1866 annis
781 1802 833 1866 14.
846 1802 949 1867 -De
965 1800 1150 1888 hujusmodi
1162 1802 1223 1868 mi-

102 1916 237 1982 noribus
252 1917 297 1982 ita
313 1915 485 1995 decretum
503 1916 567 1983 fuit
581 1938 599 1983 a
615 1917 778 1984 Bonifacio
793 1919 869 1983 vm
888 1939 895 1982 :
916 1922 952 1982 Si
965 1938 1035 1981 uera
1049 1923 1132 1981 intra
1141 1921 1221 1981 deai-

102 2054 182 2113 mum
196 2041 338 2115 quartum
355 2054 467 2097 anuum
482 2039 607 2114 existas,
622 2054 680 2116 per
695 2042 722 2097 te
737 2054 825 2115 apere
835 2041 888 2096 aut
899 2036 1056 2115 defendere
1068 2039 1221 2115 nonpote·

103 2155 144 2213 ris
173 2169 264 2232 super
290 2155 365 2232 ipsis
387 2148 431 2236 (id
461 2156 511 2214 est
545 2169 644 2234 super
673 2150 777 2231 causis
811 2148 1033 2233 spiritualibus
1060 2147 1115 2214 vel
1145 2168 1219 2214 cum

103 2265 321 2351 spiritualibus
349 2263 530 2357 connexis);
556 2270 608 2330 sed
629 2268 677 2330 uel
693 2288 751 2350 per
774 2276 858 2331 tuum
880 2271 1069 2349 Episcopum,
1092 2268 1140 2330 uel
1161 2287 1219 2348 per

102 2382 259 2463 officialem
272 2385 403 2465 ejusdem
422 2385 476 2446 tibi
491 2390 612 2446 murator
624 2384 747 2446 dabitur
760 2386 802 2447 ad
817 2386 885 2447 lites
902 2384 1072 2467 hujusmodi
1080 2403 1219 2448 eaucere-

101 2500 155 2567 das
167 2521 178 2562 .·
190 2508 247 2569 aut
261 2508 296 2563 ut
309 2505 382 2582 ipse,
402 2505 430 2563 si
447 2505 544 2581 major
558 2503 674 2582 infante
686 2504 792 2581 fueris,
812 2521 879 2564 cam
893 2507 1072 2564 anctoritate
1091 2503 1218 2564 alterius

100 2619 281 2705 carneum,
295 2624 521 2699 procuratorem
533 2620 575 2681 ad
593 2623 764 2699 easpotere's
775 2621 929 2700 deputare.
947 2620 1108 2699 Delepatus
1126 2622 1218 2681 etiam

96 2734 277 2817 Apostolicae
285 2718 372 2798 Sedis
386 2741 416 2797 et
432 2735 639 2814 subdelepatus
654 2736 692 2797 ab
706 2753 749 2813 eo,
769 2735 826 2796 tibi
841 2732 880 2821 (si
892 2753 952 2797 aon
962 2729 1082 2817 babeas)
1099 2740 1219 2797 carato-

97 2828 163 2912 rem
187 2851 264 2912 dure
287 2851 419 2928 ualeant,
450 2850 498 2912 uei
526 2855 736 2912 auctoritatem
767 2853 967 2913 constituendi
993 2858 1217 2931 procuratorem

95 2972 254 3048 praestare,
278 2967 320 3029 ad
337 2967 409 3027 illas
423 2984 529 3033 causas
543 2967 592 3027 uel
605 2967 673 3027 lites
688 2968 849 3028 dumtaxat
865 2985 930 3047 puae
945 2984 1044 3028 coram
1062 2970 1137 3047 ipsis
1151 2968 1217 3046 fue-

95 3086 165 3145 rint
176 3076 366 3147 ventilendae.
381 3084 420 3146 Iu
433 3083 602 3164 hujusmodi
616 3101 728 3163 quoque
739 3084 843 3145 litibus
854 3087 917 3145 sive
926 3087 1035 3162 causis,
1047 3101 1217 3163 quiunquam

95 3203 130 3261 in
150 3203 302 3280 potestate
319 3203 421 3281 patris
441 3203 566 3277 existas,
585 3218 638 3261 nec
658 3200 738 3263 alias
751 3201 859 3280 absque
879 3204 975 3281 ipsine
989 3218 1111 3262 assensa
1123 3202 1216 3281 iuju-

95 3316 177 3383 dicio
201 3316 383 3396 reputariter
397 3335 458 3379 esse
468 3321 578 3396 passis,
602 3319 664 3397 aas
688 3315 764 3402 (eum
783 3317 820 3379 de
836 3321 921 3379 iisse
939 3321 1139 3379 intromittere
1156 3335 1215 3379 non

95 3427 218 3513 lrabeat)
249 3406 432 3515 nequaquam
456 3438 573 3515 'requiri
605 3435 720 3496 debebit
745 3452 882 3515 assensus
912 3433 995 3520 (cap.
1022 3437 1054 3511 3,
1081 3434 1170 3499 tituli
1196 3436 1208 3497 l

95 3550 133 3612 de
150 3549 294 3627 Iudiciis,
318 3547 351 3611 in
365 3545 410 3632 6).
433 3547 480 3611 Ex
503 3545 563 3612 hac
581 3547 655 3632 lege
675 3548 823 3633 sequitur
844 3528 1152 3614 l⁰ll1inoremannis
1170 3551 1208 3614 14

95 3683 206 3751 neque
224 3664 259 3727 in
271 3664 505 3748 temporalibus
523 3683 629 3751 neque
644 3666 677 3729 in
692 3646 912 3749 spiritualibus
923 3668 1027 3731 causis
1041 3685 1134 3749 posse
1153 3646 1214 3749 per

95 3781 243 3865 seipsum
267 3780 301 3845 in
321 3778 443 3865 judicio
467 3788 571 3866 stare,
595 3784 629 3846 2⁰
652 3783 686 3847 in
710 3783 813 3848 causis
836 3783 1055 3867 spiritualibus
1070 3781 1123 3847 vel
1139 3800 1210 3859 cum

95 3894 319 3981 spiritualibus
333 3897 495 3976 connexis,
513 3898 575 3981 ipsi
599 3907 732 3964 curator
747 3897 873 3963 dandus
887 3904 937 3964 est
950 3917 969 3963 a
981 3896 1093 3983 judice
1109 3896 1214 3962 eccle-

95 4011 244 4105 siastico,
265 4031 327 4077 nec
351 4018 460 4096 potest
476 4014 510 4078 in
530 4014 579 4078 his
601 4033 671 4081 sese
699 4015 917 4081 intromittere
938 4013 1009 4099 ejus
1029 4018 1132 4095 pater,
1152 4012 1213 4077 sub

95 4127 189 4215 cujus
213 4134 376 4215 potestate
395 4137 445 4194 est
459 4128 566 4217 quoad
581 4137 709 4211 caetera,
736 4151 797 4197 nec
816 4138 949 4195 curator
962 4148 1059 4216 quem
1074 4108 1214 4196 haberet

96 4243 227 4311 aliunde
240 4264 302 4331 pro
314 4246 414 4312 rebus
424 4248 489 4312 suis
503 4248 756 4337 temporalibus,
774 4251 808 4312 3⁰
822 4255 952 4313 curatur
967 4247 998 4312 ei
1013 4244 1140 4313 dandus
1161 4253 1212 4311 est

100 4337 315 4463 ablipiscopo
333 4371 390 4433 aut
404 4363 475 4451 ejus
493 4364 634 4454 officiali3
652 4365 737 4471 uela
753 4364 904 4473 delegato
925 4372 983 4439 aut
1000 4363 1213 4471 subdelegato
