2714 4980
191 295 232 355 50
531 305 718 354 rnacrarus
739 307 784 354 or
806 306 954 356 sumens.

185 434 371 501 testimonio
383 433 551 502 adversari
560 433 722 513 videatur,
733 433 768 500 id
779 433 918 519 benigne
929 450 1000 501 esse
1007 434 1299 520 interpretandum,

104 551 106 554 ⁴
187 561 239 618 est
252 553 366 637 regula
381 551 469 636 apud
484 551 653 635 theologos
671 559 761 616 certa
773 557 808 617 et
824 552 966 616 unanimi
983 571 1139 619 consensu
1153 551 1300 619 admism

189 670 270 736 Cum
284 688 363 754 ergo
376 669 528 735 Ecclesia
543 677 715 735 externum
728 670 835 736 forum
850 671 982 754 umque
999 671 1176 737 coactivam
1190 678 1302 754 aperte

187 791 311 848 asserat
325 789 395 848 tota
408 783 591 867 antiquitas,
611 783 853 867 communisque
869 784 1004 848 Patrum
1018 783 1161 863 traditio,
1178 790 1217 849 et
1231 801 1304 867 per

187 908 288 984 petua
301 901 420 983 praxis,
440 899 557 965 citatus
578 900 681 965 saneti
696 900 918 985 chrysostomi
929 907 1040 965 textus
1053 901 1086 965 in
1103 899 1190 964 hunc
1207 900 1304 965 etiam

185 1036 318 1083 sensum
341 1018 404 1082 erit
430 1017 707 1100 interpretandus.
729 1018 895 1085 Coeterum
918 1016 1007 1083 idem
1027 1024 1158 1083 sauctus
1176 1012 1301 1095 doctor,

187 1132 315 1200 homilia
327 1136 378 1212 13,
391 1135 425 1198 in
433 1140 531 1217 caput
542 1135 574 1213 4,
585 1137 696 1217 primae
708 1133 750 1200 ad
759 1134 971 1213 Timotheum,
981 1153 1019 1200 ea
1029 1151 1224 1199 enumerans
1235 1148 1304 1218 qua

189 1252 407 1318 ecclesiastica
427 1258 573 1333 potestas
594 1268 770 1351 procurare
786 1249 887 1316 debet
903 1251 955 1316 via
973 1251 1199 1334 persuasionis,
1213 1257 1254 1315 et
1269 1270 1305 1316 ea

187 1389 259 1455 qua
279 1390 345 1434 cum
363 1375 498 1452 imperio,
528 1368 573 1434 sic
598 1368 790 1433 sententiam
811 1366 962 1434 claudit:
986 1371 1071 1432 vides
1095 1376 1130 1432 ut
1158 1375 1305 1452 imperare

186 1490 375 1552 sacerdotum
393 1493 571 1551 accessesit.
593 1485 656 1550 Ubi
669 1492 759 1550 certe
777 1485 885 1550 lorum
896 1491 1070 1549 externum
1088 1492 1122 1550 et
1136 1486 1202 1551 vim
1215 1503 1305 1551 coac

188 1607 289 1674 tivarn
301 1606 449 1672 Ecclesiae
461 1606 588 1684 tribuit,
602 1623 676 1670 cum
686 1607 715 1671 ei
724 1625 788 1670 non
801 1607 1044 1689 persuasionem
1055 1604 1238 1685 dumtaxat,
1246 1604 1305 1672 sed

188 1729 225 1792 et
238 1730 396 1806 imperim
411 1743 452 1789 er
464 1723 611 1807 professo
622 1721 798 1789 adscribat.

643 2008 775 2078 CAPUT
798 2012 852 2076 IV.

232 2270 391 2320 POTESTAS
414 2269 574 2318 EGCLESIAE
597 2269 791 2318 COERGlTlVA
815 2271 1056 2318 lnrntmomvnn
1080 2272 1138 2320 EST
1162 2273 1267 2323 ETIAM

358 2387 401 2434 DE
419 2386 527 2435 POENIS
549 2386 797 2436 TEMPORALIBUS
822 2388 864 2434 ET
886 2387 1139 2438 consonamus

184 2696 188 2700 -
236 2657 447 2741 insuperiori
470 2656 575 2739 capite
598 2653 677 2719 dum
693 2655 842 2720 Ecclesiae
860 2654 1093 2722 vindicavimus
1105 2656 1309 2742 judiciariam

186 2783 389 2860 potestatem
405 2793 479 2838 eum
493 2775 599 2857 aliqua
618 2773 652 2838 vi
667 2773 821 2852 coactiva,
840 2792 987 2858 quanm
1003 2773 1089 2840 foret
1106 2795 1144 2841 ea
1162 2782 1209 2840 ais
1223 2797 1309 2841 eoac-

188 2900 259 2956 ¹tica
282 2911 346 2957 non
366 2889 674 2955 determinavimus:
697 2892 907 2974 questionem
932 2891 1065 2970 scilicet,
1083 2913 1124 2956 au
1145 2912 1207 2976 per
1229 2895 1310 2960 solas

189 3010 378 3094 spirituales
393 3026 504 3092 poenas
520 3006 662 3072 Ecclesia
683 3026 835 3072 coercere
851 3008 962 3092 possit,
981 3029 1022 3073 an
1038 3010 1135 3074 etiam
1149 3028 1211 3093 per
1226 3019 1310 3078 tem-

195 3125 324 3208 porales
346 3132 381 3189 et
406 3122 591 3206 corporales
613 3122 847 3204 castigationes,
870 3122 1023 3188 intactam
1042 3125 1244 3209 reliquimus.
1265 3128 1311 3192 Fla

195 3258 275 3305 vero
292 3258 378 3303 nunc
404 3239 455 3303 hic
474 3239 648 3322 separatim
669 3237 865 3302 excutienda
888 3239 989 3303 venit.
1011 3241 1078 3304 Nec
1096 3248 1192 3324 putet
1205 3241 1311 3308 lector

199 3354 366 3423 abundare
387 3354 643 3439 disquisitionem
662 3353 859 3439 hujusmodi,
879 3375 918 3421 eo
936 3356 1025 3441 quod
1040 3356 1175 3423 evidens
1192 3358 1236 3423 sit
1251 3361 1309 3425 Ec

187 3474 301 3540 >clasis
317 3479 514 3557 potestatem
524 3491 589 3537 nou
603 3489 697 3555 posse
711 3470 776 3537 dici
787 3490 865 3539 vere
881 3475 1068 3551 coactivam,
1082 3474 1143 3538 nisi
1156 3492 1217 3557 per
1227 3483 1310 3541 tem-

191 3591 325 3675 porales
336 3597 369 3655 et
379 3589 565 3672 corporales
576 3584 698 3672 poenas.
712 3590 792 3653 Nam
804 3590 1011 3673 quantumvis
1021 3588 1056 3653 id
1068 3597 1183 3673 patere
1198 3590 1310 3657 videa-

192 3716 261 3788 tur,
287 3728 353 3773 uon
372 3706 492 3773 desunt
511 3708 566 3792 qui
580 3707 693 3790 negari
713 3725 806 3789 posse
828 3705 1024 3785 existiment,
1047 3708 1143 3772 salvis
1160 3708 1310 3774 omuibus

195 3821 343 3895 Ecclesia
359 3825 419 3891 hac
437 3824 533 3890 dere
553 3822 705 3889 decretis.
724 3823 937 3888 subscribunt
946 3842 1063 3908 nempe
1074 3841 1309 3907 supra-memo·

197 3947 275 4010 ratis
293 3945 440 4010 Ecclesiae
460 3940 713 4020 delinitionibus,
734 3942 799 4007 vim
818 3943 996 4006 coactivam
1011 3942 1235 4008 ecclesiastica
1252 3961 1311 4026 po·

196 4064 308 4137 testati
321 4060 576 4144 vindicantibus3
594 4065 709 4124 atvero
726 4058 820 4125 simul
831 4060 945 4125 volunt
965 4078 1035 4125 eam
1052 4061 1251 4126 coactionem
1263 4060 1311 4125 in·

185 4179 408 4264 telligeudam
422 4199 491 4244 esse
505 4176 547 4243 de
563 4177 637 4242 solis
649 4177 870 4260 spiritualibus
883 4179 1000 4260 poenis,
1023 4178 1117 4243 verbi
1134 4179 1249 4261 gratia,
1268 4177 1309 4242 de

186 4299 537 4379 excommunicatione,
555 4296 776 4379 suspensione,
789 4294 976 4373 interdicto,
995 4295 1231 4386 depositiones
1247 4296 1311 4363 cle·

196 4417 286 4484 ricali
303 4415 417 4495 officio,
435 4412 584 4479 beneficii
600 4412 795 4495 privatione,
817 4420 851 4477 et
870 4413 903 4476 iu
919 4412 1053 4479 clericos
1069 4411 1311 4496 degradationis
