2714 4980
556 343 637 392 mas
658 343 774 392 rmus.
1158 326 1221 392 139

99 475 165 537 test
190 467 423 550 condemnare,
447 468 490 536 ab
506 472 724 553 probabiliores
749 466 792 534 de
811 467 913 552 ipsius
929 465 1054 537 delicto
1072 465 1224 534 obtentas

100 585 322 670 probationes.
343 584 408 652 Sed
427 585 471 652 ad
491 584 772 651 condemnandum
792 585 972 670 requiritur
988 584 1022 649 in
1043 585 1147 651 causis
1161 583 1224 649 cri·

100 703 275 768 muralibus
286 701 440 786 probatio
454 710 565 769 semar
583 710 683 787 prout
699 701 784 767 iutra
797 720 857 767 suo
872 701 945 767 loco
958 700 1098 768 dicetur.

141 820 231 886 ltem
240 820 275 884 in
285 820 389 886 causis
400 820 700 898 matrimonialibus,
714 837 786 904 quae
797 819 1019 884 criminalibus
1029 819 1223 904 oeqanparari

97 936 268 1016 dicuntur,
286 945 377 1003 certa
391 938 584 1022 probatione
596 956 678 1022 opus
694 943 755 1015 est,
770 944 809 1002 ut
823 935 927 1022 judex
942 936 1138 1002 matrimonii
1149 937 1223 1002 nul·

96 1053 229 1120 litatem
242 1055 455 1139 pronuntiare
470 1055 589 1140 possit3
606 1060 706 1138 prout
725 1054 825 1120 etiam
844 1071 904 1118 suo
917 1052 989 1119 loeo
1006 1052 1092 1118 iufra
1109 1051 1223 1119 trade·

95 1187 184 1237 mus.

144 1289 178 1352 2.
205 1285 407 1352 Remanente
421 1304 484 1371 pro
498 1294 639 1372 utraque
652 1294 746 1370 parte
760 1286 874 1371 aequali
885 1285 969 1373 juris
979 1284 1220 1371 probabilitate,

95 1409 236 1469 tenetur
249 1401 352 1488 judex
365 1405 399 1467 iu
414 1403 561 1469 favorem
575 1403 625 1468 rei
642 1422 701 1468 seu
720 1404 912 1486 possessoris
928 1403 1151 1486 pronuntiare.
1174 1404 1223 1467 lta

100 1515 205 1584 dictat
223 1526 315 1584 recta
335 1519 437 1596 ratio,
460 1525 495 1584 et
511 1526 672 1603 praterea
692 1518 834 1603 disponit
852 1538 1005 1604 expresse
1023 1517 1076 1604 jus
1095 1521 1224 1586 canoni-

102 1652 188 1701 cum.
204 1636 299 1716 Nam,
316 1636 422 1719 capite
437 1639 512 1700 Coro
526 1643 596 1699 sent
610 1639 664 1716 ll,
678 1639 716 1700 de
729 1638 851 1717 Repetas
858 1641 952 1719 juris,
970 1635 1003 1699 in
1015 1638 1049 1714 6,
1066 1636 1112 1700 sic
1124 1635 1223 1702 habe·

102 1757 157 1816 tur
169 1773 176 1818 :
190 1756 267 1817 Crem
277 1760 348 1816 serat
353 1757 571 1836 portiemjero
583 1755 716 1832 obsecro,
729 1772 779 1815 reo
789 1755 1013 1834 summumst,
1018 1757 1123 1834 potios
1133 1771 1223 1834 pram

103 1876 209 1933 actori.
230 1870 272 1935 Et
290 1870 395 1953 capite
411 1873 450 1935 Ira
462 1876 534 1952 pori
550 1872 605 1948 65,
627 1872 665 1934 ele
679 1872 803 1951 Repertis
810 1874 905 1952 juris,
922 1869 1008 1934 ind:
1029 1871 1068 1933 Iro
1078 1874 1152 1951 perr·
1170 1871 1222 1933 de-

106 1985 172 2048 licto
188 1988 237 2049 vel
253 2006 354 2066 cereso,
368 1992 471 2069 potior
485 1994 530 2049 est
542 1989 674 2050 corditio
684 1987 879 2068 possideretis.
896 1984 1121 2066 atrapitena
1140 1987 1223 2048 litte-

106 2105 147 2164 ris
160 2105 193 2179 3,
208 2105 246 2166 de
255 2104 504 2167 Probotr'oor‘bos:
517 2105 604 2183 Quod
613 2108 641 2165 st
650 2103 804 2165 ambarum
811 2097 1049 2188 partiem[testes
1059 2109 1130 2165 serat
1142 2120 1223 2182 oeqre

108 2220 221 2298 idonei,
236 2225 416 2302 possessoris
435 2227 523 2284 testes
536 2222 758 2302 proferratur,
780 2237 848 2282 eam
867 2223 1053 2301 praepetere
1071 2225 1134 2282 siret
1145 2223 1222 2302 jure

109 2338 144 2400 ab
156 2338 371 2400 absolvendam
384 2356 473 2418 qoam
487 2340 529 2401 ool
541 2339 809 2408 condemnandam.

144 2456 178 2520 3.
204 2451 232 2517 Α
254 2450 455 2535 praecedenti
478 2451 592 2536 regula
620 2437 822 2536 excipiendae
847 2458 924 2518 sunt
945 2469 1050 2521 causae
1073 2449 1221 2537 quadam

104 2567 324 2652 adalegida,
341 2570 566 2654 questracta
583 2566 705 2654 injure
718 2566 798 2635 dicit
812 2567 931 2647 solent,
949 2567 1222 2653 etexprimuntur

100 2675 148 2755 bn
160 2684 313 2754 versibus
327 2706 335 2753 τ

236 2859 307 2922 Stet
322 2862 541 2938 testamentare,
561 2859 696 2939 libertos,
715 2863 897 2942 corejopr'om,
919 2859 985 2939 dos,

237 2976 274 3038 Si
286 2980 357 3037 snat
371 2976 498 3056 equales
510 2979 563 3056 qai
571 2977 781 3057 proderentur
795 2979 945 3057 atrioque.

137 3151 383 3236 Debetnempe
391 3151 505 3238 judex,
519 3153 552 3219 iu
565 3171 642 3220 casu
655 3154 787 3239 aqualis
800 3153 955 3238 utrinque
971 3151 1218 3236 probabilitatis,

95 3268 317 3348 ›renuntiare
328 3287 388 3351 pro
399 3270 510 3336 valore
523 3270 729 3348 matrimonii,
739 3268 828 3355 quod
838 3269 964 3335 nullum
974 3288 1043 3336 esse
1052 3269 1223 3337 contendit

95 3403 186 3455 anus
198 3404 240 3454 ex
255 3383 456 3467 litigantibus
466 3406 474 3468 3
489 3386 635 3470 quamvis
649 3405 735 3469 pars,
748 3403 819 3471 quae
832 3404 893 3469 pro
904 3385 1016 3451 valore
1024 3385 1223 3453 matrimonii

95 3503 223 3586 itigat,
241 3500 285 3567 sit
300 3501 439 3583 ipsemet
453 3508 559 3570 actor.
577 3502 618 3566 Et
635 3501 725 3567 idem
744 3500 919 3568 dicendum
934 3501 977 3569 de
998 3503 1110 3570 valore
1122 3509 1223 3570 testa-

95 3617 218 3694 menti,
236 3623 273 3680 et
286 3614 328 3681 de
342 3615 453 3683 valore
469 3624 564 3683 aetus
577 3636 644 3702 quo
659 3616 720 3685 dos
733 3619 912 3689 constituta
924 3619 1005 3703 fuit3
1024 3620 1109 3691 sicut
1123 3622 1221 3689 etiam

95 3734 340 3811 alnnmmusa,
349 3752 391 3797 an
402 3733 516 3818 aliquis
523 3740 610 3801 esset
620 3734 748 3801 servilis
755 3734 958 3827 conditionis,
968 3735 1111 3805 debebat
1117 3734 1221 3821 judex

95 3853 195 3944 [dato
213 3869 291 3919 casu
310 3851 442 3935 aqualis
462 3852 615 3936 utrinque
634 3851 882 3938 probabilitatis)
903 3855 936 3919 iu
957 3854 1104 3921 favorem
1121 3853 1221 3918 liber-

95 3971 178 4041 tatis
196 3968 419 4051 pronuntiare.
441 3968 606 4035 Probatur
628 3975 736 4036 autem
760 3970 910 4053 t⁰capite
927 3974 979 4034 Ee
997 3974 1109 4035 litteris
1128 3972 1160 4047 3,
1183 3974 1221 4036 de

95 4088 346 4164 Probotiear‘bes,
363 4085 491 4169 inquo,
506 4091 677 4170 postquam
691 4085 881 4169 dispositum
898 4086 973 4164 fuit,
990 4085 1098 4170 quoad
1110 4105 1221 4153 casum

96 4201 235 4287 mqualn
245 4200 400 4286 utrinque
411 4201 659 4283 probabilitatis,
677 4202 712 4267 iu
727 4202 874 4268 favorem
888 4202 939 4267 rei
953 4221 1011 4268 seu
1026 4202 1221 4285 possidentis

99 4334 174 4401 esse
191 4314 422 4402 judicandum,
444 4315 653 4401 subjungitur
681 4335 833 4400 expresse
864 4317 953 4384 dicta
981 4321 1152 4403 exceptio,
1173 4319 1221 4384 his

102 4433 269 4513 tenuistis:
285 4437 493 4516 Praeterquam
505 4439 539 4511 r'rr
552 4437 784 4514 liberaliorem,
798 4440 832 4501 to
843 4440 940 4518 prod
953 4442 1110 4519 ridesque
1120 4442 1221 4519 portis
