2714 4980
574 331 655 383 runs
677 330 792 380 rarus.
1183 317 1248 384 229

126 459 229 543 ppssit
240 456 455 533 amuranus
471 457 562 542 apud
577 456 789 530 ordinarium
802 457 876 535 loci,
892 456 927 521 in
937 474 1003 541 quo
1017 461 1110 525 extat
1126 457 1252 526 beneit-

126 576 225 654 cium,
244 574 423 652 renuerim,
441 591 507 645 uon
524 580 654 643 tautum
665 574 699 639 in
715 574 819 645 causis
832 572 1029 643 beneficium
1045 574 1250 657 respicienti

124 690 206 768 bus,
237 689 299 761 sed
325 689 425 764 adam
444 689 480 755 iu
501 688 589 772 aliis,
614 689 689 774 quia
711 689 838 755 ratione
863 687 1014 754 beneficii
1036 688 1248 757 residentiam

124 807 295 890 exigentis,
312 806 451 879 clericus
464 803 578 871 euadit
592 823 692 871 verus
705 810 740 869 et
755 805 907 888 proprius
923 804 1074 888 Episcopi
1083 804 1148 870 looi
1161 805 1249 873 illus

123 921 287 1000 subditus,
305 921 431 995 etiamsi
445 919 571 994 ibidem
585 919 628 985 de
642 919 731 989 facto
746 938 812 984 non
829 918 982 987 resideat.
997 919 1039 985 lit
1055 918 1117 985 boc
1130 939 1248 987 verum

122 1045 275 1110 remanet
294 1034 403 1122 quoad
416 1036 542 1120 singula
557 1034 743 1120 hujusmodi
757 1034 927 1112 beneficia,
942 1035 970 1100 si
983 1036 1077 1119 plura
1088 1036 1123 1100 in
1137 1034 1248 1103 diver·

122 1155 164 1226 sia
178 1150 378 1224 dioecesibus
390 1170 430 1219 ex
448 1151 689 1235 dispensatione
710 1150 874 1234 pontificia
893 1151 989 1216 simul
1000 1150 1175 1234 possideat.
1192 1152 1247 1218 Sin

120 1275 234 1341 autem
259 1266 457 1335 beneficium
476 1287 519 1333 ex
532 1268 572 1335 iis
594 1267 636 1337 sit
656 1285 727 1353 qua
750 1264 960 1333 residentiam
982 1286 1047 1332 non
1066 1267 1243 1350 postulant,

120 1383 336 1455 beneficiatus
355 1382 398 1449 ab
421 1383 581 1465 Episcopo
605 1382 670 1455 loci
692 1381 844 1453 beneficii
882 1380 1050 1465 dependet
1076 1380 1247 1452 dumtaxat

119 1499 230 1586 quoad
248 1518 362 1564 causas
375 1499 572 1570 beneficium
581 1499 807 1582 respicientes.
821 1498 900 1580 Quae
918 1499 1100 1567 communis
1115 1500 1246 1567 cunoni·

120 1624 245 1695 surum
256 1623 293 1682 et
306 1615 535 1701 theologorum
553 1615 715 1693 doctriua,
736 1616 868 1683 omnino
883 1633 945 1698 pro
960 1616 1075 1698 regula
1093 1615 1245 1681 ecclesia·

119 1733 200 1805 siica
223 1730 367 1806 tenenda
387 1738 449 1802 est.
476 1728 570 1816 (Vide
590 1729 761 1812 Pirrhing,
783 1730 818 1801 iu
836 1732 888 1795 tit.
910 1733 941 1808 2,
968 1729 1025 1797 lib.
1055 1732 1075 1795 2
1097 1728 1241 1810 decret,

118 1867 150 1922 u.
170 1849 233 1931 163
252 1845 601 1930 etscbmalzgmeber,
617 1844 745 1924 eodem,
763 1865 797 1910 n.
818 1844 886 1931 14.)

159 1965 197 2031 6⁰
219 1964 272 2028 De
306 1961 469 2032 domicilio
499 1961 578 2033 aete
607 1960 696 2046 quod
719 1961 854 2046 quisque
887 1962 996 2027 Romae
1019 1959 1139 2033 habere
1164 1981 1242 2033 cen,-

118 2085 225 2158 sctur,
250 2078 383 2163 quando
406 2078 453 2145 ibi
475 2097 619 2162 praesens
643 2085 704 2144 est.
720 2113 768 2128 -
785 2083 910 2159 Primo,
931 2085 1058 2146 certum
1079 2086 1129 2144 est
1146 2096 1241 2161 posse

118 2195 300 2280 quemlibet
310 2195 467 2268 clericum
480 2195 589 2261 statim
598 2214 635 2260 ac
647 2195 758 2261 Romae
768 2212 910 2277 presens
918 2201 978 2272 est,
988 2194 1113 2261 ibidem
1125 2214 1242 2265 conre-

116 2312 189 2391 niri,
204 2311 474 2396 quamvisliomae
487 2308 687 2383 domicilium
699 2310 858 2395 autquasi
877 2308 1077 2379 domicilium
1094 2312 1240 2381 nondum

116 2428 337 2513 acquisiverit,
354 2447 415 2499 nec
427 2427 473 2492 ibi
493 2426 650 2500 delictum
668 2429 860 2510 patraverit,
881 2435 939 2493 aut
955 2435 1160 2499 contractum
1180 2449 1240 2514 pe·

116 2544 255 2629 regerit,
273 2562 336 2609 nec
357 2545 467 2609 Roma
486 2545 547 2610 sita
570 2545 611 2616 sit
634 2561 688 2609 res
710 2561 770 2626 pro
791 2562 856 2628 qua
874 2545 1078 2611 convenitur.
1105 2545 1239 2614 Constat

111 2663 217 2745 capite
231 2664 317 2725 Licet
331 2659 397 2746 (20,
417 2659 505 2733 tituli
524 2662 556 2737 2,
571 2659 647 2731 libri
664 2662 684 2724 2
701 2656 942 2743 decretalium),
960 2661 1013 2727 cui
1024 2659 1093 2727 haec
1103 2661 1236 2727 rubrica

115 2777 320 2860 praefigitur:
343 2782 466 2857 qusque
483 2778 608 2839 ciericos
625 2782 727 2857 potest
741 2780 776 2839 ic
796 2782 881 2839 eurio
901 2780 1037 2849 Rectene
1062 2783 1231 2855 conveniri,

115 2895 180 2957 iicet
193 2896 276 2957 alios
294 2891 427 2974 specifice
443 2894 544 2971 secum
558 2892 602 2954 ibi
614 2911 675 2956 occ
688 2897 837 2960 sortietur
852 2912 859 2956 :
878 2892 966 2955 locet
982 2899 1080 2956 tameo
1093 2913 1133 2956 ece
1144 2913 1234 2956 cocao

109 3014 156 3090 jas
178 3009 341 3071 reuocandi
361 3009 492 3071 domem.
519 3007 557 3081 In
581 3004 739 3072 decretali
760 3014 871 3071 autem
892 3007 961 3088 ipsa
982 3008 1029 3071 sic
1053 3005 1236 3075 declaravit

113 3124 343 3208 Gregoriuslx
359 3143 367 3188 ε
382 3126 466 3187 licet
477 3126 594 3186 ratione
608 3124 723 3202 delicti,
740 3142 792 3185 seo
803 3129 985 3203 contrectes,
1001 3130 1055 3187 aei
1067 3125 1226 3204 domicilii,
1308 3201 1312 3208 Π

112 3246 236 3317 cinerei
253 3242 292 3303 dc
310 3258 369 3320 quc
392 3245 497 3309 coaice
512 3257 711 3320 possessorem
730 3257 821 3301 caeso
841 3245 976 3307 crecere
998 3238 1234 3324 (quemobrem
1305 3270 1308 3274 “

109 3360 292 3441 repaimitcr
309 3361 376 3436 pais
395 3350 548 3436 sortitor),
569 3357 732 3436 Episcopus
750 3361 848 3418 cester
861 3357 943 3436 apud
961 3357 1067 3420 Sedere
1081 3357 1232 3437 Apostoli-

106 3493 168 3549 cope
187 3479 351 3547 concretes
363 3490 426 3534 coc
442 3474 538 3551 feerit
550 3492 561 3534 :
575 3477 647 3553 quio
664 3478 762 3536 camec
779 3476 913 3542 omnium
927 3474 1116 3537 ecclesiaram
1133 3481 1232 3538 mater

102 3601 145 3667 epe
157 3593 270 3664 eodem
283 3595 312 3650 ei
325 3593 489 3669 empirica,
509 3593 568 3657 rite
581 3590 719 3668 compelli
732 3594 833 3669 potuit
850 3594 885 3650 et
904 3591 947 3652 ibi
966 3594 1030 3652 ucis
1044 3591 1231 3673 mensariis
1286 3649 1288 3653 a

99 3708 300 3792 responderet
316 3725 326 3766 :
340 3710 402 3767 cisi
414 3724 474 3786 pro
486 3706 550 3776 olio
557 3710 646 3786 jesia
661 3711 691 3768 ct
702 3711 868 3769 messario
883 3724 973 3778 cause
987 3711 1131 3785 vertisset·
1141 3726 1232 3786 qaam

96 3833 220 3897 &sune
236 3824 406 3904 ellepcsset,
417 3827 471 3904 jus
486 3825 646 3887 reaccendi
664 3824 916 3886 domumculam
931 3824 1039 3903 fecisset
1055 3824 1162 3885 eidem.
1180 3820 1228 3900 Ex

95 3959 168 4030 quo
199 3945 298 4006 textu
331 3944 473 4022 arguunt
500 3939 719 4009 communiter
746 3938 916 4016 doctores,
948 3956 1043 4021 posse
1071 3937 1228 4012 clericum

95 4053 214 4125 Romae
227 4055 422 4123 existentem
436 4053 557 4121 ibidem
568 4054 749 4132 conveniri,
771 4053 909 4137 perinde
923 4073 961 4119 ac
980 4053 1007 4117 si
1024 4050 1226 4118 domicilium

95 4171 215 4255 Roma
231 4170 446 4254 haberet31ta
463 4190 581 4255 nempe
596 4179 635 4243 ut
652 4170 761 4237 forum
777 4172 874 4235 ouriae
891 4171 1040 4235 Romane
1058 4166 1224 4239 declinare

95 4309 168 4359 non
180 4288 295 4372 possit,
309 4287 370 4353 sub
384 4295 547 4370 pretextu
557 4287 652 4372 ,quod
668 4289 776 4358 Roma
793 4286 993 4360 domicilium
1008 4303 1075 4359 non
1090 4284 1223 4363 babeat,

95 4427 165 4478 nee
182 4405 232 4477 ili
247 4403 446 4489 deiecerit,
462 4423 530 4477 uec
552 4411 757 4477 mummium
772 4401 928 4486 gesseris,
943 4420 1010 4478 aas
1020 4399 1149 4479 liticen
1164 4401 1228 4479 sim
