<?xml version="1.0" encoding="UTF-8"?>
<!DOCTYPE html PUBLIC "-//W3C//DTD XHTML 1.0 Transitional//EN"
    "http://www.w3.org/TR/xhtml1/DTD/xhtml1-transitional.dtd">
<html xmlns="http://www.w3.org/1999/xhtml" xml:lang="en" lang="en">
 <head>
  <title>
</title>
<meta http-equiv="Content-Type" content="text/html;charset=utf-8" />
  <meta name='ocr-system' content='tesseract 3.04.00' />
  <meta name='ocr-capabilities' content='ocr_page ocr_carea ocr_par ocr_line ocrx_word'/>
</head>
<body>
  <div class='ocr_page' id='page_1' title='image "./tractatusdejudi00bouigoog_0126.png"; bbox 0 0 2716 4988; ppageno 0'>
   <div class='ocr_carea' id='block_1_1' title="bbox 8 4402 13 4437">
    <p class='ocr_par' dir='ltr' id='par_1_1' title="bbox 8 4402 13 4437">
     <span class='ocr_line' id='line_1_1' title="bbox 8 4402 13 4437; baseline 0 0"><span class='ocrx_word' id='word_1_1' title='bbox 8 4402 13 4437; x_wconf 87' lang='lat' dir='ltr'>l</span> 
     </span>
    </p>
   </div>
   <div class='ocr_carea' id='block_1_2' title="bbox 565 299 1226 364">
    <p class='ocr_par' dir='ltr' id='par_1_2' title="bbox 565 299 1226 364">
     <span class='ocr_line' id='line_1_2' title="bbox 565 299 1226 364; baseline 0.015 -11"><span class='ocrx_word' id='word_1_2' title='bbox 565 304 645 353; x_wconf 74' lang='lat' dir='ltr'>rans</span> <span class='ocrx_word' id='word_1_3' title='bbox 666 303 780 353; x_wconf 78' lang='lat' dir='ltr'>rmus.</span> <span class='ocrx_word' id='word_1_4' title='bbox 1166 299 1226 364; x_wconf 81' lang='lat' dir='ltr'>tto</span> 
     </span>
    </p>
   </div>
   <div class='ocr_carea' id='block_1_3' title="bbox 53 428 1230 990">
    <p class='ocr_par' dir='ltr' id='par_1_3' title="bbox 53 428 1230 990">
     <span class='ocr_line' id='line_1_3' title="bbox 63 428 1228 519; baseline 0.01 -20"><span class='ocrx_word' id='word_1_5' title='bbox 63 428 226 499; x_wconf 74' lang='lat' dir='ltr'>intui.</span> <span class='ocrx_word' id='word_1_6' title='bbox 237 428 334 513; x_wconf 83' lang='lat' dir='ltr'>Quod</span> <span class='ocrx_word' id='word_1_7' title='bbox 344 428 558 516; x_wconf 91' lang='lat' dir='ltr'>magisadhuc</span> <span class='ocrx_word' id='word_1_8' title='bbox 572 429 699 516; x_wconf 86' lang='lat' dir='ltr'>patefit,</span> <span class='ocrx_word' id='word_1_9' title='bbox 714 428 976 499; x_wconf 89' lang='lat' dir='ltr'>siconsideretur</span> <span class='ocrx_word' id='word_1_10' title='bbox 985 432 1055 519; x_wconf 89' lang='lat' dir='ltr'>ipse</span> <span class='ocrx_word' id='word_1_11' title='bbox 1069 443 1228 511; x_wconf 87' lang='lat' dir='ltr'>actusaoo</span> 
     </span>
     <span class='ocr_line' id='line_1_4' title="bbox 60 543 1227 636; baseline 0.006 -22"><span class='ocrx_word' id='word_1_12' title='bbox 60 543 289 615; x_wconf 79' lang='lat' dir='ltr'><strong>methodus</strong></span> <span class='ocrx_word' id='word_1_13' title='bbox 322 544 491 633; x_wconf 78' lang='lat' dir='ltr'>tradendae</span> <span class='ocrx_word' id='word_1_14' title='bbox 518 544 568 612; x_wconf 89' lang='lat' dir='ltr'>rei</span> <span class='ocrx_word' id='word_1_15' title='bbox 594 545 761 613; x_wconf 78' lang='lat' dir='ltr'>litteraria</span> <span class='ocrx_word' id='word_1_16' title='bbox 789 544 970 613; x_wconf 90' lang='lat' dir='ltr'>christianis</span> <span class='ocrx_word' id='word_1_17' title='bbox 1004 547 1182 636; x_wconf 83' lang='lat' dir='ltr'>juvenibus</span> <span class='ocrx_word' id='word_1_18' title='bbox 1216 573 1227 619; x_wconf 76' lang='lat' dir='ltr'><em>z</em></span> 
     </span>
     <span class='ocr_line' id='line_1_5' title="bbox 58 660 1228 751; baseline 0.011 -25"><span class='ocrx_word' id='word_1_19' title='bbox 58 660 245 751; x_wconf 84' lang='lat' dir='ltr'>quando</span> <span class='ocrx_word' id='word_1_20' title='bbox 271 662 358 729; x_wconf 88' lang='lat' dir='ltr'>enim</span> <span class='ocrx_word' id='word_1_21' title='bbox 381 666 514 729; x_wconf 88' lang='lat' dir='ltr'>ocurret</span> <span class='ocrx_word' id='word_1_22' title='bbox 537 662 646 748; x_wconf 85' lang='lat' dir='ltr'>aliqua</span> <span class='ocrx_word' id='word_1_23' title='bbox 663 662 697 727; x_wconf 89' lang='lat' dir='ltr'>in</span> <span class='ocrx_word' id='word_1_24' title='bbox 715 662 831 746; x_wconf 88' lang='lat' dir='ltr'>poetis,</span> <span class='ocrx_word' id='word_1_25' title='bbox 855 661 1031 744; x_wconf 61' lang='lat' dir='ltr'>historicis</span> <span class='ocrx_word' id='word_1_26' title='bbox 1058 670 1228 742; x_wconf 71' lang='lat' dir='ltr'>caeterisve</span> 
     </span>
     <span class='ocr_line' id='line_1_6' title="bbox 53 778 1227 869; baseline 0.003 -17"><span class='ocrx_word' id='word_1_27' title='bbox 53 779 304 852; x_wconf 80' lang='lat' dir='ltr'>auctoribus</span> <span class='ocrx_word' id='word_1_28' title='bbox 320 780 492 859; x_wconf 87' lang='lat' dir='ltr'>sententia,</span> <span class='ocrx_word' id='word_1_29' title='bbox 510 787 610 847; x_wconf 88' lang='lat' dir='ltr'>rectae</span> <span class='ocrx_word' id='word_1_30' title='bbox 624 778 704 845; x_wconf 87' lang='lat' dir='ltr'>fidei</span> <span class='ocrx_word' id='word_1_31' title='bbox 714 787 749 845; x_wconf 89' lang='lat' dir='ltr'>et</span> <span class='ocrx_word' id='word_1_32' title='bbox 758 779 851 847; x_wconf 88' lang='lat' dir='ltr'>bonis</span> <span class='ocrx_word' id='word_1_33' title='bbox 861 781 1006 849; x_wconf 88' lang='lat' dir='ltr'>moribus</span> <span class='ocrx_word' id='word_1_34' title='bbox 1015 786 1227 869; x_wconf 85' lang='lat' dir='ltr'>concordans,</span> 
     </span>
     <span class='ocr_line' id='line_1_7' title="bbox 57 876 1230 990; baseline 0.006 -24"><span class='ocrx_word' id='word_1_35' title='bbox 57 896 162 966; x_wconf 82' lang='lat' dir='ltr'>vel</span> <span class='ocrx_word' id='word_1_36' title='bbox 174 898 339 982; x_wconf 90' lang='lat' dir='ltr'>opposita,</span> <span class='ocrx_word' id='word_1_37' title='bbox 352 896 409 962; x_wconf 89' lang='lat' dir='ltr'>vel</span> <span class='ocrx_word' id='word_1_38' title='bbox 421 894 531 977; x_wconf 89' lang='lat' dir='ltr'>dubia,</span> <span class='ocrx_word' id='word_1_39' title='bbox 547 895 627 982; x_wconf 83' lang='lat' dir='ltr'>quid</span> <span class='ocrx_word' id='word_1_40' title='bbox 640 904 714 981; x_wconf 88' lang='lat' dir='ltr'>aget</span> <span class='ocrx_word' id='word_1_41' title='bbox 728 897 902 981; x_wconf 85' lang='lat' dir='ltr'>magister?</span> <span class='ocrx_word' id='word_1_42' title='bbox 917 876 1129 971; x_wconf 66' lang='lat' dir='ltr'>Tacebitssnei</span> <span class='ocrx_word' id='word_1_43' title='bbox 1144 906 1230 990; x_wconf 87' lang='lat' dir='ltr'>Ergo</span> 
     </span>
    </p>
   </div>
   <div class='ocr_carea' id='block_1_4' title="bbox 47 1011 1345 1114">
    <p class='ocr_par' dir='ltr' id='par_1_4' title="bbox 47 1011 1345 1114">
     <span class='ocr_line' id='line_1_8' title="bbox 47 1011 1345 1114; baseline 0.008 -37"><span class='ocrx_word' id='word_1_44' title='bbox 47 1016 252 1105; x_wconf 79' lang='lat' dir='ltr'>juvenes</span> <span class='ocrx_word' id='word_1_45' title='bbox 266 1018 428 1097; x_wconf 88' lang='lat' dir='ltr'>perpetuo</span> <span class='ocrx_word' id='word_1_46' title='bbox 442 1011 649 1097; x_wconf 83' lang='lat' dir='ltr'>urgebuntur</span> <span class='ocrx_word' id='word_1_47' title='bbox 659 1012 806 1098; x_wconf 91' lang='lat' dir='ltr'>periculo</span> <span class='ocrx_word' id='word_1_48' title='bbox 820 1012 1041 1082; x_wconf 81' lang='lat' dir='ltr'>subversionis</span> <span class='ocrx_word' id='word_1_49' title='bbox 1059 1037 1186 1086; x_wconf 87' lang='lat' dir='ltr'>morum</span> <span class='ocrx_word' id='word_1_50' title='bbox 1195 1028 1233 1089; x_wconf 90' lang='lat' dir='ltr'>et</span> <span class='ocrx_word' id='word_1_51' title='bbox 1337 1096 1345 1114; x_wconf 46' lang='grc'><strong><em>,</em></strong></span> 
     </span>
    </p>
   </div>
   <div class='ocr_carea' id='block_1_5' title="bbox 53 1126 1309 4492">
    <p class='ocr_par' dir='ltr' id='par_1_5' title="bbox 53 1126 1309 4492">
     <span class='ocr_line' id='line_1_9' title="bbox 53 1126 1233 1214; baseline 0.007 -19"><span class='ocrx_word' id='word_1_52' title='bbox 53 1126 205 1201; x_wconf 86' lang='lat' dir='ltr'>fidei.</span> <span class='ocrx_word' id='word_1_53' title='bbox 224 1128 276 1195; x_wconf 81' lang='lat' dir='ltr'>dn</span> <span class='ocrx_word' id='word_1_54' title='bbox 284 1126 456 1195; x_wconf 85' lang='lat' dir='ltr'>doctorem</span> <span class='ocrx_word' id='word_1_55' title='bbox 469 1135 555 1213; x_wconf 86' lang='lat' dir='ltr'>aget,</span> <span class='ocrx_word' id='word_1_56' title='bbox 573 1135 609 1195; x_wconf 92' lang='lat' dir='ltr'>et</span> <span class='ocrx_word' id='word_1_57' title='bbox 623 1127 703 1214; x_wconf 85' lang='lat' dir='ltr'>quid</span> <span class='ocrx_word' id='word_1_58' title='bbox 717 1129 873 1196; x_wconf 79' lang='lat' dir='ltr'>catholice</span> <span class='ocrx_word' id='word_1_59' title='bbox 886 1131 1093 1199; x_wconf 86' lang='lat' dir='ltr'>sentiendum</span> <span class='ocrx_word' id='word_1_60' title='bbox 1107 1135 1150 1202; x_wconf 89' lang='lat' dir='ltr'>sit</span> <span class='ocrx_word' id='word_1_61' title='bbox 1167 1135 1233 1203; x_wconf 88' lang='lat' dir='ltr'>dis-</span> 
     </span>
     <span class='ocr_line' id='line_1_10' title="bbox 60 1244 1232 1332; baseline 0.004 -16"><span class='ocrx_word' id='word_1_62' title='bbox 60 1246 231 1331; x_wconf 77' lang='lat' dir='ltr'>cipulis</span> <span class='ocrx_word' id='word_1_63' title='bbox 248 1244 380 1313; x_wconf 77' lang='lat' dir='ltr'>edicet?</span> <span class='ocrx_word' id='word_1_64' title='bbox 398 1246 485 1330; x_wconf 86' lang='lat' dir='ltr'>Ergo</span> <span class='ocrx_word' id='word_1_65' title='bbox 494 1244 555 1330; x_wconf 92' lang='lat' dir='ltr'>ipsi</span> <span class='ocrx_word' id='word_1_66' title='bbox 565 1244 709 1332; x_wconf 81' lang='lat' dir='ltr'>quotidie</span> <span class='ocrx_word' id='word_1_67' title='bbox 723 1244 766 1311; x_wconf 91' lang='lat' dir='ltr'>de</span> <span class='ocrx_word' id='word_1_68' title='bbox 779 1245 959 1314; x_wconf 84' lang='lat' dir='ltr'>orthodoxa</span> <span class='ocrx_word' id='word_1_69' title='bbox 974 1248 1041 1316; x_wconf 86' lang='lat' dir='ltr'>fide</span> <span class='ocrx_word' id='word_1_70' title='bbox 1056 1256 1232 1321; x_wconf 80' lang='lat' dir='ltr'>cimorum</span> 
     </span>
     <span class='ocr_line' id='line_1_11' title="bbox 60 1360 1232 1454; baseline 0.004 -22"><span class='ocrx_word' id='word_1_71' title='bbox 60 1363 288 1433; x_wconf 73' lang='lat' dir='ltr'><strong>sanctitate</strong></span> <span class='ocrx_word' id='word_1_72' title='bbox 305 1360 531 1429; x_wconf 74' lang='lat' dir='ltr'>dimerendum</span> <span class='ocrx_word' id='word_1_73' title='bbox 546 1367 581 1428; x_wconf 89' lang='lat' dir='ltr'>ct</span> <span class='ocrx_word' id='word_1_74' title='bbox 594 1361 870 1446; x_wconf 89' lang='lat' dir='ltr'>pmnuntiandum</span> <span class='ocrx_word' id='word_1_75' title='bbox 888 1364 962 1430; x_wconf 87' lang='lat' dir='ltr'>erit.</span> <span class='ocrx_word' id='word_1_76' title='bbox 982 1366 1078 1447; x_wconf 87' lang='lat' dir='ltr'>Quod</span> <span class='ocrx_word' id='word_1_77' title='bbox 1099 1368 1232 1454; x_wconf 89' lang='lat' dir='ltr'>quidem</span> 
     </span>
     <span class='ocr_line' id='line_1_12' title="bbox 64 1477 1234 1570; baseline 0.004 -25"><span class='ocrx_word' id='word_1_78' title='bbox 64 1478 140 1545; x_wconf 86' lang='lat' dir='ltr'>si</span> <span class='ocrx_word' id='word_1_79' title='bbox 166 1477 268 1545; x_wconf 85' lang='lat' dir='ltr'>faciat</span> <span class='ocrx_word' id='word_1_80' title='bbox 292 1498 333 1545; x_wconf 83' lang='lat' dir='ltr'>ex</span> <span class='ocrx_word' id='word_1_81' title='bbox 357 1483 492 1562; x_wconf 87' lang='lat' dir='ltr'>accepta</span> <span class='ocrx_word' id='word_1_82' title='bbox 515 1477 556 1544; x_wconf 89' lang='lat' dir='ltr'>ah</span> <span class='ocrx_word' id='word_1_83' title='bbox 574 1477 714 1544; x_wconf 81' lang='lat' dir='ltr'>Ecclesia</span> <span class='ocrx_word' id='word_1_84' title='bbox 736 1478 897 1559; x_wconf 87' lang='lat' dir='ltr'>missione,</span> <span class='ocrx_word' id='word_1_85' title='bbox 925 1489 1097 1568; x_wconf 86' lang='lat' dir='ltr'>postquam</span> <span class='ocrx_word' id='word_1_86' title='bbox 1114 1504 1234 1570; x_wconf 85' lang='lat' dir='ltr'>nempe</span> 
     </span>
     <span class='ocr_line' id='line_1_13' title="bbox 67 1593 1233 1687; baseline 0.006 -25"><span class='ocrx_word' id='word_1_87' title='bbox 67 1595 333 1687; x_wconf 50' lang='lat' dir='ltr'>‹sscclcsiastica</span> <span class='ocrx_word' id='word_1_88' title='bbox 355 1602 500 1680; x_wconf 88' lang='lat' dir='ltr'>potestas</span> <span class='ocrx_word' id='word_1_89' title='bbox 528 1593 571 1661; x_wconf 91' lang='lat' dir='ltr'>de</span> <span class='ocrx_word' id='word_1_90' title='bbox 590 1594 692 1678; x_wconf 89' lang='lat' dir='ltr'>ipsius</span> <span class='ocrx_word' id='word_1_91' title='bbox 715 1593 794 1674; x_wconf 88' lang='lat' dir='ltr'>fide,</span> <span class='ocrx_word' id='word_1_92' title='bbox 821 1603 856 1661; x_wconf 91' lang='lat' dir='ltr'>et</span> <span class='ocrx_word' id='word_1_93' title='bbox 874 1600 959 1680; x_wconf 87' lang='lat' dir='ltr'>aptis</span> <span class='ocrx_word' id='word_1_94' title='bbox 980 1598 1023 1664; x_wconf 89' lang='lat' dir='ltr'>ad</span> <span class='ocrx_word' id='word_1_95' title='bbox 1048 1599 1233 1669; x_wconf 89' lang='lat' dir='ltr'>docendum</span> 
     </span>
     <span class='ocr_line' id='line_1_14' title="bbox 69 1708 1236 1803; baseline 0.007 -26"><span class='ocrx_word' id='word_1_96' title='bbox 69 1708 261 1793; x_wconf 84' lang='lat' dir='ltr'>dotibus,</span> <span class='ocrx_word' id='word_1_97' title='bbox 275 1710 484 1798; x_wconf 85' lang='lat' dir='ltr'>judicaverit,</span> <span class='ocrx_word' id='word_1_98' title='bbox 496 1711 583 1777; x_wconf 90' lang='lat' dir='ltr'>etita</span> <span class='ocrx_word' id='word_1_99' title='bbox 593 1718 630 1778; x_wconf 90' lang='lat' dir='ltr'>ut</span> <span class='ocrx_word' id='word_1_100' title='bbox 641 1712 811 1795; x_wconf 78' lang='lat' dir='ltr'>invigilans</span> <span class='ocrx_word' id='word_1_101' title='bbox 824 1710 939 1778; x_wconf 85' lang='lat' dir='ltr'>eadem</span> <span class='ocrx_word' id='word_1_102' title='bbox 951 1715 1236 1803; x_wconf 89' lang='lat' dir='ltr'>ecclesiasticapo-</span> 
     </span>
     <span class='ocr_line' id='line_1_15' title="bbox 66 1827 1236 1917; baseline 0.009 -23"><span class='ocrx_word' id='word_1_103' title='bbox 66 1835 219 1898; x_wconf 71' lang='lat' dir='ltr'>testas</span> <span class='ocrx_word' id='word_1_104' title='bbox 233 1849 321 1910; x_wconf 91' lang='lat' dir='ltr'>eum,</span> <span class='ocrx_word' id='word_1_105' title='bbox 338 1827 514 1916; x_wconf 89' lang='lat' dir='ltr'>siquando</span> <span class='ocrx_word' id='word_1_106' title='bbox 535 1830 569 1894; x_wconf 90' lang='lat' dir='ltr'>in</span> <span class='ocrx_word' id='word_1_107' title='bbox 591 1836 816 1895; x_wconf 86' lang='lat' dir='ltr'>transversum</span> <span class='ocrx_word' id='word_1_108' title='bbox 833 1829 998 1911; x_wconf 82' lang='lat' dir='ltr'>deflectat,</span> <span class='ocrx_word' id='word_1_109' title='bbox 1011 1836 1112 1917; x_wconf 86' lang='lat' dir='ltr'>possit</span> <span class='ocrx_word' id='word_1_110' title='bbox 1129 1855 1149 1900; x_wconf 90' lang='lat' dir='ltr'>a</span> <span class='ocrx_word' id='word_1_111' title='bbox 1167 1856 1236 1905; x_wconf 86' lang='lat' dir='ltr'>mu-</span> 
     </span>
     <span class='ocr_line' id='line_1_16' title="bbox 67 1944 1237 2043; baseline 0.008 -33"><span class='ocrx_word' id='word_1_112' title='bbox 67 1961 196 2015; x_wconf 86' lang='lat' dir='ltr'>nere</span> <span class='ocrx_word' id='word_1_113' title='bbox 219 1965 386 2026; x_wconf 78' lang='lat' dir='ltr'>amovere,</span> <span class='ocrx_word' id='word_1_114' title='bbox 416 1945 538 2030; x_wconf 89' lang='lat' dir='ltr'>optime</span> <span class='ocrx_word' id='word_1_115' title='bbox 565 1963 620 2011; x_wconf 89' lang='lat' dir='ltr'>res</span> <span class='ocrx_word' id='word_1_116' title='bbox 643 1944 826 2030; x_wconf 87' lang='lat' dir='ltr'>procedet:</span> <span class='ocrx_word' id='word_1_117' title='bbox 846 1946 874 2011; x_wconf 90' lang='lat' dir='ltr'>si</span> <span class='ocrx_word' id='word_1_118' title='bbox 882 1951 1161 2043; x_wconf 21' lang='lat' dir='ltr'>&#39;aeroasaeculari</span> <span class='ocrx_word' id='word_1_119' title='bbox 1177 1971 1237 2037; x_wconf 91' lang='lat' dir='ltr'>po·</span> 
     </span>
     <span class='ocr_line' id='line_1_17' title="bbox 67 2060 1236 2150; baseline 0.003 -18"><span class='ocrx_word' id='word_1_120' title='bbox 67 2065 237 2133; x_wconf 77' lang='lat' dir='ltr'>testate</span> <span class='ocrx_word' id='word_1_121' title='bbox 252 2063 433 2149; x_wconf 85' lang='lat' dir='ltr'>deputetur</span> <span class='ocrx_word' id='word_1_122' title='bbox 441 2069 476 2129; x_wconf 89' lang='lat' dir='ltr'>et</span> <span class='ocrx_word' id='word_1_123' title='bbox 485 2060 639 2147; x_wconf 82' lang='lat' dir='ltr'>pendeat,</span> <span class='ocrx_word' id='word_1_124' title='bbox 651 2069 849 2148; x_wconf 89' lang='lat' dir='ltr'>perpetuum</span> <span class='ocrx_word' id='word_1_125' title='bbox 860 2063 992 2130; x_wconf 85' lang='lat' dir='ltr'>instabit</span> <span class='ocrx_word' id='word_1_126' title='bbox 1006 2067 1236 2150; x_wconf 82' lang='lat' dir='ltr'>pervertendoe</span> 
     </span>
     <span class='ocr_line' id='line_1_18' title="bbox 59 2172 1233 2270; baseline 0.004 -22"><span class='ocrx_word' id='word_1_127' title='bbox 59 2172 300 2258; x_wconf 78' lang='lat' dir='ltr'>juventutis</span> <span class='ocrx_word' id='word_1_128' title='bbox 311 2180 509 2265; x_wconf 89' lang='lat' dir='ltr'>periculum;</span> <span class='ocrx_word' id='word_1_129' title='bbox 520 2198 595 2245; x_wconf 91' lang='lat' dir='ltr'>cum</span> <span class='ocrx_word' id='word_1_130' title='bbox 606 2181 788 2264; x_wconf 77' lang='lat' dir='ltr'>presertim</span> <span class='ocrx_word' id='word_1_131' title='bbox 799 2179 945 2266; x_wconf 86' lang='lat' dir='ltr'>quotidie</span> <span class='ocrx_word' id='word_1_132' title='bbox 958 2181 1108 2250; x_wconf 89' lang='lat' dir='ltr'>accidere</span> <span class='ocrx_word' id='word_1_133' title='bbox 1120 2185 1233 2270; x_wconf 88' lang='lat' dir='ltr'>possit,</span> 
     </span>
     <span class='ocr_line' id='line_1_19' title="bbox 68 2295 1236 2382; baseline 0.007 -21"><span class='ocrx_word' id='word_1_134' title='bbox 68 2298 324 2366; x_wconf 82' lang='lat' dir='ltr'>utsaecularis</span> <span class='ocrx_word' id='word_1_135' title='bbox 330 2303 596 2382; x_wconf 84' lang='lat' dir='ltr'>potestasarecte</span> <span class='ocrx_word' id='word_1_136' title='bbox 605 2295 791 2363; x_wconf 74' lang='lat' dir='ltr'>aestimanda</span> <span class='ocrx_word' id='word_1_137' title='bbox 797 2295 977 2364; x_wconf 83' lang='lat' dir='ltr'>orthodoxa</span> <span class='ocrx_word' id='word_1_138' title='bbox 986 2297 1053 2366; x_wconf 85' lang='lat' dir='ltr'>fide</span> <span class='ocrx_word' id='word_1_139' title='bbox 1061 2308 1096 2366; x_wconf 91' lang='lat' dir='ltr'>ct</span> <span class='ocrx_word' id='word_1_140' title='bbox 1108 2320 1236 2369; x_wconf 87' lang='lat' dir='ltr'>moram</span> 
     </span>
     <span class='ocr_line' id='line_1_20' title="bbox 65 2410 1237 2500; baseline 0.003 -17"><span class='ocrx_word' id='word_1_141' title='bbox 65 2416 290 2483; x_wconf 69' lang='lat' dir='ltr'>sanctitate</span> <span class='ocrx_word' id='word_1_142' title='bbox 303 2414 373 2499; x_wconf 93' lang='lat' dir='ltr'>ipsa</span> <span class='ocrx_word' id='word_1_143' title='bbox 390 2411 538 2497; x_wconf 88' lang='lat' dir='ltr'>deficiat;</span> <span class='ocrx_word' id='word_1_144' title='bbox 554 2418 589 2478; x_wconf 88' lang='lat' dir='ltr'>et</span> <span class='ocrx_word' id='word_1_145' title='bbox 604 2413 636 2479; x_wconf 91' lang='lat' dir='ltr'>in</span> <span class='ocrx_word' id='word_1_146' title='bbox 652 2411 714 2477; x_wconf 93' lang='lat' dir='ltr'>hoc</span> <span class='ocrx_word' id='word_1_147' title='bbox 730 2430 797 2478; x_wconf 89' lang='lat' dir='ltr'>non</span> <span class='ocrx_word' id='word_1_148' title='bbox 810 2410 931 2480; x_wconf 88' lang='lat' dir='ltr'>debeat</span> <span class='ocrx_word' id='word_1_149' title='bbox 942 2412 1102 2500; x_wconf 85' lang='lat' dir='ltr'>judicare,</span> <span class='ocrx_word' id='word_1_150' title='bbox 1119 2416 1180 2485; x_wconf 89' lang='lat' dir='ltr'>aed</span> <span class='ocrx_word' id='word_1_151' title='bbox 1194 2418 1237 2487; x_wconf 91' lang='lat' dir='ltr'>ah</span> 
     </span>
     <span class='ocr_line' id='line_1_21' title="bbox 64 2518 1234 2629; baseline 0.003 -31"><span class='ocrx_word' id='word_1_152' title='bbox 64 2518 272 2611; x_wconf 80' lang='lat' dir='ltr'>Ecclesia,</span> <span class='ocrx_word' id='word_1_153' title='bbox 286 2531 370 2597; x_wconf 90' lang='lat' dir='ltr'>sicut</span> <span class='ocrx_word' id='word_1_154' title='bbox 380 2530 490 2596; x_wconf 80' lang='lat' dir='ltr'>ceteri</span> <span class='ocrx_word' id='word_1_155' title='bbox 498 2527 624 2609; x_wconf 86' lang='lat' dir='ltr'>fideles,</span> <span class='ocrx_word' id='word_1_156' title='bbox 638 2526 789 2614; x_wconf 84' lang='lat' dir='ltr'>judicari,</span> <span class='ocrx_word' id='word_1_157' title='bbox 804 2527 936 2596; x_wconf 84' lang='lat' dir='ltr'>edoceri</span> <span class='ocrx_word' id='word_1_158' title='bbox 946 2539 983 2629; x_wconf 88' lang='lat' dir='ltr'>et</span> <span class='ocrx_word' id='word_1_159' title='bbox 994 2533 1123 2617; x_wconf 84' lang='lat' dir='ltr'>corrigi.</span> <span class='ocrx_word' id='word_1_160' title='bbox 1136 2535 1234 2620; x_wconf 91' lang='lat' dir='ltr'>Ergo,</span> 
     </span>
     <span class='ocr_line' id='line_1_22' title="bbox 62 2640 1309 2736; baseline 0.002 -19"><span class='ocrx_word' id='word_1_161' title='bbox 62 2651 178 2717; x_wconf 73' lang='lat' dir='ltr'>nisi</span> <span class='ocrx_word' id='word_1_162' title='bbox 191 2645 385 2717; x_wconf 72' lang='lat' dir='ltr'>erudiendae</span> <span class='ocrx_word' id='word_1_163' title='bbox 400 2647 436 2712; x_wconf 92' lang='lat' dir='ltr'>in</span> <span class='ocrx_word' id='word_1_164' title='bbox 448 2646 568 2713; x_wconf 85' lang='lat' dir='ltr'>litteris</span> <span class='ocrx_word' id='word_1_165' title='bbox 579 2643 762 2731; x_wconf 84' lang='lat' dir='ltr'>juventutis</span> <span class='ocrx_word' id='word_1_166' title='bbox 773 2647 867 2727; x_wconf 89' lang='lat' dir='ltr'>ratio,</span> <span class='ocrx_word' id='word_1_167' title='bbox 888 2654 922 2712; x_wconf 89' lang='lat' dir='ltr'>et</span> <span class='ocrx_word' id='word_1_168' title='bbox 937 2648 1120 2716; x_wconf 92' lang='lat' dir='ltr'>scholarum</span> <span class='ocrx_word' id='word_1_169' title='bbox 1137 2653 1238 2736; x_wconf 89' lang='lat' dir='ltr'>magi-</span> <span class='ocrx_word' id='word_1_170' title='bbox 1307 2640 1309 2645; x_wconf 61' lang='grc'>’</span> 
     </span>
     <span class='ocr_line' id='line_1_23' title="bbox 64 2762 1237 2855; baseline -0.001 -19"><span class='ocrx_word' id='word_1_171' title='bbox 64 2774 328 2854; x_wconf 63' lang='lat' dir='ltr'>amorumque</span> <span class='ocrx_word' id='word_1_172' title='bbox 346 2767 382 2831; x_wconf 88' lang='lat' dir='ltr'>in</span> <span class='ocrx_word' id='word_1_173' title='bbox 405 2765 492 2832; x_wconf 91' lang='lat' dir='ltr'>hunc</span> <span class='ocrx_word' id='word_1_174' title='bbox 507 2782 643 2848; x_wconf 90' lang='lat' dir='ltr'>scopum</span> <span class='ocrx_word' id='word_1_175' title='bbox 664 2762 915 2831; x_wconf 91' lang='lat' dir='ltr'>statuendorum</span> <span class='ocrx_word' id='word_1_176' title='bbox 930 2765 1092 2833; x_wconf 90' lang='lat' dir='ltr'>ordinatio</span> <span class='ocrx_word' id='word_1_177' title='bbox 1116 2777 1151 2835; x_wconf 90' lang='lat' dir='ltr'>et</span> <span class='ocrx_word' id='word_1_178' title='bbox 1174 2789 1237 2855; x_wconf 86' lang='lat' dir='ltr'>gu·</span> 
     </span>
     <span class='ocr_line' id='line_1_24' title="bbox 63 2871 1237 2971; baseline 0.005 -26"><span class='ocrx_word' id='word_1_179' title='bbox 63 2871 270 2955; x_wconf 82' lang='lat' dir='ltr'>bernatio</span> <span class='ocrx_word' id='word_1_180' title='bbox 286 2901 389 2968; x_wconf 88' lang='lat' dir='ltr'>penes</span> <span class='ocrx_word' id='word_1_181' title='bbox 403 2881 581 2948; x_wconf 83' lang='lat' dir='ltr'>Ecclesiam</span> <span class='ocrx_word' id='word_1_182' title='bbox 600 2878 760 2957; x_wconf 88' lang='lat' dir='ltr'>resideat,</span> <span class='ocrx_word' id='word_1_183' title='bbox 785 2899 852 2945; x_wconf 89' lang='lat' dir='ltr'>non</span> <span class='ocrx_word' id='word_1_184' title='bbox 875 2883 997 2964; x_wconf 88' lang='lat' dir='ltr'>poterit</span> <span class='ocrx_word' id='word_1_185' title='bbox 1021 2882 1163 2949; x_wconf 83' lang='lat' dir='ltr'>Ecclesia</span> <span class='ocrx_word' id='word_1_186' title='bbox 1186 2884 1237 2971; x_wconf 85' lang='lat' dir='ltr'>ju-</span> 
     </span>
     <span class='ocr_line' id='line_1_25' title="bbox 61 2987 1128 3082; baseline 0.003 -21"><span class='ocrx_word' id='word_1_187' title='bbox 61 3009 221 3069; x_wconf 66' lang='lat' dir='ltr'>venes</span> <span class='ocrx_word' id='word_1_188' title='bbox 233 2998 277 3066; x_wconf 90' lang='lat' dir='ltr'>ad</span> <span class='ocrx_word' id='word_1_189' title='bbox 292 2999 391 3065; x_wconf 85' lang='lat' dir='ltr'>linem</span> <span class='ocrx_word' id='word_1_190' title='bbox 407 2996 468 3063; x_wconf 94' lang='lat' dir='ltr'>sihi</span> <span class='ocrx_word' id='word_1_191' title='bbox 481 2995 652 3082; x_wconf 92' lang='lat' dir='ltr'>proprium</span> <span class='ocrx_word' id='word_1_192' title='bbox 670 2987 864 3079; x_wconf 85' lang='lat' dir='ltr'>pmmovere</span> <span class='ocrx_word' id='word_1_193' title='bbox 881 3003 915 3061; x_wconf 88' lang='lat' dir='ltr'>et</span> <span class='ocrx_word' id='word_1_194' title='bbox 931 2995 1128 3080; x_wconf 89' lang='lat' dir='ltr'>perducere.</span> 
     </span>
     <span class='ocr_line' id='line_1_26' title="bbox 161 3110 1235 3198; baseline 0.002 -15"><span class='ocrx_word' id='word_1_195' title='bbox 161 3120 198 3183; x_wconf 77' lang='lat'>2⁰</span> <span class='ocrx_word' id='word_1_196' title='bbox 218 3114 312 3183; x_wconf 89' lang='lat' dir='ltr'>Idem</span> <span class='ocrx_word' id='word_1_197' title='bbox 331 3135 350 3179; x_wconf 90' lang='lat' dir='ltr'>a</span> <span class='ocrx_word' id='word_1_198' title='bbox 363 3113 492 3179; x_wconf 82' lang='lat' dir='ltr'>fortiori</span> <span class='ocrx_word' id='word_1_199' title='bbox 506 3111 635 3179; x_wconf 88' lang='lat' dir='ltr'>dicatur</span> <span class='ocrx_word' id='word_1_200' title='bbox 654 3110 697 3177; x_wconf 90' lang='lat' dir='ltr'>de</span> <span class='ocrx_word' id='word_1_201' title='bbox 715 3112 922 3177; x_wconf 88' lang='lat' dir='ltr'>scientiarum</span> <span class='ocrx_word' id='word_1_202' title='bbox 936 3111 1118 3198; x_wconf 90' lang='lat' dir='ltr'>disciplina.</span> <span class='ocrx_word' id='word_1_203' title='bbox 1134 3116 1176 3182; x_wconf 90' lang='lat' dir='ltr'>Et</span> <span class='ocrx_word' id='word_1_204' title='bbox 1192 3116 1235 3185; x_wconf 91' lang='lat' dir='ltr'>de</span> 
     </span>
     <span class='ocr_line' id='line_1_27' title="bbox 59 3229 1245 3317; baseline 0.004 -16"><span class='ocrx_word' id='word_1_205' title='bbox 59 3231 320 3317; x_wconf 72' lang='lat' dir='ltr'>Philosophia</span> <span class='ocrx_word' id='word_1_206' title='bbox 333 3229 482 3317; x_wconf 88' lang='lat' dir='ltr'>quidem,</span> <span class='ocrx_word' id='word_1_207' title='bbox 502 3231 578 3296; x_wconf 88' lang='lat' dir='ltr'>satis</span> <span class='ocrx_word' id='word_1_208' title='bbox 590 3249 652 3314; x_wconf 89' lang='lat' dir='ltr'>per</span> <span class='ocrx_word' id='word_1_209' title='bbox 669 3250 704 3297; x_wconf 92' lang='lat' dir='ltr'>se</span> <span class='ocrx_word' id='word_1_210' title='bbox 718 3238 823 3315; x_wconf 89' lang='lat' dir='ltr'>patet.</span> <span class='ocrx_word' id='word_1_211' title='bbox 839 3232 929 3298; x_wconf 87' lang='lat' dir='ltr'>Licet</span> <span class='ocrx_word' id='word_1_212' title='bbox 943 3233 1029 3298; x_wconf 89' lang='lat' dir='ltr'>enim</span> <span class='ocrx_word' id='word_1_213' title='bbox 1051 3243 1158 3303; x_wconf 84' lang='lat' dir='ltr'>exstet</span> <span class='ocrx_word' id='word_1_214' title='bbox 1180 3238 1245 3306; x_wconf 88' lang='lat' dir='ltr'>ali··</span> 
     </span>
     <span class='ocr_line' id='line_1_28' title="bbox 63 3349 1236 3437; baseline 0.004 -20"><span class='ocrx_word' id='word_1_215' title='bbox 63 3357 183 3433; x_wconf 75' lang='lat' dir='ltr'>qua</span> <span class='ocrx_word' id='word_1_216' title='bbox 196 3349 355 3416; x_wconf 90' lang='lat' dir='ltr'>naturalis</span> <span class='ocrx_word' id='word_1_217' title='bbox 369 3349 513 3428; x_wconf 87' lang='lat' dir='ltr'>scientia,</span> <span class='ocrx_word' id='word_1_218' title='bbox 539 3367 599 3413; x_wconf 91' lang='lat' dir='ltr'>seu</span> <span class='ocrx_word' id='word_1_219' title='bbox 620 3349 800 3432; x_wconf 75' lang='lat' dir='ltr'>complendo</span> <span class='ocrx_word' id='word_1_220' title='bbox 824 3350 1065 3416; x_wconf 90' lang='lat' dir='ltr'>conclusionum</span> <span class='ocrx_word' id='word_1_221' title='bbox 1082 3371 1100 3417; x_wconf 91' lang='lat' dir='ltr'>e</span> <span class='ocrx_word' id='word_1_222' title='bbox 1115 3355 1236 3437; x_wconf 86' lang='lat' dir='ltr'>princi-</span> 
     </span>
     <span class='ocr_line' id='line_1_29' title="bbox 61 3462 1237 3552; baseline 0.003 -17"><span class='ocrx_word' id='word_1_223' title='bbox 61 3465 347 3549; x_wconf 66' lang='lat' dir='ltr'>maratonii</span> <span class='ocrx_word' id='word_1_224' title='bbox 360 3465 480 3531; x_wconf 89' lang='lat' dir='ltr'>mentis</span> <span class='ocrx_word' id='word_1_225' title='bbox 495 3464 618 3530; x_wconf 88' lang='lat' dir='ltr'>lumine</span> <span class='ocrx_word' id='word_1_226' title='bbox 634 3464 720 3529; x_wconf 79' lang='lat' dir='ltr'>nous</span> <span class='ocrx_word' id='word_1_227' title='bbox 733 3462 963 3545; x_wconf 86' lang='lat' dir='ltr'>deductarum,</span> <span class='ocrx_word' id='word_1_228' title='bbox 978 3486 1049 3552; x_wconf 87' lang='lat' dir='ltr'>quae</span> <span class='ocrx_word' id='word_1_229' title='bbox 1064 3489 1083 3533; x_wconf 87' lang='lat' dir='ltr'>a</span> <span class='ocrx_word' id='word_1_230' title='bbox 1097 3472 1237 3539; x_wconf 88' lang='lat' dir='ltr'>notioni·</span> 
     </span>
     <span class='ocr_line' id='line_1_30' title="bbox 60 3564 1235 3672; baseline 0.01 -29"><span class='ocrx_word' id='word_1_231' title='bbox 60 3564 181 3651; x_wconf 83' lang='lat' dir='ltr'>bus</span> <span class='ocrx_word' id='word_1_232' title='bbox 205 3581 361 3649; x_wconf 80' lang='lat' dir='ltr'>revelatis</span> <span class='ocrx_word' id='word_1_233' title='bbox 383 3587 418 3672; x_wconf 84' lang='lat' dir='ltr'>et</span> <span class='ocrx_word' id='word_1_234' title='bbox 443 3579 606 3664; x_wconf 80' lang='lat' dir='ltr'>theologia</span> <span class='ocrx_word' id='word_1_235' title='bbox 630 3579 779 3658; x_wconf 85' lang='lat' dir='ltr'>differat,</span> <span class='ocrx_word' id='word_1_236' title='bbox 807 3588 842 3646; x_wconf 90' lang='lat' dir='ltr'>et</span> <span class='ocrx_word' id='word_1_237' title='bbox 867 3583 1000 3666; x_wconf 90' lang='lat' dir='ltr'>proprio</span> <span class='ocrx_word' id='word_1_238' title='bbox 1027 3583 1235 3672; x_wconf 78' lang='lat' dir='ltr'>philosophie</span> 
     </span>
     <span class='ocr_line' id='line_1_31' title="bbox 62 3693 1232 3784; baseline 0.009 -24"><span class='ocrx_word' id='word_1_239' title='bbox 62 3699 248 3766; x_wconf 72' lang='lat' dir='ltr'>nomine</span> <span class='ocrx_word' id='word_1_240' title='bbox 260 3698 382 3780; x_wconf 80' lang='lat' dir='ltr'>¹merito</span> <span class='ocrx_word' id='word_1_241' title='bbox 395 3693 548 3775; x_wconf 88' lang='lat' dir='ltr'>donetur,</span> <span class='ocrx_word' id='word_1_242' title='bbox 573 3714 613 3761; x_wconf 92' lang='lat' dir='ltr'>ea</span> <span class='ocrx_word' id='word_1_243' title='bbox 633 3703 755 3775; x_wconf 86' lang='lat' dir='ltr'>tamen,</span> <span class='ocrx_word' id='word_1_244' title='bbox 773 3703 872 3779; x_wconf 90' lang='lat' dir='ltr'>prout</span> <span class='ocrx_word' id='word_1_245' title='bbox 891 3715 971 3762; x_wconf 86' lang='lat' dir='ltr'>vera</span> <span class='ocrx_word' id='word_1_246' title='bbox 992 3698 1046 3765; x_wconf 85' lang='lat' dir='ltr'>vel</span> <span class='ocrx_word' id='word_1_247' title='bbox 1065 3699 1146 3766; x_wconf 87' lang='lat' dir='ltr'>falsa</span> <span class='ocrx_word' id='word_1_248' title='bbox 1169 3711 1232 3784; x_wconf 88' lang='lat' dir='ltr'>est,</span> 
     </span>
     <span class='ocr_line' id='line_1_32' title="bbox 69 3808 1234 3901; baseline 0.009 -26"><span class='ocrx_word' id='word_1_249' title='bbox 69 3814 309 3901; x_wconf 68' lang='lat' dir='ltr'>religionem</span> <span class='ocrx_word' id='word_1_250' title='bbox 322 3810 513 3879; x_wconf 90' lang='lat' dir='ltr'>catholicam</span> <span class='ocrx_word' id='word_1_251' title='bbox 523 3808 618 3896; x_wconf 84' lang='lat' dir='ltr'>juvat</span> <span class='ocrx_word' id='word_1_252' title='bbox 631 3811 685 3876; x_wconf 83' lang='lat' dir='ltr'>vel</span> <span class='ocrx_word' id='word_1_253' title='bbox 702 3811 877 3878; x_wconf 79' lang='lat' dir='ltr'>subvertit.</span> <span class='ocrx_word' id='word_1_254' title='bbox 899 3811 1016 3879; x_wconf 90' lang='lat' dir='ltr'>Utrum</span> <span class='ocrx_word' id='word_1_255' title='bbox 1030 3821 1140 3881; x_wconf 88' lang='lat' dir='ltr'>autem</span> <span class='ocrx_word' id='word_1_256' title='bbox 1154 3836 1234 3886; x_wconf 79' lang='lat' dir='ltr'>vera</span> 
     </span>
     <span class='ocr_line' id='line_1_33' title="bbox 76 3926 1233 4015; baseline 0.008 -24"><span class='ocrx_word' id='word_1_257' title='bbox 76 3940 158 3999; x_wconf 71' lang='lat' dir='ltr'>et</span> <span class='ocrx_word' id='word_1_258' title='bbox 166 3932 314 4011; x_wconf 88' lang='lat' dir='ltr'>innocua,</span> <span class='ocrx_word' id='word_1_259' title='bbox 339 3928 396 3996; x_wconf 80' lang='lat' dir='ltr'>vel</span> <span class='ocrx_word' id='word_1_260' title='bbox 414 3926 496 3993; x_wconf 86' lang='lat' dir='ltr'>falsa</span> <span class='ocrx_word' id='word_1_261' title='bbox 514 3934 548 3995; x_wconf 89' lang='lat' dir='ltr'>et</span> <span class='ocrx_word' id='word_1_262' title='bbox 562 3928 719 4013; x_wconf 88' lang='lat' dir='ltr'>pestilens</span> <span class='ocrx_word' id='word_1_263' title='bbox 740 3928 782 3993; x_wconf 92' lang='lat' dir='ltr'>sit</span> <span class='ocrx_word' id='word_1_264' title='bbox 802 3928 908 4015; x_wconf 89' lang='lat' dir='ltr'>aliqua</span> <span class='ocrx_word' id='word_1_265' title='bbox 928 3927 1076 3995; x_wconf 88' lang='lat' dir='ltr'>doctrina</span> <span class='ocrx_word' id='word_1_266' title='bbox 1094 3931 1233 4015; x_wconf 88' lang='lat' dir='ltr'>philoso-</span> 
     </span>
     <span class='ocr_line' id='line_1_34' title="bbox 85 4043 1248 4139; baseline 0.005 -24"><span class='ocrx_word' id='word_1_267' title='bbox 85 4047 214 4126; x_wconf 77' lang='lat' dir='ltr'>phiec</span> <span class='ocrx_word' id='word_1_268' title='bbox 225 4046 393 4127; x_wconf 90' lang='lat' dir='ltr'>decidere,</span> <span class='ocrx_word' id='word_1_269' title='bbox 410 4053 461 4113; x_wconf 91' lang='lat' dir='ltr'>est</span> <span class='ocrx_word' id='word_1_270' title='bbox 478 4043 521 4113; x_wconf 92' lang='lat' dir='ltr'>de</span> <span class='ocrx_word' id='word_1_271' title='bbox 540 4046 608 4130; x_wconf 89' lang='lat' dir='ltr'>ipsa</span> <span class='ocrx_word' id='word_1_272' title='bbox 623 4045 795 4112; x_wconf 87' lang='lat' dir='ltr'>rectafide</span> <span class='ocrx_word' id='word_1_273' title='bbox 810 4046 956 4113; x_wconf 90' lang='lat' dir='ltr'>simulet</span> <span class='ocrx_word' id='word_1_274' title='bbox 974 4047 1248 4139; x_wconf 87' lang='lat' dir='ltr'>inseparabiliter.</span> 
     </span>
     <span class='ocr_line' id='line_1_35' title="bbox 101 4162 1246 4250; baseline 0.008 -22"><span class='ocrx_word' id='word_1_275' title='bbox 101 4166 347 4250; x_wconf 75' lang='lat' dir='ltr'>pronuntiarc;</span> <span class='ocrx_word' id='word_1_276' title='bbox 362 4181 433 4248; x_wconf 83' lang='lat' dir='ltr'>quae</span> <span class='ocrx_word' id='word_1_277' title='bbox 448 4167 538 4228; x_wconf 89' lang='lat' dir='ltr'>certe</span> <span class='ocrx_word' id='word_1_278' title='bbox 552 4163 773 4246; x_wconf 88' lang='lat' dir='ltr'>pronuntiatio</span> <span class='ocrx_word' id='word_1_279' title='bbox 785 4171 820 4229; x_wconf 88' lang='lat' dir='ltr'>et</span> <span class='ocrx_word' id='word_1_280' title='bbox 838 4162 995 4242; x_wconf 84' lang='lat' dir='ltr'>delinitio,</span> <span class='ocrx_word' id='word_1_281' title='bbox 1019 4163 1063 4232; x_wconf 91' lang='lat' dir='ltr'>ad</span> <span class='ocrx_word' id='word_1_282' title='bbox 1081 4168 1246 4240; x_wconf 70' lang='lat' dir='ltr'>ecclesia.</span> 
     </span>
     <span class='ocr_line' id='line_1_36' title="bbox 113 4279 1232 4364; baseline -0.004 -15"><span class='ocrx_word' id='word_1_283' title='bbox 113 4280 245 4363; x_wconf 69' lang='lat' dir='ltr'>susam,</span> <span class='ocrx_word' id='word_1_284' title='bbox 260 4301 327 4349; x_wconf 91' lang='lat' dir='ltr'>non</span> <span class='ocrx_word' id='word_1_285' title='bbox 337 4279 523 4347; x_wconf 79' lang='lat' dir='ltr'>saecularem</span> <span class='ocrx_word' id='word_1_286' title='bbox 537 4286 735 4363; x_wconf 86' lang='lat' dir='ltr'>potestatem</span> <span class='ocrx_word' id='word_1_287' title='bbox 753 4279 908 4364; x_wconf 88' lang='lat' dir='ltr'>pertinet.</span> <span class='ocrx_word' id='word_1_288' title='bbox 922 4279 980 4347; x_wconf 82' lang='lat' dir='ltr'>Ast</span> <span class='ocrx_word' id='word_1_289' title='bbox 994 4289 1029 4347; x_wconf 87' lang='lat' dir='ltr'>et</span> <span class='ocrx_word' id='word_1_290' title='bbox 1046 4282 1117 4352; x_wconf 79' lang='lat' dir='ltr'>alic</span> <span class='ocrx_word' id='word_1_291' title='bbox 1129 4288 1232 4356; x_wconf 89' lang='lat' dir='ltr'>scien.</span> 
     </span>
     <span class='ocr_line' id='line_1_37' title="bbox 124 4395 1229 4492; baseline 0.013 -33"><span class='ocrx_word' id='word_1_292' title='bbox 124 4395 193 4479; x_wconf 76' lang='lat' dir='ltr'>tia,</span> <span class='ocrx_word' id='word_1_293' title='bbox 205 4417 272 4484; x_wconf 76' lang='lat' dir='ltr'>qua</span> <span class='ocrx_word' id='word_1_294' title='bbox 286 4419 330 4465; x_wconf 83' lang='lat' dir='ltr'>ex</span> <span class='ocrx_word' id='word_1_295' title='bbox 342 4397 473 4485; x_wconf 73' lang='lat' dir='ltr'>obiecto</span> <span class='ocrx_word' id='word_1_296' title='bbox 485 4397 547 4465; x_wconf 91' lang='lat' dir='ltr'>sihi</span> <span class='ocrx_word' id='word_1_297' title='bbox 559 4399 702 4483; x_wconf 89' lang='lat' dir='ltr'>proprio,</span> <span class='ocrx_word' id='word_1_298' title='bbox 719 4405 758 4463; x_wconf 90' lang='lat' dir='ltr'>ut</span> <span class='ocrx_word' id='word_1_299' title='bbox 770 4395 914 4482; x_wconf 83' lang='lat' dir='ltr'>physica,</span> <span class='ocrx_word' id='word_1_300' title='bbox 930 4397 1083 4469; x_wconf 88' lang='lat' dir='ltr'>mathesis</span> <span class='ocrx_word' id='word_1_301' title='bbox 1098 4409 1133 4470; x_wconf 89' lang='lat' dir='ltr'>et</span> <span class='ocrx_word' id='word_1_302' title='bbox 1145 4404 1229 4492; x_wconf 86' lang='lat' dir='ltr'>aliar,</span> 
     </span>
    </p>
   </div>
   <div class='ocr_carea' id='block_1_6' title="bbox 7 4452 1111 4723">
    <p class='ocr_par' dir='ltr' id='par_1_6' title="bbox 7 4452 1111 4723">
     <span class='ocr_line' id='line_1_38' title="bbox 7 4452 1111 4723; baseline 0.011 -160"><span class='ocrx_word' id='word_1_303' title='bbox 7 4452 284 4723; x_wconf 64' lang='lat'>,..</span> <span class='ocrx_word' id='word_1_304' title='bbox 1092 4512 1111 4575; x_wconf 80' lang='grc'><strong>,</strong></span> 
     </span>
    </p>
   </div>
   <div class='ocr_carea' id='block_1_7' title="bbox 0 0 1362 4988">
    <p class='ocr_par' dir='ltr' id='par_1_7' title="bbox 0 0 1362 4988">
     <span class='ocr_line' id='line_1_39' title="bbox 0 0 1362 4988; baseline 0 0"><span class='ocrx_word' id='word_1_305' title='bbox 0 0 1362 4988; x_wconf 95' lang='lat' dir='ltr'> </span> 
     </span>
    </p>
   </div>
  </div>
 </body>
</html>
