2714 4980
132 328 195 390 180
474 340 662 387 reserares
684 341 728 387 oa
750 340 897 387 runicus.
967 370 970 374 .

125 466 281 551 pitulum;
302 467 337 530 3⁰
351 463 525 530 Primarios
539 464 763 548 religiosorum
782 460 934 528 ordinum
947 461 1119 541 Praelatos,
1140 460 1235 540 idest,

125 580 271 660 abbates,
285 590 319 648 et
332 580 502 665 generales
519 579 673 645 ordinum
691 581 867 667 prepositi.
883 581 955 646 Non
972 585 1086 645 autem
1100 577 1240 662 intelligi·

123 719 197 767 mus
216 705 352 767 caeteros
367 699 566 784 regularium
584 706 805 765 conventuum
819 699 1017 781 superiores.

166 820 223 884 IX.
242 824 287 884 Dc
301 827 446 883 convecto
459 838 510 882 seo
523 822 610 882 domo
623 820 831 899 religiosorum
845 822 894 879 cai
901 824 1014 899 praed
1030 821 1181 898 superior,
1196 819 1241 896 qai

120 955 173 1000 aec
197 943 241 999 est
262 939 368 1017 abbas,
393 938 617 1016 caracteratis
647 941 739 998 totius
761 937 890 998 ordinis.
915 968 962 984 --
984 929 1241 1017 Expendendum

123 1055 222 1118 etiam
253 1053 400 1117 occurrit
425 1072 467 1117 an
493 1060 614 1136 praeter
646 1071 701 1117 eos
727 1058 947 1116 conventuum
976 1049 1177 1133 superiores,
1205 1046 1241 1114 de

118 1167 236 1252 mribus
260 1166 357 1232 modo
388 1144 530 1250 egimus,
558 1167 611 1230 alii
633 1167 731 1232 etiam
754 1164 917 1231 inferioris
948 1162 1075 1230 ordinis
1111 1162 1239 1249 possint,

116 1301 178 1367 pro
198 1283 484 1350 communitatibus
505 1282 623 1368 quibus
646 1290 799 1366 presunt,
818 1283 852 1347 in
872 1280 997 1366 judicio
1013 1288 1117 1346 stare.
1142 1281 1239 1361 Quam

117 1397 342 1465 difficultatem
367 1401 411 1465 ita
433 1398 528 1466 diluit
551 1397 870 1482 Schmalzgruober:
899 1418 915 1459 a
939 1397 1104 1479 Quantam
1128 1397 1163 1461 in
1183 1394 1239 1462 hoc

118 1540 133 1575 a
148 1505 345 1599 potestatem
364 1514 505 1580 habeant
527 1513 660 1579 Praelati
681 1515 849 1598 regulares
868 1514 999 1593 caeteri,
1022 1531 1091 1579 non
1113 1521 1181 1580 tam
1203 1530 1239 1579 ex

117 1633 325 1712 «communi,
352 1650 448 1717 quam
472 1651 514 1696 ex
533 1630 664 1713 speciali
683 1629 775 1717 jure,
798 1633 866 1697 sive
894 1631 1061 1715 religionis
1088 1629 1240 1716 cujusque

117 1745 451 1826 «constitutionibus,
469 1747 646 1830 privilegiis
669 1755 703 1812 et
722 1749 864 1831 receptis
886 1746 1182 1813 consuetudinibus
1195 1753 1260 1814 est.

54 1873 59 1884 “
116 1891 132 1930 a
148 1867 398 1934 desumendum.
412 1867 450 1932 In
462 1867 615 1932 societate
626 1868 716 1945 lesu,
732 1866 1021 1933 subordinatorum
1033 1868 1260 1950 superiorum

115 2010 131 2047 a
149 1992 291 2069 potestas
311 2005 329 2051 a
350 2003 503 2069 supremo
521 2002 580 2049 seu
597 1985 772 2066 praeposito
788 1984 931 2066 generali
952 1981 1126 2066 dependet
1142 1984 1260 2068 pluri-

14 2101 17 2108 '
115 2122 245 2169 amum.
263 2104 304 2167 Et
317 2100 392 2167 binc
410 2102 529 2167 suarez
547 2101 636 2188 (tom.
654 2101 673 2164 4
692 2104 729 2164 dc
742 2104 907 2182 Religioae,
925 2101 949 2166 l.
972 2103 1024 2178 10,
1047 2118 1077 2166 c.
1102 2097 1134 2185 5)
1150 2107 1260 2186 putat

116 2244 133 2282 a
146 2221 189 2286 ad
204 2218 462 2305 cognoscendam
478 2216 732 2303 uniuscujusque
757 2217 889 2283 Praelati
908 2217 1127 2299 facultatem,
1149 2224 1260 2282 uten-

117 2336 228 2403 «dum
248 2338 356 2420 potius
378 2334 567 2401 affirmativa
592 2353 690 2420 quam
714 2335 864 2418 negativa
883 2333 1020 2418 regula,
1040 2331 1260 2414 scilicet,it1

119 2479 134 2516 a
151 2472 414 2538 unumquemque
433 2469 528 2535 posse
544 2451 633 2537 quod
647 2451 678 2516 ei
691 2469 881 2516 concessum
896 2458 962 2533 est;
980 2470 1046 2516 non
1057 2470 1142 2517 vero
1156 2445 1260 2537 quot]

119 2594 135 2632 a
150 2570 211 2636 sibi
228 2589 294 2635 non
308 2577 358 2636 est
373 2569 581 2654 prohibitum.
603 2589 620 2631 a
645 2568 958 2655 (Schmalzgrueber,
976 2567 1012 2632 in
1022 2568 1188 2634 titulumi
1207 2569 1260 2632 de

115 2691 257 2767 Iudiciis,
275 2685 385 2752 libris
404 2684 545 2763 decret,
564 2704 598 2748 n.
617 2681 686 2769 40.)

161 2802 298 2887 Quando
314 2821 391 2886 ergo
407 2802 521 2886 aliquis
539 2801 740 2887 regularium
755 2807 936 2868 conventus
952 2799 1128 2887 injudicio
1146 2814 1260 2886 agere

118 2922 172 2987 vel
187 2919 388 3005 respondere
404 2919 516 2997 debet,
533 2937 599 2983 non
613 2925 723 3001 potest
737 2919 881 3001 generali
897 2918 1014 3002 regula
1028 2911 1260 2984 determinari

117 3039 268 3124 adquam
279 3036 578 3122 pertineatlictoris
588 3035 642 3100 vel
653 3036 712 3100 Rei
723 3053 895 3118 personam
909 3036 1090 3120 sustinere3
1109 3035 1172 3103 sed
1184 3036 1260 3102 hoc

119 3154 358 3222 desumendum
373 3161 423 3220 est
439 3173 480 3219 ex
495 3155 641 3236 ipsismet
655 3153 855 3237 regularium
871 3152 1025 3219 ordinum
1040 3153 1260 3221 institorias!

119 3274 260 3356 receptis
280 3269 580 3336 consuetudinibus.

164 3391 204 3454 X.
229 3393 274 3454 De
289 3390 449 3451 abbatissis
466 3395 496 3450 et
512 3389 585 3449 aliis
605 3407 670 3469 pace
682 3394 817 3469 praesunt
830 3391 1009 3451 martialium
1027 3391 1223 3453 coaoeatibas
1234 3429 1260 3466 7

119 3509 216 3588 quoad
237 3524 343 3568 causas
367 3522 488 3566 scoram
511 3509 769 3566 monasteriorum.
794 3538 840 3551 -
866 3504 978 3568 «lure
1005 3507 1195 3585 communi,
1211 3500 1260 3570 e!

122 3625 228 3705 aipsae
254 3638 354 3703 super
379 3619 650 3684 monasteriorum
678 3637 813 3684 suorum
838 3620 940 3685 rebus
957 3626 992 3684 et
1020 3619 1166 3706 juribus,
1186 3631 1260 3707 pe!

122 3763 139 3802 a
153 3740 345 3806 constitutos
358 3743 587 3820 procuratores
607 3754 704 3818 agere
721 3744 755 3801 et
768 3736 972 3819 respondere
990 3739 1025 3802 in
1036 3737 1167 3823 judicio
1181 3748 1260 3806 non

122 3881 138 3918 a
152 3856 256 3921 minus
268 3860 403 3938 possunt
417 3871 454 3916 ac
465 3851 605 3929 Praelati,
623 3851 757 3917 abbates
768 3860 802 3917 et
813 3854 867 3918 alii
878 3856 1086 3920 monasteriis
1097 3858 1260 3924 virorum

121 3992 138 4031 «
151 3967 317 4050 praepositi
330 3986 337 4030 :
349 3981 424 4027 nam
434 3962 484 4027 bis
495 3960 604 4047 quoad
614 3964 756 4029 actiones
764 3963 936 4049 judiciales
948 3968 1211 4053 aequiparantur.
1231 3980 1260 4030 1

120 4083 182 4169 (Ita
195 4078 496 4164 Schmalzgrueber,
513 4079 548 4141 in
561 4079 694 4143 titulum
715 4084 725 4144 l
747 4083 785 4144 dc
797 4084 940 4161 Iudiciis,
960 4082 1074 4150 libris
1093 4084 1260 4153 decreta·

117 4202 210 4276 lium,
228 4218 262 4263 n.
286 4198 341 4275 to,
364 4195 483 4260 multas
498 4193 666 4260 adducens
681 4199 919 4281 auctoritates.)
938 4199 1022 4265 (lum
1037 4210 1154 4269 tamen
1168 4204 1260 4270 bui(

115 4316 181 4402 juri
203 4314 365 4379 communi
379 4309 550 4395 aliquando
569 4308 745 4394 derogetur
760 4333 821 4399 per
839 4316 925 4398 ipsas
941 4316 1068 4384 ordinis
1084 4323 1260 4388 constitu·

115 4433 238 4511 tiones,
260 4425 442 4501 videndum
466 4424 546 4510 quid
572 4443 614 4491 ex
639 4429 752 4510 regula
776 4437 810 4496 et
825 4433 969 4516 receptis
994 4432 1260 4506 consuetudini·
