2714 4980
542 324 545 329 ·
578 314 793 367 1111111111.
1201 300 1244 364 89

117 447 260 532 quaestio
274 443 318 511 de
327 437 591 529 possessionibus,
609 447 687 513 licet
698 444 778 510 cnm·
791 443 972 530 ’1111111111
991 440 1034 508 da
1053 441 1164 508 valore
1176 460 1244 508 ma·

119 561 270 629 trimonii
281 561 442 646 colligata.
462 557 465 563 '

580 837 714 924 cirus
736 859 792 923 1v.

124 1122 170 1170 uu
187 1119 300 1169 oaus1s
316 1098 564 1169 rumrouaumus
580 1119 663 1181 oum,
682 1119 824 1169 murone
837 1117 989 1168 suasoria
1005 1117 1133 1167 corrui
1151 1117 1246 1179 onan

169 1236 419 1296 rnoronunruu,
437 1236 535 1284 sunus
554 1208 817 1301 nocuussasmcn,
828 1237 943 1306 ÷ssu
961 1238 1005 1284 uu
1021 1235 1134 1285 cunas
1159 1234 1246 1316 suu<

170 1353 351 1422 somnians
370 1353 593 1402 onumcoaura.

171 1615 292 1682 Causas
312 1621 424 1682 contra
446 1615 583 1683 clericos
606 1599 792 1694 intentatas,
820 1614 1026 1701 quantumvis
1048 1613 1248 1698 ceteroquin

128 1733 336 1816 temporales,
352 1718 515 1799 odiorum
527 1732 781 1799 ecclesiasticum
795 1733 974 1816 pertinere,
989 1728 1248 1797 traditcommu-
1313 1761 1315 1766 ·

130 1849 177 1915 uis
192 1848 365 1915 doctorum
375 1848 608 1914 catholicorum
622 1849 795 1914 sententia.
967 1837 970 1841 ’

175 1996 190 2022 ι
201 1965 429 2032 Indubitahilis
437 1965 526 2051 apud
536 1984 650 2032 omues
661 1966 834 2031 catholicos
843 1953 963 2031 ueritas
971 1971 1021 2031 est
1028 1964 1084 2053 (ait
1092 1965 1250 2034 Sahmalu

134 2081 312 2167 «grueber,
334 2083 368 2146 in
378 2083 511 2148 titulum
523 2084 710 2160 cerostatis,
726 2101 759 2145 n.
778 2078 844 2166 73),
859 2100 930 2167 quae
946 2080 1044 2147 docet
1057 2082 1249 2147 clericorum

134 2218 313 2284 «personas
339 2197 600 2284 ajurisdictioue
634 2199 784 2265 saeculari.
812 2207 981 2284 exemptas
1013 2218 1116 2265 esse.»
1152 2197 1249 2266 Unde

128 2335 205 2382 vero
219 2315 344 2381 clericis
362 2315 487 2381 oriatur
504 2314 588 2381 illud
605 2314 669 2379 tori
682 2314 898 2398 privilegium,
914 2335 957 2381 an
975 2335 1016 2381 eu
1032 2314 1106 2400 jure
1123 2314 1245 2395 divino,

129 2454 166 2499 au
182 2453 224 2500 ex
241 2434 376 2518 propria
389 2433 435 2499 ita
453 2432 619 2499 statuendi
633 2433 785 2498 Ecclesiae
799 2439 974 2516 potestate,
993 2453 1034 2498 au
1051 2453 1093 2498 ax
1110 2432 1249 2518 quadam

130 2549 301 2617 dumtaxat
314 2551 500 2635 principum
512 2549 715 2616 saecularium
730 2551 950 2627 concessione,
970 2551 1078 2635 magni
1093 2550 1251 2618 momenti

130 2669 265 2752 quaestio
277 2673 338 2745 est,
353 2685 450 2753 quam
459 2667 531 2732 fuse
548 2665 761 2749 expendimus
772 2667 805 2731 in
816 2670 960 2733 tractatu
976 2670 1013 2732 dc
1025 2670 1099 2730 lare
1111 2670 1251 2731 Ecclesia

129 2788 253 2850 relativo
265 2787 307 2848 cd
317 2791 479 2866 potestates
489 2787 604 2848 civiles.
619 2782 670 2848 lbi
682 2802 812 2866 nempe,
830 2782 956 2867 agendo
971 2783 1013 2850 de
1026 2784 1175 2850 Ecclesiae
1191 2783 1250 2849 im·

127 2901 348 2980 nuntiatione,
367 2899 569 2966 ostendimus
583 2903 617 2968 1⁰
627 2899 717 2964 nulla
729 2899 912 2984 theologica
927 2906 1004 2987 nota
1021 2901 1110 2984 carpi
1125 2899 1251 2990 dehere

127 3019 312 3105 opinionem
326 3005 544 3105 quorumdam
558 3001 792 3084 catholicorum
804 2996 989 3096 doctorum,
1007 3017 1062 3104 qni
1076 3016 1196 3100 docent
1210 3039 1252 3085 ex

122 3151 216 3204 mera
233 3134 405 3201 dumtaxat
419 3135 601 3220 principum
614 3134 820 3200 concessione
834 3152 929 3199 suum
945 3133 1069 3201 clericis
1082 3133 1251 3202 obvenisse

117 3254 190 3323 fori
200 3251 454 3338 privilegiumiu
466 3252 570 3317 causis
580 3251 814 3336 temporalibus
826 3273 834 3335 3
846 3249 945 3321 modo
953 3241 1064 3317 tamen
1075 3251 1171 3317 simul
1184 3270 1253 3318 sus-

121 3373 290 3448 tineatur,
307 3389 373 3434 uon
383 3387 478 3453 posse
492 3366 668 3434 Ecclesiam
682 3367 743 3455 hoc
756 3366 831 3453 jure
842 3367 944 3433 semel
961 3362 1252 3455 accepto'uuquam

109 3481 275 3572 legitime
283 3485 413 3571 spoliari
423 3478 623 3574 (posse'enim
632 3484 794 3570 principes
802 3485 1077 3571 hocprivilegium
1085 3494 1250 3571 repetere,

112 3603 349 3670 communiter
369 3622 388 3668 a
408 3601 597 3668 doctoribus
617 3600 787 3667 catholicis
807 3607 963 3687 tauquam
985 3603 1115 3670 omniuo
1136 3602 1253 3670 falsum

111 3714 358 3805 reprobatur);
377 3725 412 3783 et
434 3715 533 3784 modo
557 3715 712 3800 praedicta
733 3716 843 3800 opinio
856 3714 1039 3786 Romanum
1059 3718 1252 3786 Pontificem

117 3852 196 3901 non
211 3831 487 3918 comprehendat:
506 3862 520 3888 «
533 3835 624 3899 Inter
640 3833 824 3914 catholicos,
843 3834 888 3899 ait
900 3836 1030 3913 Suarez,
1049 3835 1193 3901 Palatius
1207 3855 1254 3902 as

135 3978 150 4006 a
164 3967 277 4015 serere
290 3967 387 4013 ausus
400 3955 450 4013 est
464 3948 587 4032 Papam
598 3968 663 4013 non
676 3967 744 4014 esse
757 3954 946 4033 exemptum
960 3969 979 4014 a
990 3956 1150 4033 potestate
1166 3949 1254 4017 civili

135 4065 235 4152 «jure
249 4063 360 4130 divino
373 4065 602 4146 salomonico,
618 4065 678 4131 sed
691 4065 766 4152 jure
779 4075 908 4133 tantum
919 4067 1015 4146 civili,
1029 4069 1254 4153 1111111111-

138 4212 152 4238 «
164 4185 218 4268 gio
230 4185 509 4268 imperatorum...
526 4183 619 4250 Idem
631 4184 731 4250 sentit
747 4183 789 4249 de
804 4183 873 4249 aliis
884 4182 1115 4263 ecclesiasticis,
1131 4191 1166 4251 et
1176 4184 1258 4253 nihil

140 4299 329 4384 «singulare
341 4299 492 4367 Pontifici
502 4300 609 4388 quoad
621 4300 682 4367 hoc
696 4299 904 4384 privilegium
916 4299 1077 4369 attribuit.
1086 4301 1256 4381 Verumta-¹

143 4393 854 4503 «neuhacsententia,quatauustotumhoo
864 4417 1260 4504 privilegiumrerocatin
