2714 4980
568 336 647 385 runs
668 336 783 383 entur.
1161 322 1227 386 nst

114 476 192 547 gere
211 460 348 539 soleant,
364 466 405 525 nt
416 463 603 553 dmmeittum
620 463 800 546 generatim
820 460 989 528 diceretur
1008 463 1101 528 locus
1117 463 1152 527 in
1165 480 1231 549 quo

111 578 249 662 quisque
269 583 500 654 commoretur,
521 594 600 642 usus
613 577 769 663 loquendi
781 578 917 643 inserit.

153 695 189 758 2⁰
199 692 331 777 Duplex
339 691 503 776 precipue
514 691 724 776 distinguitur
731 691 1228 780 domiciliumzortcimsnempe,

108 813 143 874 et
153 809 365 872 habitationis.
379 807 585 873 Domicilium
597 815 727 890 mtptsis
739 808 859 874 dicitnr
869 810 961 875 locos
969 811 1004 875 in
1015 828 1082 895 quo
1092 812 1163 896 quis
1175 832 1232 878 no·

105 929 161 989 tus
175 929 252 988 est:
270 921 466 988 domicilium
480 942 562 990 vero
579 925 787 1004 habitationis,
809 926 900 991 locus
915 926 950 990 in
969 944 1036 1011 qno
1054 927 1127 1012 quis
1140 926 1232 1012 degit

107 1056 167 1104 seu
181 1046 416 1116 commoretur,
434 1040 561 1105 etiamsi
573 1041 608 1104 in
624 1043 775 1106 eo'natns
792 1060 859 1107 non
877 1040 931 1106 sit.

150 1157 189 1219 3⁰
213 1155 421 1219 Domicillum
445 1155 650 1221 habitationis
670 1155 943 1241 subdistinguitur
965 1159 999 1222 in
1031 1165 1154 1242 proprie
1182 1164 1232 1224 di·

105 1276 209 1349 ctum,
237 1269 369 1354 quondo
385 1289 503 1354 nempe
518 1272 592 1356 quis
607 1272 726 1338 alicubi
744 1271 835 1356 degit
850 1292 924 1339 oum
944 1276 1051 1339 onimo
1064 1276 1098 1340 in
1112 1294 1232 1360 perpe·

105 1392 202 1450 tunm
225 1384 348 1450 ibidem
366 1387 536 1466 monendi,
566 1388 592 1452 si
618 1389 696 1454 nihil
715 1396 828 1455 avocet
845 1411 853 1454 t
870 1398 905 1456 et
918 1390 1095 1475 improprie
1107 1390 1230 1457 dictum

105 1514 163 1564 ssu
183 1503 486 1583 qoostdomtcitmm,
506 1503 638 1588 quondo
662 1505 734 1588 quis
758 1505 876 1570 alicubi
894 1505 1028 1590 degens,
1047 1507 1227 1591 proposuit,

104 1632 169 1679 non
182 1614 218 1678 in
232 1623 443 1698 perpetuum,
452 1617 510 1684 sed
521 1637 583 1702 per
596 1621 772 1686 notabilem
787 1622 861 1686 unni
873 1629 1014 1706 portem,
1023 1630 1080 1688 out
1094 1621 1227 1700 diutim,

104 1725 229 1794 ibidem
244 1735 448 1799 commorari.

144 1845 184 1909 4⁰
206 1846 334 1911 lterum
356 1847 511 1934 distingui
530 1858 640 1936 potest
667 1852 866 1918 domicilium
886 1854 919 1918 in
933 1872 1036 1917 oerum
1056 1860 1091 1918 et
1110 1855 1226 1933 fiotum

105 1959 312 2027 Domicilium
327 1984 441 2046 mmm,
459 1974 510 2032 est
522 1967 607 2033 illud
622 1968 710 2053 quod
729 1970 801 2054 quis
817 1987 914 2046 vero,
928 1966 964 2034 id
984 1976 1046 2046 est,
1068 1969 1230 2052 corporsli

104 2074 288 2153 presentia,
306 2076 426 2142 alicubi
438 2080 611 2146 contrahit.
625 2086 791 2162 fisticum,
809 2089 860 2147 est
876 2082 970 2147 locus
982 2099 1079 2166 quem
1091 2080 1144 2166 jus
1157 2088 1231 2146 ton-

109 2205 204 2273 qnsm
220 2210 337 2258 rerum
351 2193 550 2261 domicilium
569 2198 708 2280 assignat
720 2198 819 2263 certis
832 2198 988 2281 personis,
1002 2196 1046 2263 ob
1057 2196 1229 2282 specialem

109 2328 222 2377 eurum
238 2310 470 2390 conditionem,
497 2312 623 2377 etiamsi
643 2310 686 2377 de
708 2312 798 2379 iscto
812 2314 845 2378 in
864 2311 1048 2397 hujusmodi
1070 2313 1142 2379 loco
1164 2331 1229 2379 non

108 2434 364 2492 commorentur.
383 2426 549 2513 Ejusmodi
570 2428 703 2494 iictione
719 2428 800 2514 juris
815 2428 955 2508 foetum,
973 2435 1013 2494 ut
1030 2431 1105 2496 olim
1126 2430 1230 2496 omni-

107 2545 165 2612 bus
184 2544 313 2611 civibus
334 2545 485 2612 Romanis
500 2564 651 2609 commum
664 2548 850 2610 domicilium
862 2544 1041 2612 baberetur
1058 2547 1169 2625 Romo,
1194 2545 1230 2613 id

108 2670 166 2744 est,
185 2660 289 2728 Sedes
300 2662 526 2746 Imperatoris3
542 2662 588 2727 ito
598 2667 648 2740 ut,
664 2679 704 2726 ex
712 2661 788 2748 jure
800 2664 952 2742 Romano,
969 2663 1107 2748 quilibet
1120 2665 1229 2730 Romo

108 2781 277 2847 conveniri
295 2787 417 2864 posset,
437 2780 535 2846 etiem
559 2780 593 2842 in
617 2778 724 2861 prims
741 2780 905 2857 instantio,
928 2781 1075 2866 quemvis
1096 2780 1142 2846 ibi
1165 2797 1229 2847 nec

106 2896 305 2964 domicilium
331 2893 480 2973 heberet,
502 2913 567 2960 nec
590 2896 815 2979 contraxisset
836 2912 900 2960 neo
919 2894 1107 2980 deliquisset
1128 2916 1136 2960 ε
1154 2896 1230 2979 quio

103 3032 226 3097 nempe
250 3019 284 3076 im
309 3015 377 3075 orbe
395 3033 518 3076 romano
540 3018 592 3094 qui
613 3019 703 3092 sumt,
728 3032 768 3074 em
791 3018 1003 3077 constitutione
1033 3016 1229 3094 Imperatoris

101 3135 266 3209 Antonini,
278 3136 357 3194 cives
370 3126 498 3194 Romami
509 3133 607 3210 effecti
619 3135 701 3208 sumt,
717 3135 755 3192 ut
767 3127 968 3212 dicitnrlege
978 3133 1018 3193 is
1026 3133 1096 3193 orbe
1110 3128 1177 3216 (17,
1191 3128 1225 3195 li.

99 3251 138 3312 do
160 3251 247 3313 Stat.
269 3243 362 3330 bom.)
382 3267 390 3310 ε
412 3245 491 3327 Quae
513 3243 596 3329 juris
609 3244 744 3311 Romani
759 3244 938 3328 dispositio,
956 3262 998 3310 nn
1016 3240 1053 3310 et
1068 3252 1230 3330 melenus

97 3365 133 3429 in
148 3361 206 3447 jus
221 3361 411 3426 canonicum
424 3360 590 3425 transierit
603 3358 711 3445 quond
730 3361 981 3426 eeclesiasticam
995 3378 1160 3427 romonum
1176 3380 1230 3427 cu·

97 3482 200 3556 mom,
223 3477 310 3544 infru
330 3476 556 3562 expendimus.
579 3477 626 3542 Ex
644 3477 737 3542 simili
759 3477 890 3543 iictione
904 3476 998 3562 juris,
1015 3487 1148 3545 senator
1171 3477 1231 3546 do·

97 3595 265 3663 micilium
280 3595 418 3679 acquirit
432 3596 465 3658 in
480 3594 564 3660 urbe
578 3595 611 3658 in
629 3593 722 3679 cujus
740 3601 889 3660 senatum
905 3594 1028 3660 relatus
1039 3603 1100 3674 est,
1118 3596 1164 3661 its
1182 3593 1231 3661 di-

98 3719 267 3799 sponente
284 3711 358 3798 jure
382 3711 536 3789 Romano,
555 3711 630 3794 lege
649 3714 724 3775 Filii
748 3711 813 3798 (Ὦ,
830 3711 863 3776 ii.
882 3716 926 3775 od
939 3710 1098 3797 municip.)
1120 3714 1229 3778 :Item

99 3830 199 3896 miles
212 3828 248 3892 in
265 3828 339 3893 loco
357 3827 415 3893 ubi
429 3833 547 3905 merel,
564 3827 593 3892 si
605 3827 683 3893 nihil
696 3828 729 3891 in
740 3829 847 3911 petria
858 3828 1032 3911 possident,
1048 3830 1121 3911 lege
1132 3833 1231 3892 Most·

100 3968 170 4032 ceps
185 3946 253 4033 (23,
277 3944 310 4009 it.
329 3947 371 4008 od
385 3940 542 4027 municip.)
557 3962 564 4005 :
582 3944 666 4009 Item
680 3962 773 4023 uxor,
791 3944 991 4030 ubicumque
1005 3944 1074 4029 ipso
1089 3943 1226 4024 habitet,

102 4063 214 4130 meriti
242 4061 441 4127 domicilium
461 4060 583 4124 honere
611 4067 776 4144 censetur3
804 4059 894 4144 quod
910 4059 1107 4127 domicilium
1133 4060 1226 4146 juris,

102 4182 204 4248 etism
219 4177 379 4244 deiuncto
392 4177 464 4242 viro
481 4185 683 4260 perseveret,
710 4177 854 4261 quandiu
868 4179 902 4243 in
915 4170 1076 4245 viduitate
1096 4188 1226 4266 munet3

102 4296 150 4361 its
160 4293 291 4379 puriter
298 4290 492 4375 disponente
505 4291 648 4357 Romano
656 4290 730 4376 jure
739 4291 865 4378 (ultimo
877 4294 951 4376 lego
962 4293 1224 4377 tibilidclmcolis,

103 4412 141 4479 in·
152 4409 272 4476 codiee
290 4408 476 4491 Iustiniani3
500 4416 537 4475 et
559 4407 707 4491 pluribus
728 4405 821 4492 aliisi.
839 4409 923 4474 ltem
938 4410 1116 4478 monochus
1130 4411 1225 4483 elicui
