2714 4980
554 313 635 362 usas
655 313 769 361 rama.
1156 293 1216 359 tit

154 462 171 498 a
188 443 288 505 Tertio
301 438 493 524 requiritur,
508 443 546 505 ut
555 436 658 526 judex
671 437 790 507 haheat
800 435 1058 522 jurisdictionem
1069 434 1218 513 similem,

110 572 200 625 «seu
218 551 365 638 ejusdem
383 554 531 639 generis,
548 553 696 639 adeoque
717 552 927 621 sufficientem
943 551 986 619 ud
1004 552 1221 635 cognitionem

109 676 178 737 ret
200 668 397 737 decisionem
418 689 521 737 cuusae
538 688 610 757 que
632 670 719 737 inter
743 670 908 753 litigantes
927 669 1092 735 vertitur:
1112 674 1166 747 ut,
1194 667 1223 733 si

108 785 301 851 resumsit
321 785 511 870 spiritualis,
526 784 786 873 jurisdictionem
808 783 927 849 haheat
947 783 1170 867 spiritualem:
1195 782 1223 847 si

108 899 326 978 «criminalis,
344 920 409 965 noa
429 903 535 967 solum
554 902 655 985 possit
677 918 872 985 cognoscere
887 898 930 965 de
942 899 1046 965 causis
1062 898 1220 976 civilibus,

110 1011 203 1078 used
222 1015 321 1079 etiam
335 1012 378 1080 de
394 1017 498 1081 causis
511 1016 730 1083 criminalibus
745 1015 954 1083 criminaliter
966 1014 1149 1091 intentotis,
1168 1013 1225 1079 ha·-

109 1129 285 1215 abeatque
304 1136 503 1214 potestatem
523 1134 655 1197 crimina
679 1131 892 1200 coercendi...
910 1132 1015 1197 Porro
1033 1131 1096 1195 etsi
1114 1128 1225 1214 hujus-

111 1243 235 1313 umodi
248 1247 434 1331 prorogatio
445 1245 677 1331 jurisdictionis
689 1249 723 1312 in
736 1267 831 1315 causa
847 1246 1005 1313 criminali
1016 1245 1105 1311 iacta
1117 1244 1225 1311 valeat

112 1363 178 1429 ain
194 1361 421 1448 prejudicium
437 1363 579 1448 partium
595 1364 840 1448 prorogantium
859 1382 930 1447 qum
945 1363 979 1427 in
998 1380 1067 1429 eam
1091 1378 1226 1427 consen·

111 1483 271 1555 «serunt,
292 1497 357 1545 non
371 1486 482 1545 tamen
504 1497 565 1562 per
579 1479 641 1545 hoc
655 1479 797 1545 infertur
810 1477 1033 1563 prejudicium
1052 1474 1225 1543 Ordinurio

112 1618 130 1659 ι
139 1594 246 1683 judici
264 1597 479 1678 competenti,
495 1597 708 1680 quominusis
727 1595 769 1661 de
786 1596 955 1662 commnso
974 1593 1107 1661 crimine
1121 1592 1225 1676 iuqui-

112 1728 221 1776 ‹rrere
236 1717 271 1775 et
285 1726 480 1792 cognoscere
496 1708 642 1794 illudque
658 1712 774 1795 punire
789 1711 906 1794 possit,
924 1709 966 1774 ad
983 1705 1226 1774 resarciendum

116 1823 200 1912 «jus
215 1824 404 1909 reipublicae
419 1824 563 1909 offense3
582 1827 658 1911 quia
674 1826 841 1893 voluntate
863 1825 1065 1908 privatorum
1079 1842 1139 1889 seu
1153 1837 1227 1906 par-

111 1941 228 2009 «tium
255 1959 320 2007 non
343 1949 452 2025 potest
469 1940 676 2026 praejudicari
688 1941 755 2027 juri
769 1942 913 2025 publico.

157 2061 306 2136 «Quarto
321 2057 518 2141 requiritur,
538 2065 576 2121 ut
595 2065 706 2141 partes
728 2057 833 2121 alieno
851 2055 955 2141 judici
973 2074 1008 2121 se
1031 2055 1172 2121 scienter
1193 2061 1229 2119 et

110 2172 248 2237 «libera
261 2169 430 2237 uoluntate
446 2169 629 2257 subjiciant.
646 2172 727 2236 Nam
741 2170 768 2239 si
785 2172 857 2255 quis
871 2168 948 2236 ideo
960 2166 1160 2254 respondeat
1173 2186 1228 2234 oo·

109 2303 215 2355 uram.
225 2284 349 2369 judice,
371 2286 446 2370 quia
466 2285 630 2352 existimat
649 2303 685 2350 se
702 2284 773 2371 ejus
788 2283 1005 2370 jurisdictioni
1025 2282 1224 2369 subjectum,

109 2420 219 2466 acum
239 2419 305 2467 non
325 2400 385 2478 sit,
402 2399 538 2467 defectu
556 2402 732 2467 uoluntatis
752 2420 812 2469 seu
836 2420 1011 2467 consensus
1029 2400 1152 2467 inutilis
1176 2407 1229 2465 est

108 2518 343 2605 «prorogatio,
360 2536 420 2583 nec
439 2517 528 2583 valet
543 2516 633 2603 quod
649 2517 797 2601 agitur...
817 2519 924 2603 Igitur
942 2517 1229 2603 utriusquepartis

109 2633 296 2716 «litigantis
309 2651 468 2699 consensu
487 2632 560 2699 fieri
580 2631 681 2699 dehet
700 2634 887 2719 prorogatio
901 2634 1015 2701 aliene
1026 2631 1226 2718 jurisdictio-

109 2773 126 2807 ι
141 2749 213 2816 nis:
228 2767 295 2814 non
307 2755 417 2814 tamen
435 2749 613 2834 requiritur
630 2768 806 2816 consensus
823 2750 955 2816 illarum
967 2767 1152 2833 expressus,
1168 2747 1229 2816 sed

110 2864 259 2933 «sufficit
272 2865 410 2950 tacitus;
427 2866 484 2951 qui
496 2867 622 2933 scilicet
636 2867 706 2950 ipso
728 2866 815 2932 facto
838 2867 888 2945 fit,
907 2867 1010 2933 relou‘
1025 2867 1091 2933 litis
1116 2872 1230 2934 conte.

112 2981 294 3058 amadone,
309 2981 362 3047 rel
377 2982 475 3047 etiam
487 2981 688 3064 oppositione
704 2979 840 3068 alicujus
855 2981 1054 3065 exceptionis
1068 2979 1224 3048 dilatoria

111 3104 219 3165 «ante
233 3097 326 3163 litem
342 3103 599 3165 contestatam...
618 3099 690 3165 Non
702 3105 814 3164 tamen
827 3105 980 3165 censetur
998 3098 1111 3183 aliquia
1128 3097 1162 3163 in
1178 3096 1230 3183 ju-

113 3211 253 3281 «licem
272 3230 338 3278 non
353 3230 448 3278 suum
465 3214 659 3292 consentire,
678 3211 827 3299 adeoque
847 3232 954 3299 neque
967 3232 1144 3299 prorogare
1158 3213 1231 3300 ejus

113 3327 420 3417 «jurisdictionem,
439 3330 466 3397 si
486 3331 591 3397 solum
613 3351 723 3398 coram
745 3352 785 3401 eo
808 3332 928 3399 citante
951 3340 1155 3416 compareat,
1176 3335 1230 3401 uel

114 3447 245 3513 aetiam
258 3447 383 3532 copiam
395 3446 499 3512 libelli
511 3447 562 3513 sui
579 3448 634 3513 edi
650 3456 751 3532 petat,
770 3449 825 3515 rel
843 3447 901 3515 det
915 3448 1166 3517 satisfactionem
1186 3446 1228 3512 de

114 3561 288 3629 «sistendo
309 3580 344 3628 se
366 3560 515 3648 judicio:
540 3563 620 3649 quin
645 3565 711 3629 imo
737 3564 854 3631 citatus
878 3572 1012 3633 tenetur
1036 3544 1225 3648 comparere

113 3697 259 3747 «coram
276 3677 398 3764 judice,
417 3684 456 3744 ut
475 3679 703 3762 exceptionem
721 3679 786 3747 fori
803 3679 1049 3748 declinatorium
1073 3687 1226 3763 opponat,

114 3796 207 3861 anisi
218 3794 381 3861 notorium
394 3795 436 3861 sit
451 3793 596 3880 judicem
608 3814 678 3861 esse
694 3796 981 3879 incompetentem.

158 3912 259 3978 «Non
268 3918 379 3977 autem
391 3909 433 3977 ad
446 3911 707 3995 prorogationem
720 3909 955 3998 jurisdictionis
966 3910 1145 3995 requiritur
1156 3931 1230 3978 con·

113 4045 258 4095 «sensus
272 4027 372 4112 ipsius
386 4025 506 4112 judicis
521 4026 700 4105 ordinarii,
717 4027 809 4112 cujus
827 4027 935 4093 forum
953 4025 1153 4111 declinatum
1170 4028 1230 4094 scd

114 4143 261 4209 «sufficit
278 4161 452 4208 consensus
472 4145 613 4226 partium
626 4144 840 4229 litigantium;
858 4162 933 4208 cum
949 4142 1024 4228 jure
1039 4152 1172 4212 cautum
1187 4147 1230 4211 sit

112 4283 130 4322 a
142 4261 348 4347 privatorum
379 4278 572 4327 consensum
599 4261 709 4327 lacere
741 4259 881 4344 judicem
914 4279 991 4327 eum
1025 4262 1082 4346 qui
1109 4271 1230 4345 praest

112 4399 130 4437 r
145 4377 232 4465 (lege
251 4378 283 4455 3,
300 4395 330 4443 c.
348 4379 386 4441 aa
399 4380 485 4441 luris
500 4379 532 4441 d.
551 4397 630 4442 mnu.
645 4372 745 4466 jud).
764 4377 876 4461 Neque
892 4376 991 4450 ctiam
1013 4379 1229 4453 necessarium
