2714 4980
484 280 673 332 meratus
694 281 738 329 att
759 279 911 329 Juntctts.

560 584 694 652 CAPUT
714 585 830 650 XVIII.

132 848 176 893 DE
204 847 303 895 cuma
343 843 645 902 Aacfflnrtscoratt,
681 843 872 892 emmim
914 845 957 890 ΕΤ
995 842 1247 891 percunctatu.

50 1141 55 1148 ·
171 1113 341 1178 Delineata
367 1111 465 1177 curia
494 1111 684 1194 episcopalis
716 1085 1008 1190 formaremanet
1036 1114 1080 1199 ut
1107 1125 1245 1174 normam

124 1229 222 1294 etiam
250 1228 516 1311 metropolitana,
541 1225 802 1312 Primatialisque
829 1234 865 1293 et
891 1223 1130 1291 Patriarchalis
1156 1223 1243 1289 curie

127 1345 237 1428 paucis
249 1343 444 1411 iudicemus.

646 1597 713 1673 51.

121 1826 242 1886 Quomodo
255 1825 326 1876 eurise
338 1825 466 1888 episcopali
479 1824 566 1873 siurilit
579 1824 659 1888 quoad
667 1823 778 1886 formum,
788 1822 882 1872 duem
893 1833 951 1870 tero
964 1816 1047 1882 quocd
1060 1815 1238 1879 jurisdIctiouem

317 1921 350 1969 sit
361 1920 549 1983 Metropolitum,
566 1918 708 1967 Priuiatialis
721 1926 744 1967 et
755 1915 924 1967 Patriarehalis
935 1914 1013 1964 curia.

134 2177 137 2181 ·
168 2160 198 2223 t.
213 2153 265 2221 td
282 2154 420 2220 formam
434 2174 493 2221 seu
509 2161 628 2238 typum
646 2153 840 2237 episcopalis
855 2152 954 2216 ouriae
976 2159 1121 2235 possunt
1140 2153 1174 2214 et
1193 2164 1237 2211 sc

119 2273 189 2336 lent
202 2272 271 2337 aliie
282 2277 468 2336 memoratae
483 2270 638 2335 constitui
655 2278 690 2335 et
707 2269 864 2336 ordinari.
879 2268 1041 2334 Constant
1053 2285 1175 2350 nempe
1185 2263 1236 2328 dr·

104 2387 332 2471 ,chiepiscopc
348 2387 403 2454 vel
416 2387 570 2464 Primate,
581 2386 637 2452 vel
650 2384 839 2451 Patriaroha
859 2392 1017 2468 tanquam
1031 2382 1145 2469 judice
1154 2378 1240 2447 <ordi-

119 2502 210 2568 nan'o
240 2503 420 2584 prImario,
452 2501 580 2568 Vicario
616 2519 732 2566 eorum
763 2498 908 2583 generali
942 2505 1105 2583 tanquam
1136 2493 1237 2580 judIce

120 2614 284 2681 ordinario
300 2615 503 2693 secundario,
524 2622 716 2699 promotore
729 2612 849 2693 fiscali,
873 2612 1038 2690 actuario,
1061 2611 1197 2696 aliisque
1214 2609 1242 2671 tn

121 2731 210 2795 ouria
223 2731 399 2813 episcopali
410 2730 559 2796 adhiberi
571 2729 684 2796 solitis.
705 2729 802 2796 Unde
808 2729 921 2825 ‘forma
932 2747 973 2793 ac
984 2728 1181 2794 constitutio
1199 2725 1241 2788 ia·

119 2854 214 2912 terna
228 2845 562 2911 omninosimilisdici
575 2853 697 2930 potest.
927 2911 933 2916 .

165 2964 197 3026 2.
226 2960 397 3046 Objeetum
416 2979 497 3026 vero
513 2962 598 3026 cirea
613 2960 704 3046 quod
718 2965 870 3026 versatur
896 2955 1066 3024 dictarum
1082 2956 1241 3022 curiarum

118 3074 301 3160 jurisdictio
313 3076 390 3158 ipsis
403 3075 574 3159 proprium
583 3081 634 3141 est
644 3097 652 3160 ;
663 3083 700 3141 et
711 3072 896 3158 abobjeeto
901 3071 1146 3156 jurisdictionis
1158 3087 1240 3136 mere

121 3190 310 3256 doeoesamae
326 3188 503 3256 diversum.
520 3193 602 3257 Nam
615 3196 737 3274 prater
749 3188 1012 3274 jurisdictionem
1025 3187 1241 3272 episcopalem

120 3302 155 3370 in
171 3306 334 3389 propriam
353 3303 532 3384 dioecesim,
553 3305 839 3388 metropolitanam
854 3303 957 3369 habet
969 3303 1241 3388 archiepiscopus

120 3425 154 3487 in
166 3418 323 3485 dioceses
338 3420 566 3504 suffraganeas,
584 3420 802 3504 primatialem
824 3420 953 3485 PrImas
965 3420 1003 3484 ia
1016 3420 1183 3504 primatus
1195 3415 1241 3482 sui

119 3535 333 3612 territorium,
350 3543 385 3600 ct
401 3535 649 3619 patriarchalem
665 3535 855 3601 Patriaroha
869 3536 904 3600 in
919 3554 981 3601 suo
991 3535 1236 3620 patriarchatu.

162 3653 201 3716 In
217 3667 283 3734 quo
296 3651 428 3732 precise
451 3658 517 3715 stet
532 3649 716 3734 jurisdictio
734 3651 871 3716 Primati
884 3657 921 3715 et
940 3650 1148 3716 Patriareliae
1170 3666 1242 3732 pm·

118 3768 201 3850 pria,
217 3782 284 3827 non
295 3770 346 3827 est
360 3781 420 3828 cur
436 3762 488 3827 hie
502 3762 718 3848 disseramus3
732 3763 857 3850 aliquid
869 3771 985 3830 autem
1008 3764 1053 3831 de
1070 3764 1135 3832 hae
1149 3783 1187 3829 re
1197 3769 1242 3828 at·

117 3883 279 3963 tingemus
291 3877 478 3941 intractata
497 3875 540 3941 de
557 3878 729 3960 Episcopo.

159 3991 224 4058 Sed
241 3999 276 4058 et
293 3990 573 4057 determinandam
589 3992 832 4078 Archiepiscopi
862 3999 1068 4077 potestatem
1090 3994 1136 4062 ad
1153 4009 1242 4061 eum-

116 4108 191 4175 dem
206 4114 382 4173 traotatnm
404 4107 611 4186 remittimus,
631 4107 796 4174 adnotatis
816 4108 992 4176 dumtaxat
1016 4111 1147 4195 paucis,
1172 4125 1242 4195 qua

116 4222 214 4306 magis
226 4220 269 4286 ad
284 4230 477 4304 presentem
493 4241 627 4306 scopum
640 4224 762 4290 referri
776 4224 949 4292 videntur.

159 4341 263 4399 Primo
279 4355 407 4420 nempe,
431 4343 585 4422 tanquam
598 4346 671 4405 tuta
684 4339 799 4423 regula
817 4341 992 4424 recipitur,
1008 4342 1139 4409 nuliam
1155 4357 1241 4407 eom-
