2714 4980
559 318 638 364 raas
660 303 818 364 suanum.
1172 303 1235 366 505

164 440 310 505 Diximus
319 440 353 505 iu
368 441 453 507 thesi
465 446 666 523 repatartter:
680 445 755 527 quia
768 441 969 525 excipienda
984 449 1061 507 sunt
1071 461 1174 508 causae
1182 447 1236 508 33-

117 557 376 640 nonizationum;
394 556 435 622 de
456 577 520 643 qua
531 560 723 642 exceptione
735 559 782 622 sic
793 558 964 642 PIgnatelli
983 580 989 622 :

165 695 181 731 a
196 672 245 736 An
257 672 291 736 iu
307 673 412 738 causis
425 674 703 739 canonieationunr
725 673 857 756 probari
879 672 1001 739 debera
1018 673 1108 758 quod
1132 674 1235 740 fuerit

118 811 136 846 a
154 787 319 852 adhibitus
332 791 493 864 notarius,
519 797 647 854 creatus
663 790 854 855 auctoritate
875 789 1071 872 apostolica?
1089 790 1235 873 Respon-

118 927 136 963 «
149 898 219 968 ‘deo
239 903 444 989 affirmative3
475 906 520 970 ita
547 914 585 970 ut
603 905 789 990 hujusmodi
806 906 942 989 qualitas
966 914 1039 988 post
1062 906 1236 971 novissima·

117 1045 133 1080 a
151 1019 287 1086 decreta
305 1020 427 1087 Urbani
441 1023 518 1086 VIII
540 1023 669 1086 omuino
694 1023 890 1106 requiratur.
916 1021 1012 1103 Quod
1027 1023 1124 1087 etiam
1137 1029 1235 1087 antea

117 1137 356 1214 «servabatur,
376 1157 414 1202 33
429 1140 554 1203 ratione
577 1140 652 1223 qnia
675 1158 777 1204 cansae
797 1139 1074 1203 canonizationum
1097 1146 1172 1203 sunt
1190 1137 1232 1204 de

118 1278 133 1313 a
155 1252 333 1336 majoribus
349 1254 511 1327 Ecclesiae,
529 1275 593 1321 non
614 1262 724 1320 autem
744 1255 786 1320 de
803 1254 1052 1338 respicientibus
1070 1261 1234 1336 tempora-

116 1392 133 1427 «
152 1369 205 1445 lia,
226 1369 388 1453 inquibus
405 1369 508 1435 solum
523 1388 618 1452 posse
631 1369 779 1435 adhiberi
795 1371 957 1436 notarium
974 1377 1119 1434 creatum
1128 1377 1234 1435 aucto

119 1509 135 1543 a
151 1485 249 1548 ritate
263 1485 354 1561 laica,
368 1484 472 1568 inquit
486 1485 706 1550 Hostiensis...

165 1625 180 1657 a
211 1600 249 1664 In
283 1600 353 1664 aliis
385 1619 464 1664 vero
499 1601 601 1664 causIs
627 1600 850 1664 ecclesiasticis
881 1599 1018 1684 dejure
1046 1602 1155 1664 verlor
1187 1600 1234 1663 vi-

117 1741 134 1777 «
154 1714 255 1780 detur
284 1715 391 1797 opinio
427 1713 516 1799 quod
541 1716 658 1779 notarii
681 1717 783 1780 creati
813 1716 1007 1780 auctoritate
1036 1716 1139 1780 laicali
1160 1733 1234 1797 pos·

119 1856 136 1891 a
158 1832 222 1896 sint
249 1829 410 1896 adhiberi.
436 1833 486 1896 lta
505 1831 612 1896 hbbas
633 1831 677 1916 (in
702 1838 801 1914 caput
823 1835 907 1895 Sicut
933 1840 979 1910 te,
1000 1831 1052 1894 tit.
1072 1835 1117 1894 Ne
1132 1833 1234 1893 cleriei

117 1971 135 2008 a
153 1951 210 2011 oet
222 1945 369 2031 33333313)
385 1994 393 2023 ,
422 1945 567 2012 reddens
588 1948 768 2023 rationem,
799 1947 873 2031 qnia
892 1945 928 2011 id
948 1946 1081 2029 respicit
1106 1942 1232 2010 nudum

116 2087 134 2123 a
149 2063 373 2140 ministerium,
389 2060 477 2145 quod
489 2062 579 2127 laicis
593 2081 658 2127 uon
674 2063 877 2146 prohibetur.
897 2063 938 2125 Et
952 2060 1033 2126 hanc
1049 2060 1232 2144 opInionem
1320 2107 1324 2112 -

116 2201 135 2237 a
153 2178 278 2242 servari
291 2175 333 2242 de
341 2176 587 2254 consuetudine,
610 2175 770 2262 quidquid
787 2179 828 2242 sit
842 2175 884 2242 de
901 2178 1007 2260 rigore
1019 2174 1112 2259 juris,
1134 2181 1234 2240 testa·

117 2317 135 2352 a
152 2301 208 2358 tur
222 2292 308 2358 idem
325 2280 443 2357 hbbas.
464 2315 478 2352 n
495 2293 687 2378 (Pignatelli
705 2284 784 2357 tom.
803 2296 834 2369 3,
858 2293 1051 2357 consultatio
1067 2289 1134 2374 11.)

161 2386 360 2477 Ρ333331313
377 2412 446 2475 IV⁸.
473 2446 518 2458 —-
540 2415 607 2474 Noa
625 2413 746 2473 videtur
774 2410 861 2472 hodie
878 2416 912 2473 to
937 2411 1039 2472 Gallia
1064 2415 1151 2488 aptas
1172 2428 1234 2470 esse

113 2533 251 2592 petoritu
270 2548 290 2590 a
308 2530 371 2591 solo
387 2535 535 2609 potestate
557 2531 695 2590 saeculari
718 2535 842 2604 creatas,
868 2529 910 2589 od
927 2528 1028 2589 aalide
1049 2524 1234 2602 conficientia

114 2651 317 2706 instrumenta
329 2646 537 2706 ecclesiastica.
549 2681 594 2690 -
613 2646 693 2708 llam
707 2663 747 2708 ex
761 2640 1024 2725 praecedentibus
1042 2639 1233 2723 propositio-

115 2761 223 2837 nibus,
243 2762 404 2843 scriptura
416 2761 535 2826 notarii
548 2781 566 2825 a
581 2761 648 2825 sola
662 2766 824 2843 potestate
838 2758 984 2823 saeculari
1002 2757 1115 2833 creati,
1131 2777 1189 2838 per
1202 2777 1233 2819 ce

114 2886 145 2940 et
157 2880 194 2940 tte
208 2883 307 2959 ripere
312 2884 396 2960 juris
411 2876 512 2941 fidem
526 2897 590 2943 non
614 2877 693 2942 iacit
710 2875 819 2959 quoad
835 2877 944 2940 forum
959 2873 1231 2954 ecclesiasticum
1339 2898 1341 2903 ·

115 3001 214 3078 atque
234 2991 270 3057 id
296 2992 394 3057 habet
422 2992 592 3058 dumtaxat
607 3013 647 3057 ex
672 3001 789 3073 recepta
806 2994 987 3073 pecualiter
1008 2992 1230 3052 33333331αά133.

115 3112 181 3175 Ista
197 3116 305 3173 antem
331 3107 533 3173 consuetudo
548 3107 644 3173 hodie
664 3107 771 3192 quoad
787 3107 921 3172 Galliam
944 3106 1009 3169 vim
1034 3123 1099 3170 nou
1111 3103 1233 3170 habere

114 3226 224 3309 potius
236 3224 397 3291 censenda
411 3231 472 3290 est.
490 3227 570 3290 Nam
584 3224 660 3290 ideo
678 3223 876 3307 generaliter
894 3222 973 3287 olim
991 3227 1124 3302 recepta
1133 3219 1232 3285 fuisse

114 3341 318 3407 consuetudo
334 3341 402 3405 haec
420 3339 564 3419 videtur,
588 3341 673 3425 quin,
694 3359 767 3404 cum
791 3337 953 3423 ejusmodi
974 3337 1091 3402 notarii
1108 3336 1234 3400 nonnisi

114 3457 307 3524 acatholicis
318 3457 517 3540 priucipibus
534 3464 735 3533 crearentur,
755 3464 790 3521 et
808 3456 849 3520 ab
867 3475 906 3521 33
929 3473 1064 3542 mopere
1087 3471 1235 3519 arceren-

113 3583 171 3639 tur
179 3572 336 3652 haretici,
352 3571 524 3651 increduli,
537 3593 575 3637 ac
596 3571 706 3656 judaei.
725 3574 796 3639 Non
810 3577 881 3636 erat
899 3591 959 3636 cur
977 3571 1118 3636 Ecclesia
1132 3568 1234 3635 dede·

113 3709 191 3756 cens
204 3697 261 3754 aut
271 3689 423 3755 nocitum
438 3678 499 3754 s'ibi
508 3696 680 3771 reputaret
692 3707 806 3754 eorum
814 3707 916 3770 opera
933 3689 968 3752 in
978 3707 1037 3753 suo
1051 3688 1148 3752 etiam
1160 3686 1233 3752 foro

113 3807 174 3870 uti.
191 3807 272 3870 Sunt
287 3796 395 3870 autem
410 3803 493 3870 adeo
507 3812 639 3869 mutatae
651 3823 697 3868 eae
717 3804 965 3868 atreumsraauae
984 3805 1018 3867 in
1036 3802 1138 3885 Gallia
1153 3801 1233 3866 aliia

114 3923 381 4008 queregionibus‚
401 3931 438 3987 ut
449 3921 572 3987 hebrai
582 3921 690 3999 etiarn,
708 3927 742 3984 et
755 3939 884 3985 omnem
898 3939 1029 4002 prorsus
1041 3918 1232 3984 catholicam

112 4039 215 4104 fidem
234 4047 399 4122 negantes
418 4038 460 4103 ad
474 4038 652 4102 notariatus
665 4035 802 4100 officium
817 4035 1002 4100 indistincte
1018 4035 1229 4118 recipiantur.

117 4155 190 4235 Quo
207 4160 313 4218 stante
328 4173 440 4218 rerum
458 4163 555 4232 statu,
567 4155 693 4218 censeri
710 4154 824 4237 nequit
838 4153 979 4217 Ecclesia
996 4159 1162 4217 servatum
1176 4169 1234 4216 vo-

115 4271 214 4335 luisse
237 4268 396 4353 ejusmodi
422 4270 582 4336 saecularis
610 4269 780 4335 creationis
802 4269 935 4334 notaris
957 4268 1082 4333 dictum
1106 4265 1234 4351 privile·
