2714 4980
116 266 180 329 stu
457 281 646 330 rmcrsrus
667 285 712 331 nn
731 281 881 330 runicus.

114 410 239 474 duadoc
253 416 340 473 testes
356 414 477 474 ueniat:
494 410 583 492 quod,
603 415 676 492 quia
697 410 745 473 tta
759 406 803 495 (l)
819 414 961 475 omissum
978 417 1035 491 est,
1054 430 1163 478 messe
1179 420 1211 476 ut

115 532 150 590 ut
164 528 243 608 quad
257 532 361 588 cantra
376 528 467 606 lepem
479 533 578 590 aarum
593 534 648 606 est,
668 546 728 590 aaa
745 528 852 590 babeat
869 527 1060 605 firmitatem.

114 706 118 712 ,
165 671 178 694 «‹
193 640 363 724 Excipitur
371 647 485 723 prium,
502 641 530 705 si
543 641 725 724 periculum
738 643 780 707 sit
789 643 823 706 in
833 661 944 726 mora,
963 650 1001 709 ut
1013 643 1090 728 quia
1103 641 1216 710 debitor

114 739 137 829 ‚a>
149 754 191 822 de
207 755 284 839 iuga
296 765 464 839 suspectus
476 756 528 835 sit,
545 758 599 823 vel
609 764 711 823 testes
723 758 906 824 inremotus
917 766 1031 841 partes
1045 759 1215 838 discessuri,

120 903 134 925 κ
148 873 203 938 vel
221 873 248 936 si
268 892 360 938 senes
374 881 431 940 aut
447 876 561 958 aegroti
575 875 649 952 sint,
674 895 735 940 nec
752 895 828 958 pars
843 873 981 940 adversa
996 875 1125 941 interea
1143 876 1219 941 citari

123 1019 136 1042 ι
148 987 204 1053 rel
217 989 373 1054 interesse
387 990 499 1071 possit.
520 995 666 1070 seataac,
686 992 712 1056 si
725 1000 835 1075 partes
846 992 1069 1075 consentiant3
1084 991 1160 1076 quia
1168 992 1220 1077 juri

122 1123 209 1169 «suo
221 1106 408 1172 renuntiare
422 1115 567 1191 possunt.
583 1113 681 1172 Tertio
697 1112 724 1173 si
742 1117 857 1191 agatur
874 1108 916 1174 de
933 1109 1069 1175 crimine
1084 1108 1218 1192 haeresia

122 1250 134 1274 κ
149 1220 273 1285 namin
288 1221 349 1288 hoc
364 1223 467 1305 partis
484 1223 672 1289 citationem
690 1224 821 1306 supplet
834 1225 1006 1307 praesentia
1026 1225 1220 1292 honestarunt

121 1355 358 1421 «personarum
375 1339 491 1424 (capite
505 1338 603 1418 finali,
622 1338 886 1429 atelloereticis,[in
904 1339 950 1426 6).
970 1347 1102 1422 Quarta,
1121 1341 1220 1426 siaga

123 1462 203 1521 «tur
217 1455 259 1520 de
279 1463 413 1538 peccato
432 1455 577 1535 vitando,
597 1457 646 1521 uti
659 1457 783 1523 factum
800 1465 849 1522 est
868 1458 976 1541 capite
992 1463 1147 1523 Praeterea
1165 1459 1218 1545 (ll,

122 1574 187 1636 «de
201 1570 420 1656 Spaasalibas),
437 1573 494 1638 ubi
511 1571 555 1637 ad
573 1572 809 1656 depositionem
829 1574 925 1639 unius
941 1573 1038 1638 testis
1056 1582 1180 1640 secreto
1195 1581 1222 1638 et

122 1688 279 1754 «occulte
295 1687 498 1770 deponentis,
518 1689 586 1754 sine
606 1689 758 1754 citatione
777 1689 911 1754 alterius
926 1689 1040 1772 partis,
1057 1688 1223 1772 impeditur

122 1832 134 1862 a
149 1803 387 1870 matrimonium
404 1805 674 1872 contrahendum.
693 1811 816 1887 Quieta
836 1805 977 1891 denique
988 1807 1022 1870 iu
1037 1805 1184 1873 omnibus
1192 1805 1224 1871 il·

125 1922 189 1988 «lis
211 1922 337 1987 casibus
354 1922 386 1985 in
412 1921 529 2007 quibus
549 1922 614 1987 litis
635 1923 828 1987 contestatio
846 1923 1029 1989 necessaria
1046 1943 1114 1989 non
1136 1931 1220 1989 est·

122 2038 432 2125 (Scbmalzgrueber,
446 2039 480 2103 in
497 2040 550 2105 tit.
565 2043 619 2118 20,
632 2040 709 2105 libri
724 2042 743 2104 2
758 2038 899 2117 decret,
915 2060 947 2103 n.
964 2038 1034 2124 82.)

164 2158 196 2222 2.
217 2157 328 2221 Citatoe
349 2164 459 2239 partes
474 2156 603 2224 admitti
624 2155 749 2223 debent
762 2161 801 2222 ut
815 2155 947 2223 videant
963 2163 1068 2222 testes
1081 2157 1183 2240 recipi
1198 2159 1226 2222 et

41 2254 46 2263 ¹
116 2277 240 2362 jurare,
254 2295 321 2340 non
342 2294 423 2340 aero
441 2281 479 2340 ut
502 2273 635 2342 audiant
660 2273 853 2340 eorumdem
869 2274 1067 2355 testimonia.
1085 2275 1228 2360 Sequitur

120 2412 161 2459 er
173 2392 278 2477 capite
289 2397 499 2476 Inquisitiaac's
512 2391 578 2478 (il,
592 2391 669 2456 libri
683 2394 715 2469 5,
729 2391 818 2456 tituli
833 2397 845 2456 l
863 2388 1004 2476 decret.)
1019 2390 1079 2456 ubi
1089 2389 1230 2456 decernit

119 2490 399 2578 Innocentius'lll.
416 2530 476 2574 aaa
486 2511 581 2572 solum
592 2508 725 2575 testium
734 2512 827 2588 dicta,
846 2511 898 2571 sed
911 2514 1003 2572 etiam
1019 2514 1089 2591 ipsa
1102 2487 1226 2585 aomim,

8 2715 10 2719 ι
120 2629 236 2710 utquid
249 2647 268 2690 a
280 2646 337 2708 pua
353 2631 394 2688 sit
406 2629 519 2689 dictum
532 2631 689 2707 appareat,
701 2627 902 2707 publicanda·
914 2622 1003 2709 quod
1015 2631 1110 2690 certe
1124 2641 1234 2709 suppo·

118 2743 177 2820 nit,
196 2742 337 2825 primum
350 2742 566 2824 interrogatos
579 2740 678 2807 fuisse
696 2748 798 2806 testes
811 2750 904 2825 parte
918 2740 1059 2808 adversa
1072 2761 1142 2808 non
1155 2759 1232 2825 pre·

118 2867 224 2928 sente.
237 2861 278 2924 Et
286 2858 373 2924 idenr
384 2858 509 2942 pariter
520 2857 681 2941 colligitur
691 2877 732 2924 es
740 2859 845 2940 capite
858 2860 1029 2923 Venerabili
1039 2859 1107 2946 (52,
1118 2860 1172 2927 tit.
1181 2859 1230 2941 2⁰,

120 2976 226 3045 libris
239 2973 394 3060 decret.);
412 2982 448 3040 et
458 2995 499 3041 er
510 2976 581 3058 lege
592 2978 719 3040 Nullum
733 2973 800 3060 (ll,
822 2994 851 3040 c.
868 2978 905 3038 ate
920 2974 1082 3062 lectibus).

166 3094 249 3160 Ilinc
269 3093 441 3158 canonista
461 3091 659 3157 unanimiter
683 3090 803 3158 docent
823 3097 926 3158 testes
944 3099 1074 3161 secreto
1094 3113 1114 3158 a
1131 3092 1237 3180 judice

123 3226 193 3275 esse
208 3207 458 3290 examinandos3
473 3215 508 3275 et
518 3206 597 3274 dum
608 3209 870 3291 interpretantur
884 3207 953 3273 baec
969 3207 1073 3274 rerba
1090 3229 1191 3295 snpra
1202 3209 1240 3276 ci·

122 3330 197 3389 tata
215 3322 388 3390 decretalis
401 3329 440 3389 Ia
453 3330 581 3401 nomiae,
601 3322 853 3390 «admonendus
869 3331 920 3390 est
939 3342 1072 3408 semper
1088 3324 1239 3393 adversu-

128 3439 233 3519 «rius,
251 3448 289 3506 ut
307 3446 349 3506 aa
368 3445 532 3507 audiendas
544 3447 647 3506 testes
660 3440 780 3519 veniat,
795 3469 810 3496 ι
831 3459 946 3506 vocem
956 3443 999 3505 ad
1013 3445 1183 3508 audiardus
1194 3440 1240 3509 di·

126 3565 205 3626 cunt
224 3558 470 3642 intelligendam
490 3577 561 3624 esse
584 3558 625 3623 de
650 3556 815 3623 auditione
838 3556 1007 3624 dumtaxat
1029 3557 1241 3644 juramentis

125 3679 263 3745 testibus
280 3673 466 3761 praestandi,
486 3693 552 3740 non
573 3694 653 3741 vero
672 3675 715 3741 de
740 3673 905 3740 auditione
928 3674 1143 3759 depositionis
1161 3676 1243 3759 ipso·

122 3817 214 3867 rum..
226 3795 320 3883 (Vide
343 3795 438 3861 Schm
469 3779 647 3876 ‘tgrueben
671 3793 706 3859 in
725 3794 778 3857 tit.
797 3795 851 3870 20,
871 3792 946 3861 libri
967 3795 987 3857 2
1009 3791 1240 3872 decretalium,

125 3937 157 3981 n.
180 3913 250 3999 83.)

170 4037 203 4100 3.
221 4030 408 4097 Astantibus
422 4028 571 4106 testibus,
588 4045 715 4092 necnon
732 4027 836 4092 citatis
858 4033 894 4092 et
910 4029 1133 4111 praesentibus
1146 4029 1243 4115 purb‘·

125 4148 198 4226 bus,
213 4147 295 4212 solet
311 4145 424 4231 judex,
441 4163 513 4209 cum
529 4141 669 4227 quadam
681 4143 840 4226 gravitate
856 4161 894 4206 ac
912 4144 1104 4223 severitate,
1117 4154 1245 4230 aperto·

145 4405 199 4466 ·(l)
211 4405 297 4468 Nempe
311 4406 335 4454 in
349 4416 420 4452 cause
433 4403 569 4467 peruenturi
583 4402 612 4452 de
623 4415 669 4465 qua
683 4403 706 4450 in
720 4402 764 4450 buc
777 4401 888 4450 decretali
898 4402 985 4464 agitur.
