2714 4980
550 290 630 339 rain
653 285 813 337 sueuuun.
1177 270 1241 334 375

117 419 307 504 generalem
322 414 606 484 consuetudinem.
623 413 665 480 Et
676 412 759 499 juris
779 407 918 496 quidem
931 411 1110 475 communis
1132 408 1242 495 dispo·

117 535 291 603 sitionlbm
307 532 513 612 inherendo,
532 531 652 599 dictam
673 527 868 598 restituendi
885 534 1083 612 potestatem
1103 526 1242 595 Ordina-

116 650 418 719 rlisv’mdioamus:
445 669 487 717 ex
512 649 647 717 inducto
672 656 784 715 autem
810 645 973 713 contraria
991 643 1238 725 consuetudine,

114 767 187 854 iam
205 785 271 833 non
286 774 423 850 possum
440 765 605 833 Ordinatii
626 763 809 852 (inferiores
826 759 927 846 Papo)
948 760 1188 828 restitutionem
1207 761 1242 828 in

116 886 297 969 inmuni,
325 891 438 950 comma
464 883 661 949 sententiam
685 880 891 948 definitivam.
908 899 928 945 a
946 879 1057 962 seipsis
1081 879 1241 963 prolatam

119 995 327 1080 concedere,
345 995 408 1063 sed
428 996 594 1063 restitutio
618 994 688 1060 hmo
712 1014 733 1060 a
753 992 865 1078 judice
891 991 1126 1075 appellationis,
1149 990 1242 1058 vela

118 1111 207 1180 Sede
225 1111 408 1195 Apostolico
420 1109 602 1177 obtinendo
614 1115 676 1175 est.

163 1229 243 1310 Quo
258 1233 451 1312 prenotato,
467 1226 512 1293 ad
531 1243 675 1312 presens
693 1224 866 1311 qimsitnm
883 1222 1100 1303 deveniendo,
1117 1226 1242 1308 puriter

118 1342 389 1428 distinguendum
404 1348 454 1408 est
472 1365 480 1408 :

168 1463 204 1526 1⁰
224 1458 357 1526 Attente
376 1466 568 1543 preaeserta
589 1457 837 1537 consuetudine,
855 1456 1032 1524 dicendum
1046 1457 1241 1542 Episcopum

117 1593 185 1643 nec
209 1582 324 1642 eontra
342 1575 509 1659 propriam
523 1577 720 1641 sententiam
733 1593 828 1660 posse
844 1576 1030 1653 restituere,
1051 1594 1114 1640 neo
1143 1575 1243 1641 etiam
1351 1664 1353 1670 Ι

118 1697 235 1759 contra
256 1691 453 1757 senteutiam
469 1691 587 1757 vicarii
599 1692 650 1757 sui
664 1691 843 1775 generalis,
869 1697 985 1774 utpote
1010 1708 1082 1775 quae
1106 1688 1241 1775 dejure

118 1805 263 1872 habetor
279 1820 341 1888 pro
358 1805 496 1889 ipsamet
513 1807 673 1874 sententia
686 1807 848 1891 Episcopi

163 1921 260 1999 Itemo
275 1920 441 2000 aforfiori,
457 1921 841 2005 Vicamusgencralisnee
852 1929 966 1988 contra
979 1940 1082 2001 suam,
1096 1940 1158 1987 nec
1168 1938 1241 1988 con·

117 2043 174 2102 tun
189 2036 342 2121 Episcopi
358 2037 552 2103 seutentiam
566 2038 744 2103 restituere
759 2037 891 2103 valebit.

164 2153 199 2216 2⁰
215 2150 441 2218 Abstrahendo
450 2160 560 2218 autem
575 2174 594 2218 a
609 2152 768 2237 praedicta
776 2152 1022 2233 cousuetudine,
1037 2162 1072 2220 et
1085 2153 1240 2223 herendo

119 2268 286 2337 communi
300 2267 516 2353 inriseripto,
538 2269 634 2337 aliter
649 2269 805 2337 solvenda
819 2269 907 2336 foret
924 2271 1060 2358 questio
1078 2290 1086 2337 ε
1107 2286 1237 2356 nempe,

163 2388 284 2464 Princo,
299 2384 478 2468 Episcopus
493 2390 603 2467 posset
613 2391 650 2450 et
662 2392 779 2451 contra
791 2404 893 2464 suam,
909 2393 945 2451 et
958 2405 978 2451 a
991 2385 1120 2453 fortiori
1128 2392 1241 2453 contra

119 2500 238 2567 llioarii
252 2498 303 2565 sui
327 2500 522 2566 sententiam
539 2501 725 2567 restituere.
749 2503 805 2569 Est
819 2503 906 2569 enim
927 2501 1118 2569 ordinarius
1141 2501 1240 2569 admi

117 2617 341 2683 nistratiouem
357 2615 480 2682 habens
500 2639 507 2682 ε
525 2635 625 2700 porro
646 2617 821 2686 decretalis
835 2623 935 2684 Cooro
952 2618 995 2705 (9,
1014 2619 1101 2686 tituli
1115 2620 1171 2698 41,
1196 2619 1238 2687 li-

118 2732 175 2801 btu
190 2735 206 2798 l·
228 2730 456 2816 decretalium)
477 2736 652 2801 ordinariis
673 2737 969 2800 administratorem
985 2737 1160 2800 dolentibus
1182 2753 1239 2799 ex-

118 2864 234 2934 presse
261 2849 378 2915 tribuit
408 2854 602 2933 potestatem
630 2863 743 2917 corusca
770 2851 983 2918 restitutionis
1012 2851 1046 2915 in
1074 2854 1238 2936 integrum

117 2963 395 3050 tractandoque
412 2965 559 3033 finiendi.

162 3084 309 3162 secondo,
330 3083 476 3150 vicanus
488 3084 568 3151 item
582 3084 748 3167 generalis
758 3091 871 3151 contre
883 3100 975 3151 suam
986 3085 1238 3153 senteutiamre·

117 3199 258 3267 stituere
274 3206 403 3283 posset3
425 3214 499 3266 oum
525 3199 577 3286 (ex
595 3214 696 3285 snpra
724 3200 879 3287 probatis)
896 3200 967 3287 ejus
990 3201 1172 3288 jurisdictio
1194 3203 1256 3269 sit·

117 3312 296 3392 ordinario,
314 3333 352 3379 ac
365 3314 504 3398 proinde
516 3315 604 3382 iuter
623 3321 803 3383 Ordlnoos‘os
819 3322 1116 3386 admonistrotloocm'
1130 3321 1237 3387 dobeo·

118 3439 166 3497 tos
179 3437 216 3497 et
227 3430 298 3514 ipse
308 3429 532 3499 numerandus
549 3433 600 3498 ait.

118 3595 122 3599 -
162 3551 404 3624 Eortimoontra
417 3547 611 3615 sententium
620 3549 718 3615 etium
736 3551 886 3635 Episcopi
899 3557 1009 3636 posset
1025 3552 1171 3620 licerius
1181 3570 1237 3638 ge-

113 3661 236 3730 neralis
252 3663 535 3754 restitutionemin
544 3663 708 3748 integrum
725 3665 924 3751 concedere3
938 3676 1039 3752 prout
1052 3689 1126 3735 oum
1139 3670 1236 3736 Sbro·

115 3779 168 3847 zio
184 3777 251 3864 (lib.
267 3781 299 3856 3,
315 3791 347 3863 q.
363 3781 415 3856 13,
432 3798 466 3844 n.
483 3776 515 3864 5)
530 3779 667 3847 tradunt
679 3783 776 3849 multi
788 3785 959 3850 canonistae
971 3793 1084 3851 eontra
1099 3797 1231 3871 paucos.

162 3893 239 3973 Sed,
256 3901 294 3960 ut
305 3894 429 3961 dietum
443 3905 504 3976 est,
530 3898 691 3981 generalis
702 3898 769 3984 jam
787 3916 865 3966 usus
878 3900 1030 3980 obtinuit,
1047 3909 1097 3981 ut,
1115 3901 1158 3968 ad
1176 3903 1234 3968 ola·

113 4009 286 4078 nuendum
305 4009 426 4077 dictam
451 4014 702 4093 restitutionem,
725 4015 807 4082 adiri
827 4015 959 4095 debeat,
977 4035 1043 4082 non
1054 4018 1233 4100 ipsummet

113 4127 264 4199 onomat
278 4148 300 4194 a*
313 4146 379 4213 quo
391 4131 552 4198 sententie
565 4133 719 4213 manavit,
736 4131 796 4199 sed
813 4131 917 4218 judex
931 4135 1081 4219 superior
1096 4154 1154 4203 seu
1176 4155 1234 4222 ap·

160 4362 315 4443 Quflauto
338 4367 382 4431 θ’.
400 4398 445 4413 ····
464 4367 550 4430 loa
573 4372 720 4431 sententio
744 4373 856 4434 l'ioors'i
875 4374 1023 4452 pennulis
1040 4377 1149 4457 possit,
1173 4392 1233 4439 ooo
