2714 4980
126 314 188 389 191
473 307 661 389 nucerinos
684 341 728 389 nn
748 340 900 388 ouorcns.
968 315 971 320 ’

121 468 163 531 od
178 467 373 531 recensetum
384 471 608 550 prostrationis
622 467 752 548 officium
766 469 890 531 idoncos
904 468 1010 531 debeat
1024 471 1165 550 reputari
1181 463 1222 554 (ca

121 584 189 668 pite
205 589 274 651 Noa
290 588 449 649 indiscrete
467 588 497 662 1,
517 584 606 649 1111111
624 587 675 662 19,
697 584 774 650 libri
794 586 823 664 l,
844 585 877 649 in
897 581 943 668 6).

49 717 53 726 ·
128 783 130 788 .
168 703 200 766 1⁰
222 699 335 786 Ajure
354 701 507 766 canonico
525 699 741 784 probibentur
760 720 830 766 esse
856 675 1092 784 procuratores
1114 716 1222 766 excom

120 818 275 883 munioati
285 817 615 904 excommunicatione
627 814 753 902 majori.
765 818 844 882 Nam
858 835 899 882 ex
911 817 1018 900 capite
1029 818 1222 882 intellectae

122 934 166 1020 (7,
179 935 268 1002 tituli
285 938 315 1016 1,
332 935 443 1002 1111111
461 932 697 1021 decretalium),
718 942 832 1019 aperte
848 935 996 1020 seqnitur
1009 934 1139 1002 nullum
1160 933 1222 1021 ejus

119 1050 209 1117 modi
224 1053 537 1118 excommunicatum
554 1060 640 1117 stare
656 1050 827 1136 injudicio
845 1052 1065 1136 perseipsum
1085 1070 1195 1135 posse.

162 1170 197 1234 2⁰
220 1169 419 1235 Procurator
436 1167 595 1254 judicialis
614 1188 684 1235 esse
701 1171 816 1255 nequit
837 1170 1000 1236 minor-25
1020 1169 1116 1234 annis
1133 1190 1140 1236 1
1159 1172 1222 1235 tre

91 1320 93 1337 ,
118 1292 371 1369 ootemqoispost
382 1289 473 1352 XVII
481 1295 779 1369 oanomprocurotor
790 1289 961 1369 adnepotta
973 1288 1222 1370 torredepmrenc

118 1405 160 1468 od
174 1407 294 1489 jndicio
313 1412 423 1484 tomen,
439 1409 502 1468 cist
519 1408 615 1488 major
631 1406 673 1469 25
690 1411 780 1468 conis
799 1407 904 1486 fcerit,
927 1407 1071 1488 deputare·
1092 1407 1222 1486 nequibit

120 1519 314 1607 (Bonifacius
332 1521 425 1601 VIlI,
446 1521 554 1605 capite
577 1525 638 1602 (tot
659 1524 840 1604 generaliter
864 1522 894 1599 5,
920 1520 1009 1587 tituli
1028 1523 1083 1601 19,
1110 1520 1217 1590 libril

116 1636 150 1702 in
166 1634 213 1722 6).
1213 1676 1219 1682 -

161 1756 196 1820 3ο
219 1755 301 1822 Item
320 1775 338 1821 a
357 1756 577 1840 procuratoris
588 1754 691 1823 officio
704 1756 910 1841 repelluntur
922 1755 1061 1823 infames
1083 1777 1090 1823 :
1114 1759 1222 1839 inferaci

25 1899 29 1914 ³
111 1891 240 1955 percocto
260 1893 313 1937 acc
334 1881 515 1957 procurator
535 1893 596 1937 esse
614 1880 715 1956 potest
740 1873 824 1958 (cap.
850 1875 880 1951 l,
907 1891 1011 1939 causae
1034 1876 1067 1953 3,
1089 1873 1222 1960 01111110-

11 1990 13 1993 ’
114 1985 224 2073 nist).
241 1989 282 2056 Et
293 1991 341 2056 ita
358 1990 537 2056 eommunis
556 1987 730 2056 doctorum
745 1989 920 2055 sententia.

32 2130 41 2141 ·
158 2107 194 2171 4⁰
216 2108 254 2172 In
263 2104 338 2193 jure
354 2109 604 2176 civililtomano
618 2114 848 2192 procuratores
862 2125 933 2173 esse
948 2106 1162 2191 prohibentur
1171 2105 1222 2173 10-

113 2224 206 2289 minae
235 2223 390 2310 (exceptis
413 2224 578 2290 nonnullis
605 2221 756 2308 casibus),
782 2223 901 2288 milites
928 2221 1086 2310 (exceptis
1111 2223 1222 2308 pariter

112 2339 275 2406 nonnullis
291 2338 441 2426 casibus),
455 2341 559 2421 servi,
577 2340 702 2420 furiosi,
722 2340 923 2420 muti-surdi,
941 2340 1108 2426 digniores
1123 2340 1161 2407 de
1174 2359 1222 2406 rc-

112 2454 262 2540 publica,
287 2457 415 2537 Fiscus,
437 2465 609 2523 aocusatus
631 2457 773 2523 criminis
793 2457 993 2544 iudicialiter
1015 2457 1121 2526 donec
1142 2473 1222 2524 suan!

113 2573 546 2659 innocentiamprobaverit.
638 2668 640 2672 Α

157 2693 205 2757 Ex
223 2690 271 2757 bis
289 2700 400 2789 autem
416 2691 571 2784 censendi
587 2701 695 2759 sunta
709 2694 931 2776 procuratoris
946 2713 1085 2761 munere
1109 2695 1142 2760 in
1155 2693 1222 2760 1010

111 2809 328 2876 ecclesiastico
339 2809 525 2876 interdicti:
540 2810 693 2890 foeminae,
707 2817 779 2877 tum
791 2809 834 2877 ob
849 2809 1090 2893 dedeoentiam,
1105 2809 1221 2878 tumob

112 2934 315 2993 constantem
324 2929 461 3012 praxim,
474 2934 545 2993 tum
556 2929 631 3014 quia
641 2935 770 2994 tacente
781 2928 854 3014 jure
867 2930 1020 2996 canonico
1029 2928 1217 2997 censendum

110 3050 161 3109 est
177 3042 284 3129 quoad
300 3043 362 3111 hoc
376 3053 548 3130 receptum
560 3043 613 3130 jus
631 3045 830 3114 Romanum:
849 3047 963 3112 furiosi
980 3052 1014 3113 et
1028 3046 1216 3125 surdi-muti,

94 3168 181 3227 tum
205 3180 247 3227 ex
259 3161 334 3248 jure
352 3164 511 3243 naturali,
533 3171 605 3229 tum
619 3165 694 3249 quia
717 3165 752 3228 in
776 3164 838 3230 hoo
864 3174 997 3250 recepta
1016 3166 1059 3231 ab
1084 3165 1219 3234 Ecclesu

110 3277 270 3344 censenda
287 3286 336 3344 est
351 3280 549 3345 lustinicnea
561 3279 722 3364 legislatio
737 3303 744 3346 :
761 3282 871 3346 Fiscus
885 3289 920 3348 et
935 3284 1139 3366 potentiores
1152 3282 1217 3362 1111,

109 3413 150 3459 ne
172 3369 376 3478 opprimatur
396 3395 621 3463 adversarius:
640 3399 783 3463 accusati
798 3398 937 3463 criminis
953 3406 1030 3465 ante
1053 3407 1218 3484 purgatam

108 3512 324 3580 innocentiam
338 3535 345 3580 :
361 3521 395 3579 et
409 3514 545 3595 milites,
563 3515 638 3601 quia
661 3522 695 3580 et
715 3515 748 3579 in
763 3515 825 3581 hoc
840 3513 974 3581 videtur
991 3525 1166 3601 receptum
1180 3513 1218 3581 ab

108 3631 253 3697 Ecclesia
270 3631 505 3727 Justimaneum
521 3630 585 3718 jus.
605 3631 669 3698 Sed
684 3631 735 3698 his
755 3640 871 3717 utpote
886 3651 1003 3717 parum
1029 3632 1072 3699 ad
1099 3634 1218 3719 praxim

106 3747 241 3814 utilibus
254 3768 316 3815 non
332 3749 553 3814 immoramur.

150 3868 184 3928 5⁰
208 3866 327 3930 Utrum
346 3881 426 3932 vero
440 3866 474 3930 in
488 3864 865 3932 ludiciisecclesiasticis
888 3872 1045 3952 tanquam
1067 3884 1218 3950 procura-

106 3989 192 4047 tores
210 3982 339 4048 admitti
358 3983 481 4067 possint
495 3982 638 4066 religiosi
653 3989 687 4047 et
702 3982 823 4061 clerici,
842 3981 902 4048 sub
918 3983 1113 4066 specialibus
1129 4001 1218 4070 parc·

103 4098 233 4183 graphia
246 4102 429 4185 separatim,
448 4118 509 4186 pro
525 4100 574 4165 rei
587 4101 755 4184 gravitate,
773 4099 860 4164 infra
875 4099 1104 4183 expendimus.

148 4218 182 4281 6⁰
206 4217 283 4304 lure
299 4219 453 4283 canonico
472 4237 537 4282 uon
551 4217 746 4301 prohibetur
761 4218 873 4301 plures
898 4221 1051 4286 constitui
1073 4218 1215 4306 ejusdem

102 4351 205 4399 causae
218 4339 462 4419 procuratores3
478 4341 516 4400 111
530 4341 621 4418 patet
635 4342 682 4399 ex‘
692 4333 789 4400 dictis
807 4334 867 4400 sub
880 4335 987 4418 primo
1002 4335 1210 4422 paragrapho.

148 4454 181 4517 7ο
205 4450 321 4516 Nullus
342 4450 415 4535 cogi
435 4458 547 4535 potest
567 4451 610 4518 ad
632 4450 876 4535 suscipiendum
903 4456 1126 4536 procuratoris
1152 4451 1217 4519 offi-
