2716 4988
10 38 53 347 Ι
565 321 645 370 rans
666 320 780 369 rarus.
1189 311 1231 375 97

115 446 280 512 eiternon
292 444 414 512 babere
429 452 626 531 potestatem
646 446 736 513 illam
757 466 886 513 eausam
908 445 1087 533 judicandi.
1108 447 1235 518 Admit-

105 561 219 629 tenda
236 581 315 646 ergo
327 563 415 627 inter
426 559 508 627 duas
520 569 700 646 potestates
714 561 848 645 praefata
857 561 1097 650 subordinatio;
1111 571 1145 632 et
1155 572 1236 633 tuno

90 700 185 746 non
198 698 339 765 aequum,
360 677 421 745 sed
440 679 588 766 iniquum
609 676 880 762 deprehenditur,
901 678 990 766 quod
1004 681 1038 746 in
1055 679 1236 768 objectione

78 797 325 886 proponitur.

164 890 543 996 concernendam
567 916 630 977 Nos
656 918 684 974 si
718 918 947 994 incompetenter
971 915 1044 1002 (41,
1071 935 1174 982 causae
1195 919 1241 1001 2,

68 1052 131 1118 q
140 1030 304 1095 uaestionis
317 1027 348 1114 7)
364 1029 397 1094 in
411 1047 475 1114 quo
489 1030 554 1094 Leo
569 1031 658 1112 Papa
668 1030 718 1117 'IV
734 1029 780 1095 sic
793 1029 996 1097 Ludovioum
1003 1033 1238 1118 imperatorem

68 1146 298 1231 alloquitur
319 1151 406 1213 :Nos
419 1153 448 1209 si
462 1152 691 1228 incompetenter
712 1148 831 1228 aliquid
853 1153 978 1230 egimus,
1004 1157 1033 1214 et
1055 1155 1089 1214 in
1108 1153 1239 1215 subditis

47 1273 208 1354 justo
220 1267 297 1347 lepis
316 1270 467 1329 tramitem
483 1285 544 1329 non
558 1270 807 1346 consenenoincns,
826 1272 925 1329 nestro
949 1286 985 1329 oc
1003 1273 1161 1344 missorum
1174 1287 1239 1332 ecs-

69 1393 237 1449 troncm
252 1388 359 1446 cuncto
371 1383 507 1446 columns
520 1382 810 1465 ernendnrcjntlicio.
833 1381 874 1447 Et
887 1389 1001 1465 postea
1016 1385 1102 1449 mitti
1122 1384 1163 1450 ab
1184 1384 1241 1450 im·

64 1506 272 1586 peratore
283 1493 575 1583 postulatjudioes,
595 1503 718 1562 testans
734 1516 769 1562 se
784 1494 870 1563 velle
885 1498 926 1564 ab
949 1500 995 1566 eis
1016 1501 1192 1570 examinari
1205 1508 1252 1590 et,

57 1615 272 1705 judicari.
287 1616 374 1699 Ergo
387 1614 519 1699 agnovit
532 1615 597 1680 Leo
608 1615 654 1680 IV
669 1611 712 1679 ad
726 1613 914 1681 saeoularem
927 1625 1122 1699 potestatem
1140 1619 1242 1703 perti-

63 1752 202 1799 nere
216 1732 259 1800 de
274 1732 379 1799 causis
397 1733 632 1811 ecclesiasticis,
652 1732 718 1796 imo
742 1738 776 1797 et
796 1733 830 1796 in
847 1733 954 1816 ipsum
962 1735 1094 1821 Papam,
1111 1743 1243 1803 senten·

63 1849 202 1915 tiam
214 1850 317 1916 ferre.
334 1885 381 1900 -
395 1847 589 1934 Respondeo
600 1847 794 1932 praedictum
812 1848 1006 1915 Pontificem
1023 1871 1105 1932 sese,
1127 1872 1168 1919 ex
1185 1852 1243 1918 bu·

58 1968 256 2034 militate
282 1972 317 2032 et
337 1974 376 2033 ut
405 1967 603 2051 suspiciones
632 1974 668 2031 et
691 1965 843 2051 querelas
874 1974 988 2032 contra
1016 1967 1121 2052 ipsum
1154 1975 1242 2034 ortas

58 2084 237 2150 melius
261 2082 450 2167 repelleret,
477 2072 672 2177 submisisse
684 2078 807 2166 judicio
832 2081 1038 2165 imperatoris
1061 2086 1238 2163 arbitrario,

57 2211 190 2267 uon
201 2209 312 2267 autem
325 2206 468 2265 coactive.
485 2200 601 2265 Potest
619 2206 731 2263 autem
745 2196 884 2284 quilibet
904 2201 1055 2284 superior
1069 2199 1130 2266 sibi
1153 2219 1243 2267 assu·

58 2325 213 2385 mere
226 2317 378 2385 subditos
398 2336 474 2383 suos
492 2324 647 2402 tanquam
662 2315 801 2381 arbitros
819 2313 862 2381 ad
885 2317 1131 2384 examinandam
1146 2336 1243 2385 aceu-

56 2438 279 2503 sationem
299 2442 413 2502 contra
431 2436 539 2520 ipsum
552 2432 723 2518 prolatam,
747 2433 826 2517 quin
841 2451 903 2518 per
923 2431 985 2499 hoc
1003 2434 1103 2500 ullam
1125 2452 1241 2501 eorum

56 2537 162 2618 iu
174 2556 314 2642 seipsum
322 2550 583 2638 jurisdictionem
595 2554 757 2647 agnoscet.
775 2549 848 2615 Non
864 2547 946 2615 dixit
961 2551 1028 2617 Leo
1045 2553 1101 2631 IV,
1128 2559 1241 2618 vestro

52 2661 258 2736 ‘letenna
273 2669 447 2737 emendare
468 2667 611 2756 judicio,
629 2666 690 2733 sed
710 2668 869 2748 cctnnns;
881 2648 1000 2752 ‘utique
1015 2667 1120 2734 libere
1140 2690 1148 2735 ι
1165 2687 1241 2733 nam

51 2780 148 2848 Si
168 2789 332 2869 noluisset,
346 2788 414 2854 tale
432 2785 594 2873 judicium
618 2784 679 2851 sibi
696 2782 862 2850 vindicare
882 2805 947 2851 non
964 2786 1123 2868 potuisset
1136 2785 1239 2870 impe·

50 2898 222 2973 ¹'zeton
240 2908 348 2994 Atque
365 2905 454 2972 idem
468 2903 644 2970 dicendum
660 2903 749 2968 venit
761 2901 803 2968 de
823 2901 1016 2989 quibusdam
1035 2903 1105 2967 aliis
1122 2902 1240 2969 Roma·

47 3014 171 3090 Q
187 3019 412 3103 Pontificibus,
439 3022 496 3108 qui
512 3020 613 3087 simile
638 3018 827 3085 humilitatis
847 3018 1043 3104 exemplum,
1071 3017 1113 3085 ob
1135 3017 1239 3105 majus

49 3134 300 3209 Rammarum
307 3139 443 3218 bonum,
460 3137 614 3206 exhibere
630 3134 816 3204 voluerunt.

166 3259 351 3343 otjtctes40.
372 3257 535 3325 Gauonem
552 3258 641 3319 Filiis
662 3254 728 3343 (31,
754 3272 857 3318 oausae
882 3254 933 3333 16,
952 3253 1135 3338 quaestionis
1152 3249 1183 3340 7)
1203 3254 1238 3321 in

47 3370 183 3456 quo
198 3376 246 3442 sio
259 3373 411 3459 decernit
425 3373 596 3439 ennodium
609 3369 801 3437 Toletanum
815 3370 860 3436 IX
878 3391 885 3435 ε
904 3373 991 3451 Qicoc
1011 3377 1039 3435 si
1057 3374 1134 3436 tatic
1147 3375 1238 3456 Epis·

51 3492 208 3575 t³‹cpns
218 3513 309 3576 ogere
320 3498 425 3573 tentet,
438 3491 666 3572 metropolitano
681 3492 744 3570 ejus
763 3487 824 3550 nnc
846 3491 1000 3552 insinnare
1011 3497 1185 3572 procacrent.
1200 3493 1254 3583 Si

40 3602 116 3657 (Φ
125 3617 216 3674 atton
230 3611 480 3692 ntetrcpolitonns
495 3611 572 3672 tolio
593 3611 690 3690 perot,
715 3609 795 3686 repis
806 3605 867 3667 lucc
884 3608 1007 3669 cortens
1022 3612 1164 3671 intinere
1176 3628 1236 3673 nun

44 3713 126 3776 ‘l
134 3730 272 3808 efferunt.
287 3728 373 3810 Ergo
386 3725 573 3810 agnoscitur
585 3728 728 3807 potestas
744 3721 830 3804 regis
848 3721 1136 3806 metropolitanum
1151 3721 1237 3809 judi·

55 3839 221 3924 Qandi
234 3843 271 3908 in
291 3842 395 3908 oensis
419 3840 461 3908 de
478 3839 597 3926 quibus
616 3838 678 3904 boo
696 3857 818 3904 canone
834 3837 952 3922 agitur,
974 3836 1010 3903 id
1028 3846 1088 3918 est,
1107 3840 1141 3904 in
1159 3858 1235 3906 casu

65 3957 281 4037 qnohonu
300 3960 451 4026 Ecclesia
470 3957 667 4042 dissipasset.
685 3993 731 4005 -
742 3954 937 4039 Respondeo
945 3961 1067 4038 primo:
1083 3955 1236 4025 stabilivi·

81 4076 191 4141 Inus
201 4097 312 4163 supra,
323 4094 417 4161 posse
431 4075 612 4160 prinoipem
623 4073 811 4138 saeeularem
824 4091 844 4136 a
856 4068 939 4137 Sede
951 4071 1133 4154 Apostolica
1147 4071 1236 4141 dele-

95 4189 190 4262 gari
203 4189 246 4257 ad
261 4188 460 4256 dirimendas
476 4187 840 4271 causasecelesiasticas3
859 4206 920 4251 nec
939 4185 1153 4269 improbabile
1169 4196 1231 4268 est,

107 4302 265 4392 tenpore
281 4325 348 4394 quo
371 4306 423 4374 hic
445 4327 549 4373 canon
567 4306 717 4373 conditus
739 4311 803 4383 est,
824 4304 984 4386 Hispania
1005 4323 1100 4389 reges
1124 4307 1236 4372 solitos

129 4413 230 4504 fuitne,
247 4446 290 4492 ex
303 4425 362 4492 tali
378 4425 593 4509 delegatione,
610 4422 758 4510 quaedam
770 4420 1000 4508 jurisdictionis
1012 4423 1238 4518 ecclesiastieae

227 4539 247 4601 l.
1112 4536 1128 4591 'l
