2714 4980
127 279 193 363 670
481 290 667 339 amorreus
691 292 734 338 nn
753 291 900 339 Junrcns.

174 423 217 482 1⁰.
244 416 378 515 Certum
388 415 486 509 estin
502 416 605 480 causis
619 416 842 501 spiritualibus
863 417 1003 489 minores
1018 421 1061 483 25
1071 420 1165 509 annis
1175 422 1235 509 ahs

126 553 190 620 que
206 506 356 599 curatore
380 531 548 596 conveniri
568 539 602 595 et
619 531 793 597 convenire
809 551 913 617 posse,
932 508 998 599 sive
1014 508 1127 627 perse
1145 510 1233 619 ipsos,

125 650 193 715 sive
210 667 271 733 per
286 654 531 730 procuratorem
546 664 564 710 a
581 665 616 710 se
631 648 853 712 constitutum.
871 646 1004 721 Constat
1026 668 1068 714 ex
1088 646 1236 737 decretali

124 763 280 829 Bonilacii
294 763 371 828 VIII
389 766 424 827 Si
440 781 554 825 anuum
570 760 675 848 (titulo
697 765 709 826 1
727 766 764 826 de
777 765 918 843 Iudiciis,
939 762 1016 828 libri
1034 766 1066 844 2,
1082 764 1119 837 in
1134 762 1166 849 6)
1192 773 1235 830 tc·

124 879 212 945 noris
227 852 392 962 sequentis
410 899 417 942 :
435 881 471 941 Si
488 896 601 940 acuum
615 884 756 958 quartum
774 881 919 941 decimum
939 886 999 942 ture
1008 886 1159 963 perepisti
1172 886 1235 945 etc·

126 976 177 1074 tis,
195 1000 228 1057 iu
241 983 462 1072 beueficiutibus
474 1000 504 1057 et
518 995 591 1056 otiis
603 998 702 1057 causis
717 995 937 1075 spiritualibus,
963 1015 1077 1058 aecum
1095 1003 1125 1058 et
1143 998 1236 1077 deperi

124 1084 264 1174 deutibus
274 1113 311 1172 ub
322 1113 444 1187 eisdem,
462 1130 497 1172 uc
512 1115 540 1172 si
554 1115 650 1193 major
665 1112 706 1174 25
724 1116 813 1173 cuuis
822 1116 977 1191 existeres,
996 1114 1039 1174 ud
1055 1114 1235 1193 upeudumct

124 1229 343 1307 defendendum
352 1246 410 1307 per
427 1233 455 1288 te
472 1227 521 1288 uei
531 1246 589 1307 per
597 1234 823 1308 procuratorem
840 1225 987 1312 (quemad
999 1226 1235 1293 boccoustitueu

123 1345 196 1407 dum
213 1337 387 1424 decreveris)
400 1344 525 1404 admitti
538 1343 665 1405 debebis.
1082 1318 1085 1323 Ι

168 1460 214 1522 2⁰.
240 1458 324 1523 Item
352 1464 480 1522 certum
505 1463 555 1522 est
579 1456 743 1542 praedictis
765 1457 943 1524 minorihus
968 1458 1003 1526 id
1023 1458 1109 1545 juris
1130 1458 1231 1536 tribui,

123 1594 189 1641 non
210 1581 339 1639 tantum
360 1573 393 1670 in
412 1573 557 1657 ipsismet
573 1574 676 1641 causis
695 1574 926 1658 spiritualibus,
949 1573 1125 1641 sedetiam
1139 1572 1235 1661 quoad

123 1672 271 1754 couueccs
294 1709 368 1754 cum
389 1686 522 1767 iisdem,
547 1690 639 1785 utin
661 1690 759 1757 citata
781 1689 939 1756 decretali
962 1693 1153 1777 exprimunt
1177 1690 1235 1757 hac

123 1807 236 1901 rerba,
255 1808 488 1888 dependentibus
500 1808 539 1869 ub
549 1809 670 1870 eisdem.
684 1806 740 1871 Est
749 1815 858 1872 autem
874 1826 1140 1887 causaconnexa,
1152 1807 1234 1874 verbi

123 1925 241 2011 gratia,
259 1925 285 1991 si
299 1924 337 1989 lis
353 1930 524 1989 moveatur
547 1923 665 1990 minori
687 1943 787 2008 super
807 1923 884 1991 dote
899 1925 1028 1990 ratione
1048 1925 1234 1991 matrimonii

122 2061 191 2107 ase
207 2040 375 2117 contracti,
392 2039 445 2104 vel
460 2038 486 2102 si
498 2045 761 2107 controvertatur
784 2060 885 2126 super
909 2039 1098 2106 redditibus
1117 2040 1232 2107 benefi-

122 2159 265 2235 cialibus
281 2162 337 2222 aut
346 2158 421 2242 jure
432 2164 625 2239 patronatus
639 2155 730 2243 quod
745 2175 907 2223 annexum
920 2157 1007 2223 forte
1021 2165 1073 2223 est
1084 2157 1233 2224 beneficio

122 2270 212 2360 quod
228 2273 333 2339 minor
346 2266 484 2341 obtinet.

122 2388 155 2474 Q
166 2389 225 2454 Illa
240 2395 349 2453 autem
364 2386 446 2473 juris
464 2388 608 2454 canonici
626 2386 791 2471 dispositio
812 2386 899 2452 circa
912 2386 1110 2473 spirituales
1132 2395 1167 2454 et
1182 2389 1231 2455 eis

121 2502 348 2570 demanneuas
363 2525 483 2584 causas
503 2504 665 2571 censenda
682 2510 732 2569 est
746 2503 851 2591 adjus
868 2523 1037 2569 commuue
1057 2504 1228 2571 hodiedum

122 2601 234 2707 uigens
254 2620 436 2706 pertinere3
466 2641 539 2687 cum
557 2640 618 2687 nec
636 2638 697 2703 per
720 2619 988 2698 desuetudinem,
1007 2639 1072 2715 uec
1089 2598 1153 2707 per
1168 2641 1230 2687 con-

121 2736 253 2801 trariam
266 2737 452 2822 generalem
466 2736 573 2820 legem
589 2735 715 2801 sublata
734 2736 846 2802 fuerit.

125 2833 130 2839 ¹
165 2830 212 2917 3⁰.
234 2832 353 2934 ¹Quoad
362 2872 471 2919 causas
479 2870 569 2918 mere
582 2851 787 2943 temporales,
801 2851 876 2918 licet
885 2860 1023 2938 propter
1035 2854 1230 2941 privilegium

119 2950 185 3033 lori
201 2967 309 3059 coram
325 2968 544 3034 ecclesiastico
564 2966 674 3053 judice
699 2969 911 3047 ventilentur,
929 2969 1072 3035 minores
1089 2973 1133 3035 25
1149 2970 1227 3037 arinis

120 3091 291 3158 remanent
306 3083 445 3170 subjecti
465 3084 658 3169 legislatioui
674 3086 693 3150 J
695 3085 890 3163 ustinianeae,
911 3083 975 3171 qua
994 3084 1178 3170 disponitur
1193 3103 1226 3152 ne

119 3203 243 3284 possint
254 3201 376 3286 absque
394 3202 553 3266 curatoris
568 3200 764 3267 authoritate
783 3199 952 3288 injudicio
966 3208 1067 3282 stare,
1091 3202 1227 3289 exceptis

119 3315 312 3401 quibusdam
328 3317 464 3383 casibus.
480 3319 561 3383 Nam
575 3318 633 3383 uhi
650 3319 851 3383 Iustinianeo
863 3316 929 3403 juri
942 3317 1021 3383 nihil
1037 3321 1227 3386 contrarium

118 3432 242 3498 hahent
256 3434 344 3517 leges
356 3434 592 3513 ecclesiasticae,
610 3443 764 3500 censetur
775 3432 829 3519 jus
841 3433 924 3498 illud
940 3434 973 3499 in
989 3434 1063 3499 foro
1085 3436 1228 3502 ecclesia·

118 3550 199 3615 stico
211 3558 394 3635 receptum.
409 3551 490 3615 Hinc
501 3552 534 3614 in
548 3550 643 3617 dictis
656 3551 760 3615 causis
772 3569 863 3615 mere
875 3550 1127 3633 temporalibus,
1145 3549 1228 3619 sini·

118 3686 178 3733 nor
194 3669 235 3731 25
252 3667 342 3733 annis
360 3675 545 3733 curatorem
559 3687 624 3733 non
638 3666 766 3743 habeat,
789 3665 858 3731 dari
875 3667 906 3731 ei
923 3665 1065 3752 ajudice
1082 3667 1185 3735 debet
1196 3663 1228 3733 ad

117 3784 271 3853 effectum
285 3785 353 3850 litis
369 3783 613 3871 prosequendae.
633 3785 672 3849 Iu
689 3782 941 3867 praedictisergo
956 3785 1059 3849 causis
1073 3791 1229 3869 tempora·

116 3900 211 3979 libus,
229 3901 297 3966 sive
318 3900 428 3967 civiles
449 3901 523 3978 sint,
544 3901 611 3965 sive
634 3900 835 3978 criminales,
863 3900 1025 3965 sententia
1041 3908 1158 3967 contra
1179 3899 1229 3966 mi·

117 4034 231 4080 norem
250 4018 292 4080 25
312 4015 402 4079 annis
419 4015 486 4079 lata
503 4014 625 4099 absque
646 4015 805 4080 curatoris
824 4014 1033 4093 authoritate,
1056 4024 1147 4083 essct
1169 4017 1228 4101 ipso

115 4129 190 4216 jure
206 4130 357 4197 invalida.
380 4133 419 4196 ln
437 4130 536 4217 ipsius
552 4148 632 4197 vero
651 4130 800 4197 favorem
820 4130 1031 4215 pronuntiata
1044 4132 1225 4197 sustinetur.

117 4250 245 4313 Dantur
258 4254 368 4314 tamen
386 4249 500 4336 aliquae
519 4248 593 4316 huic
615 4248 805 4314 Iustinianei
822 4247 903 4335 juris
922 4247 1126 4333 dispositioni
1141 4263 1227 4315 exce·

117 4365 245 4453 ptioues
262 4387 270 4433 ε
288 4368 377 4435 ualet
391 4386 510 4452 nempe
524 4368 696 4446 sententia,
716 4364 838 4454 absque
852 4368 1012 4434 curatoris
1023 4365 1222 4465 authoritate,
