2714 4980
561 334 641 384 rsus
662 332 777 383 rums.
1185 316 1230 380 39

110 463 185 527 lium
195 460 369 555 uniuersale
378 461 622 524 anniuersarium
633 477 785 524 acoucrscs
800 459 941 536 volucrit,
954 462 990 520 ut
1004 457 1053 520 tul
1068 457 1111 520 ili
1124 473 1232 520 caussa

109 582 172 664 nus
196 581 386 657 lenocinatur,
409 581 473 659 ipsc
494 580 529 640 in
547 594 578 640 sa
595 578 800 641 damnationis
818 578 996 639 sententiam
1015 574 1131 637 diuisa
1144 575 1233 657 judi·

107 701 233 760 ocium
254 695 417 760 Accusator
432 698 534 757 autam
550 697 625 776 ejus,
636 697 665 756 si
678 709 832 774 nunquam
848 692 952 755 imbuas
969 708 1082 754 caussas
1098 691 1232 755 alanta

105 814 251 895 desuerit,
265 815 496 876 aaommunima
504 829 564 875 non
575 815 762 874 rumocatuc
772 828 782 871 .·
792 813 820 871 si
831 827 900 871 uero
909 808 1075 889 aliquanao
1084 809 1227 890 denunt,

104 934 249 994 nmium
265 932 466 992 communioni
479 929 636 1009 Episcopo,
654 931 717 1008 ipsa
734 929 962 988 remoueatur...
982 925 1018 988 Si
1032 929 1133 987 autem
1143 943 1231 1007 pras·

102 1047 208 1129 lutari
226 1045 276 1109 oal
291 1045 412 1107 diaconi
429 1046 545 1124 fsucint
564 1046 708 1122 assumti,
727 1043 869 1124 adjuncto
886 1041 945 1103 sibi
966 1057 1006 1102 aa
1027 1043 1137 1104 meinis
1157 1041 1230 1104 loeis

104 1160 245 1243 buitim
258 1178 382 1224 numero
394 1161 597 1241 collapanam·
610 1159 645 1221 il
662 1163 707 1221 ast
717 1161 751 1220 in
759 1157 930 1240 presbyten·
942 1160 1061 1219 nominc
1077 1161 1206 1237 quinqua
1214 1179 1230 1237 ;

103 1285 137 1343 ct
148 1283 185 1343 in
197 1280 329 1358 diaconi,
345 1277 475 1342 ductam:
489 1278 630 1359 Episcopi
640 1280 774 1357 ipsorum
785 1292 921 1336 caussam
934 1275 1112 1353 disoctiant,
1126 1275 1230 1337 mam

102 1396 237 1473 dierunt,
255 1395 304 1457 uel
320 1395 514 1475 dilationum,
532 1393 581 1455 ael
597 1409 618 1454 a
636 1392 842 1454 concmuniono
854 1395 1049 1455 sanationum
1066 1396 1096 1453 et
1113 1390 1230 1453 disem-

101 1516 189 1576 siona
196 1529 396 1594 personatum
405 1515 487 1574 inter
498 1515 683 1572 mausotoces
692 1513 722 1571 at
732 1526 780 1571 eos
792 1512 846 1588 qui
857 1512 1046 1587 manantur,
1057 1508 1156 1588 [orma
1165 1525 1228 1570 sem

101 1633 190 1692 uota.
205 1629 398 1709 Reliquomam
409 1632 510 1690 amam
521 1644 642 1689 massas
652 1628 744 1688 etiam
754 1625 835 1687 solus
842 1626 1007 1706 Episcopus
1019 1624 1077 1685 loci
1085 1631 1228 1704 opmscat

101 1740 251 1822 utfiniat.
263 1744 344 1808 sam
355 1746 490 1826 quisquis
499 1744 714 1824 Episcoporum
721 1742 770 1804 osl
777 1742 963 1819 clariconm,
973 1758 1041 1803 aum
1050 1743 1085 1803 in
1094 1739 1228 1804 Ecclesia

100 1868 132 1927 si
148 1864 247 1944 pau
262 1865 377 1924 minan
391 1864 575 1942 impositum,
598 1859 646 1921 uel
662 1859 763 1920 ciuilis
779 1876 885 1920 caussa
902 1859 996 1938 suasit
1010 1862 1155 1920 commota
1163 1879 1179 1937 ;
1197 1865 1227 1921 et

101 1983 132 2043 is
146 1981 253 2042 relicto
271 1977 467 2039 ecclesiastico
477 1975 608 2058 judicio,
630 1974 761 2055 publicis
774 1973 903 2055 judiciis
922 1978 1053 2054 purpaci
1075 1974 1227 2052 uoluecit;

102 2098 288 2176 atwmsipro
298 2094 353 2156 illa
364 2091 758 2173 fuecitprolatasantcntia,
774 2090 871 2152 locum
880 2108 967 2153 suum
978 2093 1114 2168 amittat,
1126 2095 1156 2153 et
1171 2089 1225 2152 los

103 2216 138 2276 in
157 2211 314 2275 criminali
327 2209 457 2292 judicio.
475 2210 515 2272 In
536 2208 621 2271 ciuili
639 2225 719 2286 osca,
733 2208 846 2288 perdat
865 2208 944 2288 quod
958 2211 1048 2270 misit
1056 2211 1111 2287 ;si
1129 2208 1225 2272 mmo

104 2346 192 2391 suum
210 2328 343 2390 oblinam
357 2326 498 2388 uoluerit.
517 2325 575 2388 Cui
584 2328 665 2388 anim
677 2326 720 2388 acl
731 2325 883 2406 clipeatos
890 2325 1009 2405 judices
1022 2325 1154 2406 undique
1166 2327 1224 2388 Ec·

103 2444 201 2508 elisia
207 2449 296 2526 potat
305 2446 481 2522 amtocitas,
496 2446 560 2524 ipse
571 2460 603 2505 se
613 2442 773 2523 lullonum
784 2443 920 2521 [tutuno
932 2445 1080 2506 consortio
1085 2443 1220 2524 judicat,

103 2565 156 2643 qui
166 2562 207 2624 la
220 2565 363 2624 minemo
374 2561 508 2624 Ecclesia
518 2561 597 2623 nsale
614 2561 778 2638 sentiendo,
794 2561 832 2623 ala
842 2561 961 2642 judicio
974 2559 1113 2622 summm
1123 2564 1223 2640 poscit

102 2678 257 2742 amilium
265 2695 276 2738 .·
285 2694 353 2739 aum
358 2679 550 2758 primatuum
561 2675 793 2740 consummana
806 2695 926 2739 comsas
937 2676 1096 2758 Apostolus
1108 2676 1150 2739 ad
1164 2678 1222 2739 Ec·

102 2795 224 2859 austum
249 2795 374 2876 lasani,
401 2799 490 2875 atqua
520 2795 564 2858 ili
583 2794 781 2859 illuminari
796 2799 969 2878 prucipiat.
990 2792 1088 2880 (Loco
1105 2794 1216 2875 citato,

100 2907 260 2996 omer.)
1300 2900 1304 2907 “

143 3024 332 3094 Occurrunt
346 3031 381 3092 et
395 3025 500 3112 quinti
511 3024 620 3091 saeouli
627 3030 846 3103 monuments,
858 3041 929 3110 quae
944 3023 1054 3091 lorum
1066 3025 1217 3092 Ecclesiae

102 3141 340 3210 contentiosum
357 3146 392 3207 st
411 3139 615 3227 judiciariam
633 3147 830 3227 potestatem
848 3149 973 3226 aperte,
993 3142 1076 3208 siout
1093 3160 1216 3227 proeoe-

100 3259 224 3339 domiin
245 3266 420 3326 testantur.
441 3259 480 3324 Iu
497 3259 633 3325 concilio
650 3259 811 3344 Ephesius
827 3259 903 3325 unni
922 3260 1000 3339 43¹,
1020 3261 1151 3327 nomine
1163 3278 1216 3348 sy·

101 3375 179 3446 nodi
194 3375 302 3442 tribus
322 3373 447 3442 visibus
469 3375 587 3455 uitulus
607 3374 671 3442 fuit
690 3374 734 3442 ud
758 3375 1011 3460 comparendum
1034 3377 1213 3445 Nestorius.

101 3493 346 3562 lleresinrchom
363 3499 475 3560 nutem
495 3500 693 3559 monuerunt
708 3492 821 3577 Legati
837 3492 1012 3572 Ponunoii,
1029 3493 1074 3560 ud
1085 3493 1218 3562 dumnu-

100 3609 195 3678 tiouis
212 3609 407 3677 sententiam
423 3627 649 3694 processuram
664 3608 837 3694 synodum,
855 3616 918 3676 nisi
938 3607 1050 3698 (aiunt)
1064 3632 1165 3677 coram
1180 3616 1218 3679 la

95 3728 246 3807 ‚omibus
264 3745 330 3808 qua
344 3732 455 3810 scripto
469 3733 574 3791 contra
587 3733 617 3790 ta
630 3728 729 3791 allata
742 3729 868 3808 fucum,
885 3732 949 3791 siva
963 3733 1042 3792 citra
1056 3735 1212 3812 sumptum,

101 3848 370 3927 lecapurpauocis.
389 3842 471 3926 Quia
488 3862 580 3922 uero,
597 3842 696 3935 etium
717 3851 793 3927 post
813 3844 945 3911 tertiam
959 3844 1146 3911 citationem
1158 3864 1216 3912 ve-

101 3960 168 4027 nire
181 3959 358 4038 recusavit,
370 3959 579 4043 pronuntiatu
592 3958 756 4026 damnatio
770 3968 831 4027 est.
845 3960 1001 4028 Enmdem
1014 3960 1152 4028 forensis
1162 3959 1218 4047 ju·

102 4072 175 4144 iiiii
190 4077 329 4145 formam
347 4083 460 4144 secuto
477 4084 528 4144 est
545 4084 659 4144 contra
677 4077 859 4163 Eutychen
873 4075 1019 4164 synodus
1035 4078 1216 4148 Constanti-

102 4195 303 4278 nopolitano,
334 4214 353 4260 s
376 4194 407 4259 S.
431 4194 582 4261 Flaviano
605 4193 805 4280 eosdunstn3
825 4201 861 4261 et
885 4202 1000 4262 contro
1023 4196 1215 4266 Dioscorum

103 4309 338 4380 &odornense
367 4312 600 4379 oecumenicum
627 4311 808 4379 consilium.
853 4312 901 4379 Ne
936 4319 1047 4382 nutem
1078 4312 1216 4381 aitrudis

103 4425 258 4515 ejusmodi
270 4427 364 4497 isatis
372 4429 447 4516 plus
459 4448 553 4518 aquo
562 4428 784 4509 immoremur,
793 4429 865 4500 loco
880 4447 995 4501 sorum
1008 4428 1216 4519 subjiciemus
