2716 4988
582 336 661 386 rsus
682 338 796 386 ratus.
1206 325 1247 388 75

88 469 225 534 ratur
234 457 459 530 cmlesiustioa
473 470 508 529 et
521 462 563 529 ad
577 462 687 530 lorum
701 463 959 531 ecclesiasticum
970 465 1149 548 petinere.
1159 465 1251 531 liam·

84 581 205 648 dem
218 588 332 648 anum
345 581 503 646 numium
519 599 659 661 cauum,
669 600 712 648 ex
725 581 869 666 generali
882 578 1034 646 Ecclesia
1048 580 1250 666 legislatione

80 700 203 766 foro
221 697 444 766 ecclesiastico
456 695 641 779 'adsenseri
660 700 822 784 probatur
836 700 934 765 etium
944 699 1129 783 plenissime
1140 715 1183 764 ex
1198 716 1250 765 on·

76 818 197 902 pite
215 820 312 881 Later
330 819 361 895 5,
377 816 464 882 tituli
483 821 543 897 Qui
555 822 618 880 sint
633 819 761 898 lepitimi
778 813 1198 900 tr‚libri4dccretaliu1n;
1215 821 1252 903 et

74 953 165 999 ex
187 933 302 1016 capite
316 937 445 998 Causam
460 934 493 1010 4,
509 931 655 1018 ejusdem
673 932 771 998 tituli.

170 1052 376 1116 Probibemns
400 1069 512 1132 proque
535 1053 705 1114 districtius
722 1053 932 1133 potestatibus,
955 1053 1085 1114 dominis
1107 1056 1253 1133 tempora»

68 1172 212 1234 libus
231 1174 263 1231 et
278 1170 451 1248 rectoribus,
474 1171 698 1249 eorumdemque
712 1168 889 1248 officialibus
904 1182 996 1248 supra
1013 1169 1116 1246 dictis,
1134 1185 1172 1230 ne
1191 1171 1252 1248 ipsi

65 1289 163 1351 dc
180 1288 241 1349 noc
256 1291 381 1349 crimine
395 1282 452 1371 (l),
469 1279 540 1348 ¹eccm
558 1305 636 1349 mere
656 1291 697 1348 sit
714 1287 954 1364 ecclesiasticum,
973 1285 1256 1366 quoquornodoeoq-

65 1407 261 1465 meant
276 1401 324 1464 aei
330 1402 481 1481 jactitent,
498 1405 562 1462 sice
584 1406 687 1482 captos
701 1419 760 1481 pro
782 1400 883 1463 codun
896 1403 1023 1462 crimirce
1035 1400 1145 1480 absque
1159 1399 1255 1462 dicto·

66 1538 201 1584 rum
221 1521 438 1600 Episcoporum
455 1521 518 1580 sice
535 1522 747 1599 inquisitorum
756 1566 767 1598 ,
788 1524 843 1580 ont
864 1518 1115 1580 sollemnitates
1138 1532 1256 1578 aaran

67 1639 200 1701 dem
219 1638 345 1699 licentia
363 1635 411 1696 uei
421 1637 576 1714 mundata
599 1653 745 1698 ncorcerc
760 1636 897 1714 liberent,
913 1641 968 1698 oui
981 1638 1185 1697 executionem
1196 1632 1257 1695 sibi

62 1774 186 1836 pro
202 1755 378 1836 bujccsmedi
395 1759 551 1817 crirnineo
565 1755 727 1816 diocesano
745 1755 793 1815 eci
808 1753 1035 1833 inquisitoribus
1057 1768 1109 1813 seu
1129 1751 1258 1831 inquiat*

82 1877 199 1936 tore
213 1876 395 1954 injunctam,
413 1878 552 1954 prompte
569 1869 671 1956 (prout
690 1872 733 1933 ad
747 1888 834 1933 suum
856 1875 969 1951 spectat
989 1863 1131 1951 officium)
1160 1869 1259 1947 facem

84 2010 185 2054 seu
198 1990 370 2072 adimplere
380 1991 544 2052 detrectent
558 2007 568 2050 :
584 1989 632 2050 oei
645 1989 724 2050 alios
739 1991 969 2051 dioecesanorum
983 1993 1037 2049 oui
1047 1990 1259 2066 inquisitorum

58 2110 300 2188 judicium,
319 2111 497 2170 sententiam
511 2124 563 2168 seu
572 2124 753 2186 processum,
770 2107 881 2168 directe
896 2107 943 2166 oct
957 2105 1103 2167 indirecte
1114 2103 1261 2184 impedire

89 2230 338 2306 muniant.
355 2226 470 2304 Siquis
485 2241 554 2285 uero
563 2225 602 2285 dc
609 2225 767 2304 predictis
775 2223 987 2304 potestatibus,
1003 2223 1133 2284 dominis
1149 2226 1260 2301 tenpo-

106 2343 270 2421 raiibus,
293 2342 467 2420 rectoribus,
486 2341 534 2402 vei
546 2358 649 2403 corum
662 2339 842 2420 officialibus
862 2356 913 2402 scu
925 2339 1048 2401 ballivis
1060 2343 1166 2400 contm
1178 2336 1262 2418 pru·

111 2461 381 2540 dictatorern...
397 2461 711 2521 excommunicationis
726 2477 757 2519 sc
775 2461 892 2520 noveii
906 2471 1044 2518 mucrone
1059 2470 1260 2537 pertusum:

118 2595 234 2660 quom
261 2579 360 2657 siper
378 2592 492 2637 annum
511 2579 614 2637 auimo
635 2578 813 2637 sustinuerit
831 2577 994 2654 pertinaci,
1020 2589 1059 2634 ecc
1087 2578 1157 2634 tuuc
1177 2571 1262 2637 reiut

129 2694 300 2756 hereticus
313 2694 535 2755 condemnetur.
555 2691 606 2756 Ita
620 2689 806 2754 Bonifatius
816 2688 891 2755 VIII
906 2681 1024 2775 (capite
1044 2690 1264 2768 etruscern-

130 2815 191 2874 nr's
203 2813 237 2887 8,
256 2808 345 2874 tituli
358 2811 396 2872 de
411 2811 570 2871 llarcticis
587 2809 620 2885 2,
636 2806 713 2872 libri
729 2807 760 2882 5,
778 2805 812 2869 In
827 2802 873 2888 6).
893 2805 978 2888 Ergo
992 2822 1054 2888 per
1074 2801 1260 2880 decretum,

138 2924 185 2991 ad
192 2924 412 2991 universalem
424 2923 574 2991 Ecclesia
582 2922 816 3007 legislationem
826 2930 861 2987 et
870 2919 1071 3005 discipliuam
1081 2920 1262 3004 pertinens,

141 3041 293 3108 Ecclesia
310 3046 465 3125 usqum
477 3058 517 3105 ex
529 3038 603 3124 jure
620 3039 754 3124 proprio
773 3036 815 3103 ad
830 3056 864 3103 se
876 3037 1079 3121 pertinentes
1093 3035 1156 3100 sihi
1171 3036 1265 3101 auri-

75 3133 104 3152 *
144 3159 218 3223 buit
233 3174 346 3223 causas
360 3154 449 3221 fidei.

190 3276 241 3340 lix
257 3274 363 3338 dinus
377 3271 609 3350 decretoIIbus,
630 3273 707 3338 satis
721 3277 814 3356 patet
832 3269 1022 3348 Ecclesiam,
1038 3268 1185 3354 generali
1206 3286 1265 3335 sua

146 3391 252 3477 prasi,
264 3388 442 3474 disciplina,
456 3396 492 3455 et
501 3389 713 3473 legislatione,
721 3387 787 3454 sibi
795 3394 832 3454 ut
842 3378 996 3472 proprios
1005 3386 1162 3452 trihuIsse
1176 3385 1267 3471 spiri·

146 3507 253 3576 tuales
269 3524 383 3573 cauus
400 3526 407 3573 ε
421 3524 463 3572 ex
476 3505 637 3591 priucipio
653 3511 765 3572 autem
778 3505 983 3590 insuperiori
998 3505 1104 3590 capite
1121 3504 1265 3582 firmato,

148 3644 328 3694 erroneum
341 3632 398 3690 aut
411 3624 569 3710 injustum
582 3643 653 3690 esse
665 3607 779 3709 nequit
795 3623 883 3709 quod
901 3642 941 3691 eo
955 3622 1053 3690 modo
1069 3623 1132 3689 sibi
1144 3597 1268 3708 adjudi-

150 3754 202 3812 cat
224 3745 388 3827 Ecclesia3
415 3760 495 3828 ergo
513 3742 700 3828 spirituales
724 3761 828 3809 causae
846 3762 963 3810 revera
979 3740 1022 3808 ad
1040 3742 1149 3807 iorum
1166 3739 1270 3806 eccle·

150 3863 315 3929 ansteum
330 3861 510 3945 pertinent.

195 3979 360 4046 Probatur
376 3980 513 4056 sennua,
535 3997 577 4043 ex
595 3979 700 4045 altero
721 3998 740 4045 e
762 3986 904 4064 metuar
926 3975 1095 4062 principiis
1121 3975 1154 4038 in
1177 3980 1272 4060 supe*

154 4098 232 4164 nori
246 4097 353 4182 capite
368 4095 552 4180 premissis.
573 4095 624 4161 Ibi
634 4113 753 4181 nempe
768 4095 978 4180 probavaus
996 4111 1052 4158 eas
1068 4092 1272 4159 causostem

159 4214 374 4281 ecclesiastico
391 4212 614 4279 adcensendas
628 4231 710 4292 esse,
730 4231 809 4299 quas
826 4210 869 4278 nd
887 4212 997 4279 iorum
1007 4208 1091 4277 illud
1106 4191 1273 4295 pertinere

190 4465 225 4530 a)
241 4440 330 4530 maa
341 4462 480 4516 casnm
488 4465 615 4527 ananan
630 4462 717 4528 nam
728 4464 805 4515 arna
817 4468 855 4512 m
866 4462 890 4512 n
901 4463 1006 4514 unae
1017 4461 1136 4512 masan.
1266 4521 1269 4524 Α
