2714 4980
100 274 119 336 8
437 286 624 336 ruacrnrus
640 289 691 336 nn
713 290 859 338 suemus.

95 409 252 498 loquendi
260 411 476 478 communiter
486 420 631 496 recepto,
649 410 807 498 judicium
821 416 934 483 stricto
948 435 1046 483 sensu
1057 426 1204 486 vocatur.

96 521 187 605 sitin
198 530 382 614 exemplum
394 528 570 613 praefectus
583 531 731 611 militum,
746 533 800 598 vel
811 534 985 617 provinciae
994 535 1205 619 gubernator,

96 647 152 733 qui
172 647 227 712 vel
248 646 367 725 militis,
387 646 441 712 vel
459 647 592 712 alterius
606 648 823 728 malefactoris
840 647 998 717 delictum
1016 650 1204 731 advertens,

97 763 243 830 debitam
253 764 287 828 in
299 782 374 829 eum
385 783 514 849 poenam
526 763 674 831 decernit
688 787 695 832 :
708 766 744 834 id
757 766 887 853 quidem
896 766 1029 852 justitia
1045 776 1148 847 actus,
1160 768 1210 854 ju·

97 879 217 945 dicium
243 898 325 944 vero
357 881 486 946 minime
519 881 700 948 vocabitur.
728 881 778 948 Ad
807 881 966 968 judicium
995 901 1073 968 ergo
1096 885 1209 951 stricte

94 1004 258 1080 sumptum
273 997 452 1081 requiritur
467 998 580 1084 aliquis
594 1019 613 1064 a
625 996 735 1083 judice
752 998 924 1065 distinctus
943 1009 1052 1066 octor:
1069 1019 1133 1086 quo
1151 1019 1210 1066 no·

95 1115 181 1180 mine
200 1115 310 1181 vocari
327 1114 410 1180 solet
422 1115 477 1182 ille
495 1117 552 1201 qui
569 1116 691 1202 aliquid
703 1116 903 1202 Judicialiter
916 1119 1121 1203 pronuntiari
1134 1137 1211 1202 pos·

95 1232 189 1298 tulat.
208 1233 247 1298 In
263 1229 482 1297 criminalibus
501 1238 612 1299 autem
631 1234 739 1298 causis
749 1242 910 1300 omosator
929 1234 1123 1318 appellatur.
1141 1235 1210 1300 Nec

95 1347 267 1434 objiciatur
290 1369 355 1416 non
377 1367 507 1432 semper
527 1350 652 1434 requiri
673 1356 828 1429 actorem,
847 1369 921 1421 cum
938 1351 972 1415 in
991 1349 1210 1421 criminalibus

94 1463 229 1531 sufficiat
253 1455 364 1532 delicti
380 1465 466 1532 fama
488 1472 523 1532 et
544 1466 733 1544 notorietas‚
752 1473 791 1533 ut
809 1467 909 1551 possit
922 1465 1025 1551 judex
1041 1486 1083 1532 ex
1104 1464 1209 1533 officio

93 1581 258 1668 inquirere
279 1589 314 1647 et
327 1584 361 1646 in
374 1580 601 1669 delinquentes
615 1580 895 1650 animadvertere:
911 1582 972 1649 hoc
987 1590 1097 1648 autem
1111 1581 1210 1649 modo

92 1698 237 1782 prolatas
251 1699 425 1764 sententias
441 1699 528 1764 inter
543 1700 674 1783 proprie
693 1699 779 1766 dicta
792 1698 912 1785 judicia
926 1699 967 1765 ab
982 1699 1131 1766 omnibus
1145 1718 1212 1765 me·

93 1816 156 1881 rito
170 1815 344 1881 recenseri.
358 1817 439 1882 Nam
460 1816 656 1881 etiamtunc
678 1835 756 1881 vere
769 1815 947 1881 intervenit
971 1815 1085 1899 aliquis
1105 1821 1207 1891 actor,

94 1930 285 1998 conditionis
298 1932 383 1998 ‘licet
406 1933 562 2017 specialis,
587 1939 621 1997 et
642 1933 708 2018 qui,
728 1930 771 1998 ad
796 1931 1034 1998 distinctionem
1058 1932 1206 2011 aliorum,

94 2043 285 2137 quartuor
295 2048 494 2135 dicipotest3
505 2051 596 2115 itaut
608 2048 778 2134 inobJecto
789 2068 865 2114 casu
877 2047 992 2113 falsum
1005 2049 1045 2113 sit
1057 2045 1211 2114 eumdem

93 2173 313 2234 accusatorem
324 2165 508 2250 etjudicem
520 2183 627 2250 agere.
640 2164 746 2249 Quod,
761 2184 821 2250 pro
829 2165 879 2232 rei
888 2165 1059 2248 gravitate,
1072 2163 1212 2249 aliquan-

93 2283 163 2349 tula
187 2282 383 2360 evolutione,
406 2289 504 2348 antea
520 2300 617 2368 quam
631 2281 674 2349 ad
692 2282 754 2348 alia
771 2289 984 2359 transeamus,
1005 2280 1114 2347 statim
1135 2298 1211 2364 pro·

95 2399 240 2467 bandum
255 2405 317 2463 est.

141 2520 172 2582 5.
201 2517 335 2583 Certum
362 2534 479 2601 nempe
503 2523 552 2582 est
573 2516 607 2580 in
636 2514 851 2582 criminalibus
878 2512 1014 2598 procedi
1035 2531 1128 2598 posse
1142 2512 1213 2580 abs

97 2653 161 2721 que
187 2635 248 2701 alio
271 2639 381 2700 actore
403 2650 500 2719 quam
520 2632 606 2697 fama
633 2632 719 2697 circa
739 2631 897 2698 delictum
922 2649 1047 2715 sparsa,
1074 2649 1137 2717 qua
1160 2628 1213 2715 ju·

96 2748 162 2818 dex
177 2750 219 2817 ad
236 2750 402 2836 justitiam,
420 2750 560 2815 veritate
572 2754 749 2832 comperta,
770 2748 987 2815 exercendam
1000 2748 1209 2814 stimuletur:

95 2869 131 2935 id
143 2870 229 2937 enim
244 2888 285 2934 ex
300 2866 374 2953 jure
390 2867 532 2933 naturali
547 2867 642 2932 simul
655 2873 689 2932 et
703 2867 841 2951 positivo
854 2866 1071 2934 demonstrari
1087 2870 1209 2949 potest.

97 2985 145 3051 Ex
161 2984 301 3052 naturali
314 2980 447 3069 quidem
465 3003 472 3048 :
490 3000 566 3047 nam
581 2980 635 3067 jus
657 2983 805 3070 naturale
824 2982 860 3050 id
880 2986 1007 3047 tantum
1022 2980 1160 3065 requirit
1174 2986 1214 3046 ut

97 3101 268 3170 malefacta
284 3098 370 3186 justt
390 3098 587 3183 puniantur:
600 3106 637 3164 ut
654 3105 765 3164 autem
783 3096 871 3182 justa
887 3116 986 3182 poena
1008 3097 1214 3182 pronuntiari

98 3221 217 3296 valeat,
236 3215 383 3282 absolute
403 3233 468 3280 non
484 3214 663 3299 requiritur
677 3213 791 3298 aliquis
806 3232 826 3278 a
842 3212 952 3298 judice
971 3213 1142 3279 distinctus
1156 3215 1215 3296 qui

97 3346 253 3421 tanquam
264 3340 431 3398 accusator
447 3351 505 3397 seu
516 3339 608 3396 actor
622 3329 796 3397 vindictam
807 3338 917 3416 petat;
935 3330 994 3397 sed
1005 3330 1215 3413 benepotest

95 3451 200 3540 judex
214 3451 296 3534 ipse,
313 3457 392 3514 noto
404 3447 446 3514 de
462 3447 597 3532 patratis
609 3445 738 3514 delictis
748 3455 891 3526 rumore,
904 3466 960 3514 eos
971 3449 1026 3533 qui
1039 3446 1213 3531 deliquisse

99 3568 255 3634 dicuntur
268 3565 310 3632 ad
322 3564 469 3632 tribunal
485 3582 620 3644 vocare,v
637 3565 812 3631 veritatem
825 3565 1005 3651 inquirere,
1021 3572 1056 3631 et
1069 3584 1107 3631 ea
1121 3570 1214 3630 certo

100 3695 278 3771 comperta,
299 3685 494 3750 sententiam
510 3685 674 3767 proferre.
690 3682 800 3750 Sedet
813 3681 902 3749 idem
922 3689 1047 3748 constat
1075 3702 1116 3748 ox
1138 3681 1214 3767 jure

100 3804 318 3872 ecclesiastico
342 3823 349 3868 :
371 3801 417 3867 sic
441 3802 527 3868 enim
551 3799 700 3868 decrevit
726 3799 932 3867 Innocentius
954 3800 1058 3866 111111
1079 3798 1214 3864 concilio

101 3922 245 4008 generali
269 3922 479 3988 Laternnensi
502 3921 577 3986 anni
605 3919 688 3986 1216
711 3941 718 3986 ε
739 3915 815 3985 Non
837 3915 938 3984 solum
962 3937 1033 3984 cum
1055 3912 1212 3995 subditus,

101 4035 318 4107 verumetiam
332 4057 402 4104 cum
417 4032 574 4103 Prolatus
588 4032 720 4117 excedit,
740 4031 769 4101 si
788 4054 845 4124 par
865 4031 1030 4101 clamorem
1048 4044 1076 4099 ct
1090 4031 1216 4122 famam

101 4154 145 4224 od
155 4176 247 4225 aures
257 4151 430 4245 superioris
436 4151 667 4246 pcmcocrit...‚
679 4150 765 4220 debet
773 4171 878 4219 coram
889 4147 1032 4218 uoluta
1039 4146 1216 4220 senioribus

102 4271 263 4342 acritatem
276 4269 463 4363 diligentius
473 4267 682 4362 perscrutari,
700 4281 736 4338 ut
751 4266 791 4355 (si
805 4266 852 4337 rei
867 4265 1043 4358 poposcerit
1064 4264 1213 4357 quattus)

34 4400 37 4406 '
102 4388 252 4463 cononica
277 4386 436 4460 districtio
461 4387 586 4480 colpam
607 4384 708 4479 feriat
732 4381 959 4476 delinquebam
977 4404 1041 4454 uon
1064 4394 1214 4475 tuaquom
