2714 4980
557 321 638 370 rsas
660 324 818 373 sacuam.
1179 313 1245 379 349

126 448 222 525 stico,
241 464 338 532 quam
355 445 521 512 secularis
534 447 708 529 potestatis
727 447 857 532 legibus
874 457 909 515 ot
929 448 1070 519 decretis
1089 451 1247 519 determi-

120 561 302 628 -nabantur
328 561 406 643 Qua
431 566 565 636 statuta,
588 581 628 629 an
656 562 756 629 ullam
778 582 818 628 ax
840 565 1056 633 ecclesiastica
1077 568 1247 651 potestatis

125 696 261 744 assemu
285 677 520 761 legitimitatem
542 678 713 754 traxerint,
736 698 811 747 cum
836 678 878 745 de
900 699 938 746 re
963 689 1091 749 mamus
1114 701 1245 766 agamus

127 793 175 880 (ct
198 791 281 859 faxit
302 794 393 859 Deus
410 800 449 858 ut
471 811 539 857 non
560 793 732 861 reviviscat
752 793 921 885 unquam),
947 796 1137 880 expendere
1161 817 1244 882 prae·

125 906 350 973 termittimus.
375 905 417 972 Id
439 904 610 972 dumtaxat
632 905 869 986 adnotabimus,
896 926 962 976 non
989 930 1105 995 parum
1133 913 1243 980 forsan

123 1024 273 1103 officialis
286 1029 321 1088 et
333 1023 531 1102 officialitatis
544 1021 740 1088 vocabulum
757 1024 790 1088 in
806 1043 900 1090 causa
915 1024 1026 1104 luisse,
1044 1046 1104 1092 cur
1118 1034 1169 1092 tot
1185 1027 1242 1092 ab·

121 1157 214 1216 sona,
224 1139 342 1204 nostris
357 1139 454 1202 etiam
468 1137 679 1222 temporibus,
696 1137 738 1204 de
754 1138 854 1205 hocce
874 1138 978 1206 officio
994 1143 1147 1207 somniate
1162 1143 1236 1207 sint.

120 1254 258 1338 Refugit
274 1272 334 1338 per
356 1273 391 1319 se
410 1258 524 1318 Vicerat·
544 1272 661 1319 nomen
684 1274 703 1318 a
723 1255 936 1338 supponenda
955 1259 1183 1341 perpetuitatis
1197 1241 1239 1322 ¹in

120 1370 227 1438 officio
246 1371 450 1449 necessitate,
467 1377 502 1436 et
519 1372 699 1454 prasertim
719 1380 842 1455 pugnat
856 1391 932 1438 cum
948 1373 1130 1458 hypothesi,
1150 1376 1239 1461 quod

119 1490 213 1556 uices
228 1507 327 1572 agens
338 1488 487 1573 Episcopi
502 1487 623 1554 habere
639 1488 760 1554 debeat
772 1489 918 1554 tribunal
935 1490 975 1556 ab
991 1492 1061 1575 ipso
1078 1492 1238 1576 Episcopo

117 1602 357 1688 independens.
376 1605 409 1670 Si
423 1623 513 1688 ergo,
531 1605 615 1669 ment
629 1605 663 1669 in
674 1604 870 1688 aliispassim
886 1607 1082 1689 regionibus,
1097 1608 1144 1673 ita
1158 1617 1193 1675 ct
1206 1609 1239 1673 in

119 1721 237 1799 Gallia,
252 1719 401 1787 officialis
415 1721 581 1787 communi
593 1722 722 1787 nomine
733 1725 847 1785 Vicorii
860 1727 1010 1803 generalis
1025 1727 1166 1806 Episcopi
1180 1724 1239 1791 de.-

118 1836 266 1919 signatus
278 1833 402 1917 fuisset,
411 1842 449 1906 et
464 1832 536 1918 ejus
548 1833 691 1901 tribunal
701 1832 833 1900 locusve
846 1833 952 1912 officii,
966 1854 1031 1900 non
1049 1834 1237 1914 officialitas,

112 1951 177 2018 sed
189 1957 356 2015 vicariatus
369 1957 505 2017 vocatus
518 1950 643 2028 fuisset,
661 1969 726 2015 nou
740 1949 825 2016 forte
841 1951 990 2033 proxime
1010 1951 1127 2035 elapsis
1147 1953 1238 2017 anub

110 2067 304 2143 monnicam
324 2085 396 2132 rem
414 2066 651 2131 existimassent
669 2065 819 2130 nonnulli
837 2065 1077 2144 officialitatem,
1100 2067 1236 2151 collegio

111 2181 263 2268 judicum
282 2202 322 2255 ex
345 2181 439 2248 officii
458 2182 680 2265 perpetuitate
702 2181 960 2248 inamovibilium
977 2183 1159 2255 conflatam,
1178 2190 1237 2247 aut

112 2299 165 2365 his
178 2299 293 2365 similia
306 2297 532 2366 deliramenta.
551 2299 622 2366 Non
635 2305 745 2365 tamen
758 2299 866 2381 ipsum
880 2300 1027 2380 officialis
1041 2299 1238 2367 vocabulum
1293 2370 1303 2383 ,

112 2415 289 2500 rejicimus,
307 2435 383 2482 oum
396 2423 432 2482 et
453 2415 507 2500 jus
523 2435 693 2482 commune
713 2420 749 2482 et
766 2416 863 2481 curiae
888 2415 1040 2482 Romanae
1066 2417 1171 2501 stylus
1188 2417 1237 2504 (ut

113 2532 206 2599 inira
222 2531 426 2617 ostendetur)
444 2553 515 2600 acm
530 2552 646 2599 vocem
660 2538 816 2618 tanquam
830 2533 949 2599 Vicarii
964 2533 1125 2617 generalis
1144 2553 1238 2619 syno

114 2672 251 2740 aymam
261 2651 457 2736 receperint.
472 2649 615 2715 Dicimus
629 2655 767 2728 tantum,
780 2667 822 2713 ex
835 2668 872 2714 ea
884 2647 1051 2715 erroribus
1060 2667 1170 2714 ausam
1184 2650 1238 2723 ali

115 2767 451 2856 quatenuspreber13
467 2766 513 2830 ita
530 2772 568 2830 ut
586 2763 682 2831 hodie
700 2765 735 2829 in
750 2765 853 2835 Gallia
868 2765 959 2831 illam
977 2763 1019 2830 de
1039 2763 1149 2832 medio
1165 2766 1236 2832 tolli

115 2885 202 2951 utile
217 2883 328 2952 forsan
343 2882 450 2949 videri
464 2883 575 2966 possit.
593 2882 697 2964 Quam
713 2883 852 2947 nominis
870 2882 1082 2948 mutationem
1097 2901 1116 2946 a
1131 2881 1235 2966 quoli-

114 3003 178 3069 bet
193 3003 229 3067 in
242 3020 300 3068 sua
314 2999 447 3067 diocesi
460 3001 619 3084 Episcopo
633 2998 768 3067 decerni
780 3018 885 3082 posse,
904 2996 1041 3064 dubium
1055 3018 1120 3064 non
1138 3007 1199 3065 est.

503 3311 505 3316 '
553 3238 711 3371 'CAPUT
732 3305 774 3369 ll.

203 3554 248 3602 DE
270 3555 375 3602 RECTA
396 3553 539 3602 montotto
560 3554 754 3603 ulceremus
776 3555 959 3604 obmanens
982 3556 1144 3615 EPISCOPI,

503 3673 563 3719 SEU
586 3672 852 3720 conclamaris.

160 3938 304 4002 Interest
318 3933 548 4020 quamplurimi
563 3933 708 4017 apprime
727 3932 930 4017 perspexisse
950 3930 1030 4016 quid
1050 3935 1233 4015 praeisset

113 4051 333 4121 determinate
346 4053 387 4117 sit
405 4050 524 4117 Vicarii
536 4050 696 4132 generalis
713 4050 862 4133 Episcopi
875 4047 1033 4132 officium3
1048 4068 1107 4114 seu
1120 4050 1154 4113 in
1168 4067 1233 4134 quo

113 4177 182 4238 siet
196 4168 332 4254 hujusce
348 4167 443 4233 officii
457 4167 606 4233 essentia.
623 4168 649 4233 E
663 4166 795 4232 confusa
810 4166 895 4232 enim
909 4152 1060 4232 minusve
1069 4173 1158 4233 recta
1173 4165 1233 4234 hac

115 4287 159 4354 de
173 4308 212 4354 re
227 4287 369 4364 notione,
388 4285 490 4350 facilis
507 4291 557 4350 est
575 4283 686 4367 lapsus
704 4284 738 4347 in
755 4301 885 4348 errores
904 4282 1126 4366 gravissimos3
1147 4285 1234 4368 peri·

116 4404 475 4502 columqucauascitur
493 4422 535 4468 ue
557 4401 654 4479 curiae
679 4400 879 4484 episcopales
901 4400 1122 4469 antiocnenica
1135 4399 1233 4471 ,ordi-
