<?xml version="1.0" encoding="UTF-8"?>
<!DOCTYPE html PUBLIC "-//W3C//DTD XHTML 1.0 Transitional//EN"
    "http://www.w3.org/TR/xhtml1/DTD/xhtml1-transitional.dtd">
<html xmlns="http://www.w3.org/1999/xhtml" xml:lang="en" lang="en">
 <head>
  <title>
</title>
<meta http-equiv="Content-Type" content="text/html;charset=utf-8" />
  <meta name='ocr-system' content='tesseract 3.04.00' />
  <meta name='ocr-capabilities' content='ocr_page ocr_carea ocr_par ocr_line ocrx_word'/>
</head>
<body>
  <div class='ocr_page' id='page_1' title='image "./tractatusdejudi00bouigoog_0437.png"; bbox 0 0 2714 4980; ppageno 0'>
   <div class='ocr_carea' id='block_1_1' title="bbox 116 303 894 367">
    <p class='ocr_par' dir='ltr' id='par_1_1' title="bbox 116 303 894 367">
     <span class='ocr_line' id='line_1_1' title="bbox 116 303 894 367; baseline -0.004 -1"><span class='ocrx_word' id='word_1_1' title='bbox 116 303 178 366; x_wconf 77' lang='lat'>424</span> <span class='ocrx_word' id='word_1_2' title='bbox 468 316 656 367; x_wconf 80' lang='lat' dir='ltr'>rnncrnrus</span> <span class='ocrx_word' id='word_1_3' title='bbox 677 320 722 367; x_wconf 84' lang='lat' dir='ltr'>nn</span> <span class='ocrx_word' id='word_1_4' title='bbox 745 310 894 365; x_wconf 82' lang='lat' dir='ltr'>tunicas.</span> 
     </span>
    </p>
   </div>
   <div class='ocr_carea' id='block_1_2' title="bbox 113 441 1258 4461">
    <p class='ocr_par' dir='ltr' id='par_1_2' title="bbox 113 441 1223 1571">
     <span class='ocr_line' id='line_1_2' title="bbox 116 441 1218 527; baseline 0 -19"><span class='ocrx_word' id='word_1_5' title='bbox 116 445 237 510; x_wconf 86' lang='lat' dir='ltr'>minata</span> <span class='ocrx_word' id='word_1_6' title='bbox 261 451 430 509; x_wconf 89' lang='lat' dir='ltr'>remaneat</span> <span class='ocrx_word' id='word_1_7' title='bbox 456 443 575 508; x_wconf 81' lang='lat' dir='ltr'>Vicarii</span> <span class='ocrx_word' id='word_1_8' title='bbox 591 444 750 527; x_wconf 83' lang='lat' dir='ltr'>generalis</span> <span class='ocrx_word' id='word_1_9' title='bbox 763 448 910 526; x_wconf 86' lang='lat' dir='ltr'>potestas</span> <span class='ocrx_word' id='word_1_10' title='bbox 933 461 998 526; x_wconf 89' lang='lat' dir='ltr'>per</span> <span class='ocrx_word' id='word_1_11' title='bbox 1018 441 1218 508; x_wconf 80' lang='lat' dir='ltr'><strong>exclusionem</strong></span> 
     </span>
     <span class='ocr_line' id='line_1_3' title="bbox 114 549 1221 644; baseline -0.001 -19"><span class='ocrx_word' id='word_1_12' title='bbox 114 549 243 639; x_wconf 81' lang='lat' dir='ltr'>eorum,</span> <span class='ocrx_word' id='word_1_13' title='bbox 265 579 337 644; x_wconf 82' lang='lat' dir='ltr'>quae</span> <span class='ocrx_word' id='word_1_14' title='bbox 350 560 422 642; x_wconf 88' lang='lat' dir='ltr'>ipsi,</span> <span class='ocrx_word' id='word_1_15' title='bbox 440 559 474 626; x_wconf 90' lang='lat' dir='ltr'>vi</span> <span class='ocrx_word' id='word_1_16' title='bbox 486 560 714 626; x_wconf 84' lang='lat' dir='ltr'>commissionis</span> <span class='ocrx_word' id='word_1_17' title='bbox 727 558 912 636; x_wconf 78' lang='lat' dir='ltr'>vicariatus,</span> <span class='ocrx_word' id='word_1_18' title='bbox 934 577 1001 624; x_wconf 93' lang='lat' dir='ltr'>non</span> <span class='ocrx_word' id='word_1_19' title='bbox 1017 558 1167 624; x_wconf 87' lang='lat' dir='ltr'>subsunt.</span> <span class='ocrx_word' id='word_1_20' title='bbox 1180 560 1221 624; x_wconf 92' lang='lat' dir='ltr'>In·</span> 
     </span>
     <span class='ocr_line' id='line_1_4' title="bbox 113 670 1221 766; baseline -0.002 -25"><span class='ocrx_word' id='word_1_21' title='bbox 113 670 231 742; x_wconf 79' lang='lat' dir='ltr'>&#39;dicatis</span> <span class='ocrx_word' id='word_1_22' title='bbox 245 676 330 766; x_wconf 88' lang='lat' dir='ltr'>enim</span> <span class='ocrx_word' id='word_1_23' title='bbox 339 675 377 739; x_wconf 89' lang='lat' dir='ltr'>iis</span> <span class='ocrx_word' id='word_1_24' title='bbox 391 695 461 760; x_wconf 87' lang='lat' dir='ltr'>quae</span> <span class='ocrx_word' id='word_1_25' title='bbox 471 673 524 761; x_wconf 90' lang='lat' dir='ltr'>jus</span> <span class='ocrx_word' id='word_1_26' title='bbox 535 675 648 753; x_wconf 91' lang='lat' dir='ltr'>voluit,</span> <span class='ocrx_word' id='word_1_27' title='bbox 664 676 718 740; x_wconf 90' lang='lat' dir='ltr'>vel</span> <span class='ocrx_word' id='word_1_28' title='bbox 728 675 819 740; x_wconf 92' lang='lat' dir='ltr'>nullo</span> <span class='ocrx_word' id='word_1_29' title='bbox 830 672 940 753; x_wconf 91' lang='lat' dir='ltr'>modo,</span> <span class='ocrx_word' id='word_1_30' title='bbox 957 674 1012 740; x_wconf 93' lang='lat' dir='ltr'>vel</span> <span class='ocrx_word' id='word_1_31' title='bbox 1023 675 1150 740; x_wconf 91' lang='lat' dir='ltr'>nonnisi</span> <span class='ocrx_word' id='word_1_32' title='bbox 1162 695 1221 740; x_wconf 91' lang='lat' dir='ltr'>cun</span> 
     </span>
     <span class='ocr_line' id='line_1_5' title="bbox 115 789 1223 876; baseline -0.002 -18"><span class='ocrx_word' id='word_1_33' title='bbox 115 792 245 876; x_wconf 89' lang='lat' dir='ltr'>&#39;speciali</span> <span class='ocrx_word' id='word_1_34' title='bbox 259 791 410 874; x_wconf 85' lang='lat' dir='ltr'>Episcopi</span> <span class='ocrx_word' id='word_1_35' title='bbox 421 789 574 856; x_wconf 90' lang='lat' dir='ltr'>mandato</span> <span class='ocrx_word' id='word_1_36' title='bbox 590 808 713 874; x_wconf 91' lang='lat' dir='ltr'>possea</span> <span class='ocrx_word' id='word_1_37' title='bbox 727 791 854 856; x_wconf 80' lang='lat' dir='ltr'>Vicario</span> <span class='ocrx_word' id='word_1_38' title='bbox 869 791 1018 874; x_wconf 84' lang='lat' dir='ltr'>generali</span> <span class='ocrx_word' id='word_1_39' title='bbox 1036 791 1172 875; x_wconf 85' lang='lat' dir='ltr'>expleri,</span> <span class='ocrx_word' id='word_1_40' title='bbox 1187 811 1223 857; x_wconf 81' lang='lat' dir='ltr'>rc</span> 
     </span>
     <span class='ocr_line' id='line_1_6' title="bbox 113 901 1223 990; baseline -0.001 -18"><span class='ocrx_word' id='word_1_41' title='bbox 113 901 226 972; x_wconf 78' lang='lat' dir='ltr'>&#39;rnanet</span> <span class='ocrx_word' id='word_1_42' title='bbox 236 907 269 971; x_wconf 89' lang='lat' dir='ltr'>in</span> <span class='ocrx_word' id='word_1_43' title='bbox 280 906 405 972; x_wconf 81' lang='lat' dir='ltr'>caeteris</span> <span class='ocrx_word' id='word_1_44' title='bbox 415 905 643 989; x_wconf 90' lang='lat' dir='ltr'>applicandum</span> <span class='ocrx_word' id='word_1_45' title='bbox 660 907 855 990; x_wconf 89' lang='lat' dir='ltr'>principium</span> <span class='ocrx_word' id='word_1_46' title='bbox 882 906 1050 989; x_wconf 85' lang='lat' dir='ltr'>generale,</span> <span class='ocrx_word' id='word_1_47' title='bbox 1069 925 1162 989; x_wconf 91' lang='lat' dir='ltr'>posse</span> <span class='ocrx_word' id='word_1_48' title='bbox 1182 907 1223 971; x_wconf 80' lang='lat' dir='ltr'>ll·</span> 
     </span>
     <span class='ocr_line' id='line_1_7' title="bbox 116 1005 1221 1107; baseline -0.002 -19"><span class='ocrx_word' id='word_1_49' title='bbox 116 1005 239 1088; x_wconf 86' lang='lat' dir='ltr'>carium</span> <span class='ocrx_word' id='word_1_50' title='bbox 251 1023 399 1106; x_wconf 84' lang='lat' dir='ltr'>Episcopi</span> <span class='ocrx_word' id='word_1_51' title='bbox 409 1023 499 1107; x_wconf 91' lang='lat' dir='ltr'>quod</span> <span class='ocrx_word' id='word_1_52' title='bbox 510 1030 619 1106; x_wconf 89' lang='lat' dir='ltr'>potest</span> <span class='ocrx_word' id='word_1_53' title='bbox 630 1022 815 1106; x_wconf 84' lang='lat' dir='ltr'>Episcopus.</span> <span class='ocrx_word' id='word_1_54' title='bbox 825 1021 1042 1088; x_wconf 88' lang='lat' dir='ltr'>Nihilominus</span> <span class='ocrx_word' id='word_1_55' title='bbox 1051 1022 1111 1088; x_wconf 91' lang='lat' dir='ltr'>abs</span> <span class='ocrx_word' id='word_1_56' title='bbox 1122 1042 1160 1088; x_wconf 88' lang='lat' dir='ltr'>re</span> <span class='ocrx_word' id='word_1_57' title='bbox 1172 1042 1221 1088; x_wconf 91' lang='lat' dir='ltr'>non</span> 
     </span>
     <span class='ocr_line' id='line_1_8' title="bbox 116 1136 1222 1223; baseline -0.002 -19"><span class='ocrx_word' id='word_1_58' title='bbox 116 1138 180 1204; x_wconf 88' lang='lat' dir='ltr'>crit</span> <span class='ocrx_word' id='word_1_59' title='bbox 195 1136 319 1202; x_wconf 90' lang='lat' dir='ltr'>dictum</span> <span class='ocrx_word' id='word_1_60' title='bbox 331 1138 483 1221; x_wconf 82' lang='lat' dir='ltr'>generale</span> <span class='ocrx_word' id='word_1_61' title='bbox 499 1138 694 1221; x_wconf 90' lang='lat' dir='ltr'>principium</span> <span class='ocrx_word' id='word_1_62' title='bbox 708 1136 860 1220; x_wconf 80' lang='lat' dir='ltr'>inspecte</span> <span class='ocrx_word' id='word_1_63' title='bbox 874 1138 1045 1220; x_wconf 86' lang='lat' dir='ltr'>applicare</span> <span class='ocrx_word' id='word_1_64' title='bbox 1064 1137 1222 1223; x_wconf 83' lang='lat' dir='ltr'>praecipnis</span> 
     </span>
     <span class='ocr_line' id='line_1_9' title="bbox 116 1252 1222 1341; baseline -0.002 -21"><span class='ocrx_word' id='word_1_65' title='bbox 116 1255 230 1321; x_wconf 87' lang='lat' dir='ltr'>saltem</span> <span class='ocrx_word' id='word_1_66' title='bbox 256 1253 450 1341; x_wconf 89' lang='lat' dir='ltr'>quibusdam</span> <span class='ocrx_word' id='word_1_67' title='bbox 463 1255 616 1332; x_wconf 88' lang='lat' dir='ltr'>meteriis,</span> <span class='ocrx_word' id='word_1_68' title='bbox 635 1254 673 1318; x_wconf 91' lang='lat' dir='ltr'>iis</span> <span class='ocrx_word' id='word_1_69' title='bbox 691 1255 872 1337; x_wconf 80' lang='lat' dir='ltr'>praesertim</span> <span class='ocrx_word' id='word_1_70' title='bbox 897 1252 1079 1339; x_wconf 84' lang='lat' dir='ltr'>dequibus</span> <span class='ocrx_word' id='word_1_71' title='bbox 1104 1252 1222 1320; x_wconf 91' lang='lat' dir='ltr'>dubium</span> 
     </span>
     <span class='ocr_line' id='line_1_10' title="bbox 116 1368 1223 1455; baseline -0.001 -18"><span class='ocrx_word' id='word_1_72' title='bbox 116 1389 187 1437; x_wconf 87' lang='lat' dir='ltr'>esse</span> <span class='ocrx_word' id='word_1_73' title='bbox 202 1378 321 1454; x_wconf 89' lang='lat' dir='ltr'>potest,</span> <span class='ocrx_word' id='word_1_74' title='bbox 336 1390 414 1436; x_wconf 94' lang='lat' dir='ltr'>num</span> <span class='ocrx_word' id='word_1_75' title='bbox 433 1390 475 1436; x_wconf 87' lang='lat' dir='ltr'>ex</span> <span class='ocrx_word' id='word_1_76' title='bbox 483 1369 692 1455; x_wconf 90' lang='lat' dir='ltr'>dispositione</span> <span class='ocrx_word' id='word_1_77' title='bbox 704 1368 785 1455; x_wconf 87' lang='lat' dir='ltr'>juris</span> <span class='ocrx_word' id='word_1_78' title='bbox 801 1369 1008 1453; x_wconf 86' lang='lat' dir='ltr'>excipiantur</span> <span class='ocrx_word' id='word_1_79' title='bbox 1022 1390 1042 1435; x_wconf 92' lang='lat' dir='ltr'>a</span> <span class='ocrx_word' id='word_1_80' title='bbox 1061 1370 1223 1454; x_wconf 82' lang='lat' dir='ltr'>Vicariige</span> 
     </span>
     <span class='ocr_line' id='line_1_11' title="bbox 115 1486 420 1571; baseline 0 -21"><span class='ocrx_word' id='word_1_81' title='bbox 115 1486 233 1552; x_wconf 90' lang='lat' dir='ltr'>neralis</span> <span class='ocrx_word' id='word_1_82' title='bbox 246 1492 420 1571; x_wconf 87' lang='lat' dir='ltr'>potestate.</span> 
     </span>
    </p>

    <p class='ocr_par' dir='ltr' id='par_1_3' title="bbox 114 1603 1225 2613">
     <span class='ocr_line' id='line_1_12' title="bbox 160 1603 1223 1688; baseline -0.001 -20"><span class='ocrx_word' id='word_1_83' title='bbox 160 1603 311 1683; x_wconf 77' lang='lat' dir='ltr'>Qnmsrro</span> <span class='ocrx_word' id='word_1_84' title='bbox 328 1603 499 1668; x_wconf 85' lang='lat' dir='ltr'>l¹.—Nam</span> <span class='ocrx_word' id='word_1_85' title='bbox 508 1608 645 1668; x_wconf 82' lang='lat' dir='ltr'>Viearias</span> <span class='ocrx_word' id='word_1_86' title='bbox 650 1605 800 1684; x_wconf 73' lang='lat' dir='ltr'>petieratis</span> <span class='ocrx_word' id='word_1_87' title='bbox 807 1606 949 1685; x_wconf 85' lang='lat' dir='ltr'>Episcopi</span> <span class='ocrx_word' id='word_1_88' title='bbox 963 1607 1102 1668; x_wconf 85' lang='lat' dir='ltr'>eamdem</span> <span class='ocrx_word' id='word_1_89' title='bbox 1111 1611 1223 1688; x_wconf 79' lang='lat' dir='ltr'>potatio</span> 
     </span>
     <span class='ocr_line' id='line_1_13' title="bbox 116 1720 1224 1802; baseline 0.001 -18"><span class='ocrx_word' id='word_1_90' title='bbox 116 1727 175 1784; x_wconf 84' lang='lat' dir='ltr'>tem</span> <span class='ocrx_word' id='word_1_91' title='bbox 189 1720 296 1782; x_wconf 77' lang='lat' dir='ltr'>tabeat</span> <span class='ocrx_word' id='word_1_92' title='bbox 308 1739 375 1782; x_wconf 75' lang='lat' dir='ltr'>mam</span> <span class='ocrx_word' id='word_1_93' title='bbox 398 1723 529 1802; x_wconf 85' lang='lat' dir='ltr'>capitata</span> <span class='ocrx_word' id='word_1_94' title='bbox 541 1722 590 1782; x_wconf 88' lang='lat' dir='ltr'>ael</span> <span class='ocrx_word' id='word_1_95' title='bbox 602 1723 766 1802; x_wconf 78' lang='lat' dir='ltr'>capitulari</span> <span class='ocrx_word' id='word_1_96' title='bbox 785 1723 914 1798; x_wconf 85' lang='lat' dir='ltr'>Vicario,</span> <span class='ocrx_word' id='word_1_97' title='bbox 937 1722 1017 1784; x_wconf 86' lang='lat' dir='ltr'>Sede</span> <span class='ocrx_word' id='word_1_98' title='bbox 1031 1725 1177 1785; x_wconf 81' lang='lat' dir='ltr'>vacuate?</span> <span class='ocrx_word' id='word_1_99' title='bbox 1192 1756 1224 1768; x_wconf 93' lang='lat'>-</span> 
     </span>
     <span class='ocr_line' id='line_1_14' title="bbox 115 1834 1224 1921; baseline -0.001 -20"><span class='ocrx_word' id='word_1_100' title='bbox 115 1834 392 1919; x_wconf 80' lang='lat' dir='ltr'>&#39;Respondendum</span> <span class='ocrx_word' id='word_1_101' title='bbox 414 1837 577 1919; x_wconf 81' lang='lat' dir='ltr'>negative.</span> <span class='ocrx_word' id='word_1_102' title='bbox 603 1836 684 1900; x_wconf 87' lang='lat' dir='ltr'>Nam</span> <span class='ocrx_word' id='word_1_103' title='bbox 696 1835 799 1900; x_wconf 90' lang='lat' dir='ltr'>multa</span> <span class='ocrx_word' id='word_1_104' title='bbox 814 1835 908 1900; x_wconf 74' lang='lat' dir='ltr'>eriis</span> <span class='ocrx_word' id='word_1_105' title='bbox 920 1853 993 1919; x_wconf 85' lang='lat' dir='ltr'>qnae</span> <span class='ocrx_word' id='word_1_106' title='bbox 1008 1837 1130 1921; x_wconf 87' lang='lat' dir='ltr'>nequit</span> <span class='ocrx_word' id='word_1_107' title='bbox 1151 1837 1224 1901; x_wconf 80' lang='lat' dir='ltr'>Vica-</span> 
     </span>
     <span class='ocr_line' id='line_1_15' title="bbox 116 1950 1224 2036; baseline 0.001 -21"><span class='ocrx_word' id='word_1_108' title='bbox 116 1950 184 2032; x_wconf 84' lang='lat' dir='ltr'>¹rius</span> <span class='ocrx_word' id='word_1_109' title='bbox 191 1950 341 2034; x_wconf 90' lang='lat' dir='ltr'>Episcopi</span> <span class='ocrx_word' id='word_1_110' title='bbox 348 1951 481 2034; x_wconf 79' lang='lat' dir='ltr'>explere</span> <span class='ocrx_word' id='word_1_111' title='bbox 492 1950 613 2035; x_wconf 89' lang='lat' dir='ltr'>absque</span> <span class='ocrx_word' id='word_1_112' title='bbox 621 1950 753 2035; x_wconf 87' lang='lat' dir='ltr'>speciali</span> <span class='ocrx_word' id='word_1_113' title='bbox 765 1950 916 2033; x_wconf 92' lang='lat' dir='ltr'>Episcopi</span> <span class='ocrx_word' id='word_1_114' title='bbox 923 1950 1095 2030; x_wconf 88' lang='lat' dir='ltr'>mandato,</span> <span class='ocrx_word' id='word_1_115' title='bbox 1107 1952 1224 2036; x_wconf 85' lang='lat' dir='ltr'>explere</span> 
     </span>
     <span class='ocr_line' id='line_1_16' title="bbox 116 2065 1224 2150; baseline 0.001 -21"><span class='ocrx_word' id='word_1_116' title='bbox 116 2072 226 2149; x_wconf 86' lang='lat' dir='ltr'>potest</span> <span class='ocrx_word' id='word_1_117' title='bbox 244 2066 421 2150; x_wconf 90' lang='lat' dir='ltr'>capitulum</span> <span class='ocrx_word' id='word_1_118' title='bbox 434 2073 509 2130; x_wconf 89' lang='lat' dir='ltr'>ante</span> <span class='ocrx_word' id='word_1_119' title='bbox 524 2065 771 2149; x_wconf 88' lang='lat' dir='ltr'>deputationem</span> <span class='ocrx_word' id='word_1_120' title='bbox 782 2065 901 2130; x_wconf 84' lang='lat' dir='ltr'>Vicarii</span> <span class='ocrx_word' id='word_1_121' title='bbox 911 2067 1114 2150; x_wconf 87' lang='lat' dir='ltr'>capitularis,</span> <span class='ocrx_word' id='word_1_122' title='bbox 1129 2067 1224 2149; x_wconf 88' lang='lat' dir='ltr'>etipse</span> 
     </span>
     <span class='ocr_line' id='line_1_17' title="bbox 116 2178 1223 2265; baseline -0.001 -20"><span class='ocrx_word' id='word_1_123' title='bbox 116 2181 263 2246; x_wconf 76' lang='lat' dir='ltr'>vicarius</span> <span class='ocrx_word' id='word_1_124' title='bbox 278 2180 464 2263; x_wconf 88' lang='lat' dir='ltr'>capitularis</span> <span class='ocrx_word' id='word_1_125' title='bbox 484 2181 591 2246; x_wconf 90' lang='lat' dir='ltr'>statim</span> <span class='ocrx_word' id='word_1_126' title='bbox 607 2199 644 2252; x_wconf 86' lang='lat' dir='ltr'>ac</span> <span class='ocrx_word' id='word_1_127' title='bbox 663 2179 842 2264; x_wconf 89' lang='lat' dir='ltr'>deputatus</span> <span class='ocrx_word' id='word_1_128' title='bbox 857 2179 921 2244; x_wconf 85' lang='lat' dir='ltr'>fuit</span> <span class='ocrx_word' id='word_1_129' title='bbox 937 2199 957 2245; x_wconf 93' lang='lat' dir='ltr'>a</span> <span class='ocrx_word' id='word_1_130' title='bbox 974 2182 1136 2265; x_wconf 86' lang='lat' dir='ltr'>capitulo.</span> <span class='ocrx_word' id='word_1_131' title='bbox 1156 2178 1223 2247; x_wconf 77' lang='lat' dir='ltr'>vide</span> 
     </span>
     <span class='ocr_line' id='line_1_18' title="bbox 114 2292 1225 2381; baseline 0.002 -20"><span class='ocrx_word' id='word_1_132' title='bbox 114 2292 149 2360; x_wconf 80' lang='lat' dir='ltr'>&#39;in</span> <span class='ocrx_word' id='word_1_133' title='bbox 163 2314 238 2362; x_wconf 90' lang='lat' dir='ltr'>meo</span> <span class='ocrx_word' id='word_1_134' title='bbox 248 2302 392 2362; x_wconf 91' lang='lat' dir='ltr'>tractatu</span> <span class='ocrx_word' id='word_1_135' title='bbox 410 2300 622 2378; x_wconf 74' lang='lat' dir='ltr'>decapitatis,</span> <span class='ocrx_word' id='word_1_136' title='bbox 643 2295 894 2362; x_wconf 84' lang='lat' dir='ltr'>determinatam</span> <span class='ocrx_word' id='word_1_137' title='bbox 908 2297 1032 2363; x_wconf 83' lang='lat' dir='ltr'>Vicarii</span> <span class='ocrx_word' id='word_1_138' title='bbox 1056 2297 1225 2381; x_wconf 82' lang='lat' dir='ltr'>capitvdarit</span> 
     </span>
     <span class='ocr_line' id='line_1_19' title="bbox 115 2408 1223 2499; baseline 0.002 -23"><span class='ocrx_word' id='word_1_139' title='bbox 115 2408 326 2498; x_wconf 89' lang='lat' dir='ltr'>potestatem.</span> <span class='ocrx_word' id='word_1_140' title='bbox 345 2411 430 2479; x_wconf 77' lang='lat' dir='ltr'>vnde</span> <span class='ocrx_word' id='word_1_141' title='bbox 444 2413 542 2478; x_wconf 89' lang='lat' dir='ltr'>etiam</span> <span class='ocrx_word' id='word_1_142' title='bbox 556 2412 751 2479; x_wconf 83' lang='lat' dir='ltr'>Leurenium</span> <span class='ocrx_word' id='word_1_143' title='bbox 767 2412 815 2499; x_wconf 83' lang='lat' dir='ltr'>(de</span> <span class='ocrx_word' id='word_1_144' title='bbox 831 2418 962 2477; x_wconf 79' lang='lat' dir='ltr'>vicariis</span> <span class='ocrx_word' id='word_1_145' title='bbox 976 2417 1099 2496; x_wconf 67' lang='lat' dir='ltr'>Epire„</span> <span class='ocrx_word' id='word_1_146' title='bbox 1117 2433 1184 2498; x_wconf 88' lang='lat' dir='ltr'>cap.</span> <span class='ocrx_word' id='word_1_147' title='bbox 1198 2415 1223 2487; x_wconf 86' lang='grc'>3,</span> 
     </span>
     <span class='ocr_line' id='line_1_20' title="bbox 118 2524 238 2613; baseline -0.025 -19"><span class='ocrx_word' id='word_1_148' title='bbox 118 2546 151 2613; x_wconf 85' lang='lat' dir='ltr'>q.</span> <span class='ocrx_word' id='word_1_149' title='bbox 170 2524 238 2612; x_wconf 85' lang='lat'>97).</span> 
     </span>
    </p>

    <p class='ocr_par' dir='ltr' id='par_1_4' title="bbox 114 2620 1258 4461">
     <span class='ocr_line' id='line_1_21' title="bbox 172 2620 1224 2727; baseline -0.003 -18"><span class='ocrx_word' id='word_1_150' title='bbox 172 2644 324 2724; x_wconf 70' lang='lat' dir='ltr'>Qomsmo</span> <span class='ocrx_word' id='word_1_151' title='bbox 335 2645 379 2707; x_wconf 80' lang='lat'>2¹.</span> <span class='ocrx_word' id='word_1_152' title='bbox 397 2647 501 2707; x_wconf 82' lang='lat' dir='ltr'>-Aa</span> <span class='ocrx_word' id='word_1_153' title='bbox 511 2648 629 2707; x_wconf 82' lang='lat' dir='ltr'>Vieario</span> <span class='ocrx_word' id='word_1_154' title='bbox 645 2648 780 2725; x_wconf 78' lang='lat' dir='ltr'>peperoli</span> <span class='ocrx_word' id='word_1_155' title='bbox 797 2620 997 2727; x_wconf 70' lang='lat' dir='ltr'>competetet</span> <span class='ocrx_word' id='word_1_156' title='bbox 1012 2648 1073 2717; x_wconf 78' lang='lat' dir='ltr'>siti</span> <span class='ocrx_word' id='word_1_157' title='bbox 1086 2649 1224 2723; x_wconf 83' lang='lat' dir='ltr'>credatur,</span> 
     </span>
     <span class='ocr_line' id='line_1_22' title="bbox 117 2759 1258 2852; baseline 0 -29"><span class='ocrx_word' id='word_1_158' title='bbox 117 2762 190 2824; x_wconf 84' lang='lat' dir='ltr'>dam</span> <span class='ocrx_word' id='word_1_159' title='bbox 204 2759 343 2841; x_wconf 77' lang='lat' dir='ltr'>affirmat</span> <span class='ocrx_word' id='word_1_160' title='bbox 354 2781 385 2822; x_wconf 87' lang='lat' dir='ltr'>se</span> <span class='ocrx_word' id='word_1_161' title='bbox 397 2763 490 2840; x_wconf 81' lang='lat' dir='ltr'>faisse</span> <span class='ocrx_word' id='word_1_162' title='bbox 501 2763 677 2842; x_wconf 81' lang='lat' dir='ltr'>deputatam</span> <span class='ocrx_word' id='word_1_163' title='bbox 692 2765 725 2824; x_wconf 86' lang='lat' dir='ltr'>ia</span> <span class='ocrx_word' id='word_1_164' title='bbox 741 2765 895 2852; x_wconf 68' lang='lat' dir='ltr'>vicariam</span> <span class='ocrx_word' id='word_1_165' title='bbox 907 2765 1092 2842; x_wconf 75' lang='lat' dir='ltr'>pecoralem,</span> <span class='ocrx_word' id='word_1_166' title='bbox 1104 2765 1153 2826; x_wconf 86' lang='lat' dir='ltr'>oei</span> <span class='ocrx_word' id='word_1_167' title='bbox 1164 2779 1229 2824; x_wconf 80' lang='lat' dir='ltr'>saec</span> <span class='ocrx_word' id='word_1_168' title='bbox 1254 2803 1258 2813; x_wconf 86' lang='lat'>·</span> 
     </span>
     <span class='ocr_line' id='line_1_23' title="bbox 118 2876 1230 2958; baseline -0.001 -19"><span class='ocrx_word' id='word_1_169' title='bbox 118 2877 174 2939; x_wconf 77' lang='lat' dir='ltr'>aaa</span> <span class='ocrx_word' id='word_1_170' title='bbox 204 2881 340 2958; x_wconf 74' lang='lat' dir='ltr'>peierati</span> <span class='ocrx_word' id='word_1_171' title='bbox 363 2878 555 2957; x_wconf 77' lang='lat' dir='ltr'>deputatione</span> <span class='ocrx_word' id='word_1_172' title='bbox 573 2878 817 2958; x_wconf 77' lang='lat' dir='ltr'>jurisdictionem</span> <span class='ocrx_word' id='word_1_173' title='bbox 837 2876 944 2939; x_wconf 81' lang='lat' dir='ltr'>tatere</span> <span class='ocrx_word' id='word_1_174' title='bbox 968 2882 1003 2940; x_wconf 87' lang='lat' dir='ltr'>ia</span> <span class='ocrx_word' id='word_1_175' title='bbox 1030 2879 1126 2940; x_wconf 88' lang='lat' dir='ltr'>talem</span> <span class='ocrx_word' id='word_1_176' title='bbox 1150 2882 1230 2939; x_wconf 80' lang='lat' dir='ltr'>mate</span> 
     </span>
     <span class='ocr_line' id='line_1_24' title="bbox 118 2983 1231 3072; baseline -0.001 -19"><span class='ocrx_word' id='word_1_177' title='bbox 118 2983 208 3070; x_wconf 73' lang='lat' dir='ltr'>aiam,</span> <span class='ocrx_word' id='word_1_178' title='bbox 229 2993 277 3054; x_wconf 86' lang='lat' dir='ltr'>ael</span> <span class='ocrx_word' id='word_1_179' title='bbox 288 3010 319 3053; x_wconf 87' lang='lat' dir='ltr'>se</span> <span class='ocrx_word' id='word_1_180' title='bbox 334 2991 471 3053; x_wconf 79' lang='lat' dir='ltr'>tabuisse</span> <span class='ocrx_word' id='word_1_181' title='bbox 485 2993 663 3053; x_wconf 74' lang='lat' dir='ltr'>mandatam</span> <span class='ocrx_word' id='word_1_182' title='bbox 681 2992 808 3072; x_wconf 84' lang='lat' dir='ltr'>speciale</span> <span class='ocrx_word' id='word_1_183' title='bbox 832 2992 869 3053; x_wconf 84' lang='lat' dir='ltr'>ab</span> <span class='ocrx_word' id='word_1_184' title='bbox 882 2993 1030 3072; x_wconf 81' lang='lat' dir='ltr'>Episcopo</span> <span class='ocrx_word' id='word_1_185' title='bbox 1042 3011 1054 3054; x_wconf 89' lang='lat'>.·</span> <span class='ocrx_word' id='word_1_186' title='bbox 1068 3011 1113 3054; x_wconf 88' lang='lat' dir='ltr'>aa</span> <span class='ocrx_word' id='word_1_187' title='bbox 1127 2990 1231 3054; x_wconf 82' lang='lat' dir='ltr'>veroid</span> 
     </span>
     <span class='ocr_line' id='line_1_25' title="bbox 114 3080 1232 3190; baseline -0.001 -22"><span class='ocrx_word' id='word_1_188' title='bbox 114 3108 244 3189; x_wconf 82' lang='lat' dir='ltr'>probare</span> <span class='ocrx_word' id='word_1_189' title='bbox 263 3109 423 3169; x_wconf 80' lang='lat' dir='ltr'>teneatur?</span> <span class='ocrx_word' id='word_1_190' title='bbox 444 3142 489 3153; x_wconf 94' lang='lat'><em>-</em></span> <span class='ocrx_word' id='word_1_191' title='bbox 503 3127 519 3166; x_wconf 81' lang='lat' dir='ltr'>a</span> <span class='ocrx_word' id='word_1_192' title='bbox 540 3104 735 3187; x_wconf 87' lang='lat' dir='ltr'>Rcspondeo</span> <span class='ocrx_word' id='word_1_193' title='bbox 769 3107 813 3183; x_wconf 84' lang='lat'>1⁰,</span> <span class='ocrx_word' id='word_1_194' title='bbox 835 3105 1029 3172; x_wconf 76' lang='lat' dir='ltr'>vicennium</span> <span class='ocrx_word' id='word_1_195' title='bbox 1045 3080 1232 3190; x_wconf 31' lang='lat' dir='ltr'>ipsum,&#39;sen</span> 
     </span>
     <span class='ocr_line' id='line_1_26' title="bbox 122 3220 1233 3307; baseline 0.001 -24"><span class='ocrx_word' id='word_1_196' title='bbox 122 3243 140 3283; x_wconf 82' lang='lat' dir='ltr'>a</span> <span class='ocrx_word' id='word_1_197' title='bbox 156 3221 260 3305; x_wconf 86' lang='lat' dir='ltr'>ipsam</span> <span class='ocrx_word' id='word_1_198' title='bbox 274 3221 519 3307; x_wconf 86' lang='lat' dir='ltr'>deputationem</span> <span class='ocrx_word' id='word_1_199' title='bbox 536 3222 570 3284; x_wconf 92' lang='lat' dir='ltr'>in</span> <span class='ocrx_word' id='word_1_200' title='bbox 581 3220 744 3286; x_wconf 75' lang='lat' dir='ltr'>vicarium</span> <span class='ocrx_word' id='word_1_201' title='bbox 758 3238 829 3286; x_wconf 88' lang='lat' dir='ltr'>esse</span> <span class='ocrx_word' id='word_1_202' title='bbox 840 3220 1057 3304; x_wconf 87' lang='lat' dir='ltr'>probandam,</span> <span class='ocrx_word' id='word_1_203' title='bbox 1071 3243 1115 3289; x_wconf 83' lang='lat' dir='ltr'>ex</span> <span class='ocrx_word' id='word_1_204' title='bbox 1134 3221 1233 3306; x_wconf 83' lang='lat' dir='ltr'>regula</span> 
     </span>
     <span class='ocr_line' id='line_1_27' title="bbox 123 3334 1234 3421; baseline 0.004 -24"><span class='ocrx_word' id='word_1_205' title='bbox 123 3359 140 3398; x_wconf 79' lang='lat' dir='ltr'>a</span> <span class='ocrx_word' id='word_1_206' title='bbox 157 3338 302 3421; x_wconf 80' lang='lat' dir='ltr'>generali</span> <span class='ocrx_word' id='word_1_207' title='bbox 320 3334 428 3421; x_wconf 90' lang='lat' dir='ltr'>:quod</span> <span class='ocrx_word' id='word_1_208' title='bbox 443 3337 572 3420; x_wconf 89' lang='lat' dir='ltr'>qualem</span> <span class='ocrx_word' id='word_1_209' title='bbox 587 3335 702 3419; x_wconf 85' lang='lat' dir='ltr'>quisse</span> <span class='ocrx_word' id='word_1_210' title='bbox 714 3335 803 3413; x_wconf 85' lang='lat' dir='ltr'>lacit,</span> <span class='ocrx_word' id='word_1_211' title='bbox 817 3337 918 3401; x_wconf 89' lang='lat' dir='ltr'>talem</span> <span class='ocrx_word' id='word_1_212' title='bbox 933 3335 1036 3402; x_wconf 88' lang='lat' dir='ltr'>debet</span> <span class='ocrx_word' id='word_1_213' title='bbox 1047 3357 1085 3404; x_wconf 88' lang='lat' dir='ltr'>sc</span> <span class='ocrx_word' id='word_1_214' title='bbox 1095 3336 1234 3404; x_wconf 89' lang='lat' dir='ltr'>ostende·</span> 
     </span>
     <span class='ocr_line' id='line_1_28' title="bbox 124 3449 1233 3536; baseline 0.004 -20"><span class='ocrx_word' id='word_1_215' title='bbox 124 3456 208 3518; x_wconf 76' lang='lat' dir='ltr'>are.</span> <span class='ocrx_word' id='word_1_216' title='bbox 224 3451 263 3517; x_wconf 90' lang='lat' dir='ltr'>Et</span> <span class='ocrx_word' id='word_1_217' title='bbox 278 3453 313 3517; x_wconf 95' lang='lat' dir='ltr'>in</span> <span class='ocrx_word' id='word_1_218' title='bbox 337 3453 399 3517; x_wconf 93' lang='lat' dir='ltr'>hoc</span> <span class='ocrx_word' id='word_1_219' title='bbox 414 3470 479 3516; x_wconf 92' lang='lat' dir='ltr'>non</span> <span class='ocrx_word' id='word_1_220' title='bbox 505 3449 652 3516; x_wconf 89' lang='lat' dir='ltr'>creditur</span> <span class='ocrx_word' id='word_1_221' title='bbox 670 3452 839 3516; x_wconf 87' lang='lat' dir='ltr'>assertioni</span> <span class='ocrx_word' id='word_1_222' title='bbox 866 3453 967 3535; x_wconf 89' lang='lat' dir='ltr'>ipsius</span> <span class='ocrx_word' id='word_1_223' title='bbox 993 3453 1129 3520; x_wconf 75' lang='lat' dir='ltr'>vicarii.</span> <span class='ocrx_word' id='word_1_224' title='bbox 1149 3450 1233 3536; x_wconf 85' lang='lat' dir='ltr'>Quod</span> 
     </span>
     <span class='ocr_line' id='line_1_29' title="bbox 124 3552 1235 3655; baseline 0.003 -25"><span class='ocrx_word' id='word_1_225' title='bbox 124 3592 141 3632; x_wconf 77' lang='lat' dir='ltr'>a</span> <span class='ocrx_word' id='word_1_226' title='bbox 155 3570 263 3654; x_wconf 83' lang='lat' dir='ltr'>ipsum·</span> <span class='ocrx_word' id='word_1_227' title='bbox 272 3569 492 3634; x_wconf 86' lang='lat' dir='ltr'>tamensolum</span> <span class='ocrx_word' id='word_1_228' title='bbox 508 3566 669 3650; x_wconf 86' lang='lat' dir='ltr'>procedit,</span> <span class='ocrx_word' id='word_1_229' title='bbox 681 3567 740 3632; x_wconf 91' lang='lat' dir='ltr'>ubi</span> <span class='ocrx_word' id='word_1_230' title='bbox 747 3567 918 3633; x_wconf 89' lang='lat' dir='ltr'>vicariatus</span> <span class='ocrx_word' id='word_1_231' title='bbox 931 3576 1087 3652; x_wconf 84' lang='lat' dir='ltr'>negatur.</span> <span class='ocrx_word' id='word_1_232' title='bbox 1100 3552 1235 3655; x_wconf 84' lang='lat' dir='ltr'>Respon-</span> 
     </span>
     <span class='ocr_line' id='line_1_30' title="bbox 125 3682 1235 3767; baseline 0.002 -19"><span class='ocrx_word' id='word_1_233' title='bbox 125 3709 141 3748; x_wconf 71' lang='grc' dir='ltr'>α</span> <span class='ocrx_word' id='word_1_234' title='bbox 162 3685 224 3751; x_wconf 89' lang='lat' dir='ltr'>deo</span> <span class='ocrx_word' id='word_1_235' title='bbox 239 3688 285 3750; x_wconf 77' lang='lat'>2⁰.</span> <span class='ocrx_word' id='word_1_236' title='bbox 300 3686 331 3750; x_wconf 88' lang='lat' dir='ltr'>Si</span> <span class='ocrx_word' id='word_1_237' title='bbox 341 3703 420 3750; x_wconf 86' lang='lat' dir='ltr'>vero</span> <span class='ocrx_word' id='word_1_238' title='bbox 435 3690 647 3767; x_wconf 82' lang='lat' dir='ltr'>nonnegetur</span> <span class='ocrx_word' id='word_1_239' title='bbox 659 3683 832 3748; x_wconf 88' lang='lat' dir='ltr'>vicariatus</span> <span class='ocrx_word' id='word_1_240' title='bbox 842 3702 900 3748; x_wconf 91' lang='lat' dir='ltr'>seu</span> <span class='ocrx_word' id='word_1_241' title='bbox 915 3682 1089 3767; x_wconf 82' lang='lat' dir='ltr'>deputatio</span> <span class='ocrx_word' id='word_1_242' title='bbox 1104 3687 1138 3750; x_wconf 91' lang='lat' dir='ltr'>in</span> <span class='ocrx_word' id='word_1_243' title='bbox 1154 3686 1235 3751; x_wconf 79' lang='lat' dir='ltr'>Vica-</span> 
     </span>
     <span class='ocr_line' id='line_1_31' title="bbox 125 3797 1234 3886; baseline -0.004 -20"><span class='ocrx_word' id='word_1_244' title='bbox 125 3826 141 3866; x_wconf 82' lang='lat' dir='ltr'>a</span> <span class='ocrx_word' id='word_1_245' title='bbox 157 3804 253 3881; x_wconf 91' lang='lat' dir='ltr'>rium,</span> <span class='ocrx_word' id='word_1_246' title='bbox 274 3800 407 3867; x_wconf 91' lang='lat' dir='ltr'>sedsola</span> <span class='ocrx_word' id='word_1_247' title='bbox 423 3806 566 3884; x_wconf 90' lang='lat' dir='ltr'>potestas</span> <span class='ocrx_word' id='word_1_248' title='bbox 580 3798 708 3876; x_wconf 82' lang='lat' dir='ltr'>Vicani,</span> <span class='ocrx_word' id='word_1_249' title='bbox 724 3797 994 3882; x_wconf 84' lang='lat' dir='ltr'>distinguendum</span> <span class='ocrx_word' id='word_1_250' title='bbox 1008 3809 1077 3886; x_wconf 82' lang='lat' dir='ltr'>est3</span> <span class='ocrx_word' id='word_1_251' title='bbox 1093 3803 1140 3867; x_wconf 92' lang='lat' dir='ltr'>ita</span> <span class='ocrx_word' id='word_1_252' title='bbox 1153 3808 1198 3879; x_wconf 92' lang='lat' dir='ltr'>nt,</span> <span class='ocrx_word' id='word_1_253' title='bbox 1213 3798 1234 3862; x_wconf 90' lang='lat' dir='ltr'>si</span> 
     </span>
     <span class='ocr_line' id='line_1_32' title="bbox 125 3913 1235 4003; baseline -0.001 -20"><span class='ocrx_word' id='word_1_254' title='bbox 125 3943 141 3983; x_wconf 82' lang='lat' dir='ltr'>o</span> <span class='ocrx_word' id='word_1_255' title='bbox 158 3927 297 4003; x_wconf 85' lang='lat' dir='ltr'>negetur</span> <span class='ocrx_word' id='word_1_256' title='bbox 310 3924 455 4001; x_wconf 88' lang='lat' dir='ltr'>potestas</span> <span class='ocrx_word' id='word_1_257' title='bbox 470 3923 504 3981; x_wconf 88' lang='lat' dir='ltr'>et</span> <span class='ocrx_word' id='word_1_258' title='bbox 515 3913 758 4000; x_wconf 83' lang='lat' dir='ltr'>facultasquam</span> <span class='ocrx_word' id='word_1_259' title='bbox 771 3914 870 3980; x_wconf 87' lang='lat' dir='ltr'>habet</span> <span class='ocrx_word' id='word_1_260' title='bbox 881 3916 1031 3982; x_wconf 80' lang='lat' dir='ltr'>vicarius</span> <span class='ocrx_word' id='word_1_261' title='bbox 1050 3938 1094 3983; x_wconf 84' lang='lat' dir='ltr'>ex</span> <span class='ocrx_word' id='word_1_262' title='bbox 1103 3914 1235 4002; x_wconf 82' lang='lat' dir='ltr'>generali</span> 
     </span>
     <span class='ocr_line' id='line_1_33' title="bbox 125 4018 1235 4116; baseline -0.004 -18"><span class='ocrx_word' id='word_1_263' title='bbox 125 4018 380 4100; x_wconf 77' lang='lat' dir='ltr'>«commissione</span> <span class='ocrx_word' id='word_1_264' title='bbox 394 4020 434 4098; x_wconf 64' lang='lat' dir='ltr'>‘et</span> <span class='ocrx_word' id='word_1_265' title='bbox 462 4024 687 4116; x_wconf 86' lang='lat' dir='ltr'>jurisdictione</span> <span class='ocrx_word' id='word_1_266' title='bbox 707 4028 881 4109; x_wconf 91' lang='lat' dir='ltr'>ordinaria,</span> <span class='ocrx_word' id='word_1_267' title='bbox 898 4030 967 4097; x_wconf 84' lang='lat' dir='ltr'>haec</span> <span class='ocrx_word' id='word_1_268' title='bbox 987 4033 1162 4116; x_wconf 88' lang='lat' dir='ltr'>probanda</span> <span class='ocrx_word' id='word_1_269' title='bbox 1178 4049 1235 4097; x_wconf 92' lang='lat' dir='ltr'>non</span> 
     </span>
     <span class='ocr_line' id='line_1_34' title="bbox 125 4144 1235 4236; baseline 0 -23"><span class='ocrx_word' id='word_1_270' title='bbox 125 4173 142 4214; x_wconf 82' lang='lat' dir='ltr'>a</span> <span class='ocrx_word' id='word_1_271' title='bbox 157 4152 209 4231; x_wconf 91' lang='lat' dir='ltr'>sit,</span> <span class='ocrx_word' id='word_1_272' title='bbox 236 4150 295 4217; x_wconf 91' lang='lat' dir='ltr'>sed</span> <span class='ocrx_word' id='word_1_273' title='bbox 309 4146 575 4236; x_wconf 79' lang='lat' dir='ltr'>praesumenda...</span> <span class='ocrx_word' id='word_1_274' title='bbox 605 4144 636 4210; x_wconf 90' lang='lat' dir='ltr'>Si</span> <span class='ocrx_word' id='word_1_275' title='bbox 659 4166 740 4212; x_wconf 90' lang='lat' dir='ltr'>vero</span> <span class='ocrx_word' id='word_1_276' title='bbox 758 4155 898 4230; x_wconf 79' lang='lat' dir='ltr'>negetur</span> <span class='ocrx_word' id='word_1_277' title='bbox 912 4149 946 4212; x_wconf 89' lang='lat' dir='ltr'>in</span> <span class='ocrx_word' id='word_1_278' title='bbox 960 4150 1091 4218; x_wconf 80' lang='lat' dir='ltr'>Vicario</span> <span class='ocrx_word' id='word_1_279' title='bbox 1110 4150 1235 4216; x_wconf 83' lang='lat' dir='ltr'>facultas</span> 
     </span>
     <span class='ocr_line' id='line_1_35' title="bbox 125 4260 1234 4351; baseline -0.002 -22"><span class='ocrx_word' id='word_1_280' title='bbox 125 4285 359 4351; x_wconf 77' lang='lat' dir='ltr'>«eorumquae</span> <span class='ocrx_word' id='word_1_281' title='bbox 383 4264 522 4349; x_wconf 88' lang='lat' dir='ltr'>speciale</span> <span class='ocrx_word' id='word_1_282' title='bbox 550 4260 740 4326; x_wconf 89' lang='lat' dir='ltr'>mandatum</span> <span class='ocrx_word' id='word_1_283' title='bbox 769 4263 953 4347; x_wconf 87' lang='lat' dir='ltr'>requirunt,</span> <span class='ocrx_word' id='word_1_284' title='bbox 982 4264 1234 4350; x_wconf 86' lang='lat' dir='ltr'>subdistinguen-</span> 
     </span>
     <span class='ocr_line' id='line_1_36' title="bbox 125 4376 1234 4461; baseline 0.002 -19"><span class='ocrx_word' id='word_1_285' title='bbox 125 4376 142 4442; x_wconf 61' lang='grc' dir='ltr'>ἐξ</span> <span class='ocrx_word' id='word_1_286' title='bbox 159 4378 323 4447; x_wconf 84' lang='lat' dir='ltr'>domest:</span> <span class='ocrx_word' id='word_1_287' title='bbox 340 4379 393 4446; x_wconf 91' lang='lat' dir='ltr'>vel</span> <span class='ocrx_word' id='word_1_288' title='bbox 405 4379 490 4444; x_wconf 90' lang='lat' dir='ltr'>enim</span> <span class='ocrx_word' id='word_1_289' title='bbox 507 4383 705 4460; x_wconf 73' lang='lat' dir='ltr'>negaturaut</span> <span class='ocrx_word' id='word_1_290' title='bbox 720 4377 899 4461; x_wconf 88' lang='lat' dir='ltr'>opponitur</span> <span class='ocrx_word' id='word_1_291' title='bbox 919 4388 1037 4447; x_wconf 86' lang='lat' dir='ltr'>contra</span> <span class='ocrx_word' id='word_1_292' title='bbox 1050 4380 1134 4448; x_wconf 86' lang='lat' dir='ltr'>hanc</span> <span class='ocrx_word' id='word_1_293' title='bbox 1147 4377 1234 4446; x_wconf 84' lang='lat' dir='ltr'>facul·</span> 
     </span>
    </p>
   </div>
   <div class='ocr_carea' id='block_1_3' title="bbox 0 0 1366 4980">
    <p class='ocr_par' dir='ltr' id='par_1_5' title="bbox 0 0 1366 4980">
     <span class='ocr_line' id='line_1_37' title="bbox 0 0 1366 4980; baseline 0 0"><span class='ocrx_word' id='word_1_294' title='bbox 0 0 1366 4980; x_wconf 95' lang='lat' dir='ltr'> </span> 
     </span>
    </p>
   </div>
  </div>
 </body>
</html>
