2714 4980
544 341 624 390 rsus
646 339 761 389 rmus.
1148 324 1210 389 117

95 470 318 551 rotumum
329 467 406 555 qnia
421 465 502 535 licet
516 466 629 534 omnes
642 481 746 534 cause
763 465 948 550 spirituales
964 465 1029 531 sint
1045 464 1142 532 simul
1155 484 1211 535 ec·

95 584 297 666 nlcsiasticc,
325 593 403 652 sunt
420 590 531 653 tamen
554 582 705 671 quedam
733 581 958 650 ecclesiastice
975 588 1011 649 et
1032 579 1075 650 sd
1099 580 1208 650 forum

95 701 241 769 Ecclesiae
271 703 496 788 pertinentes,
527 719 598 789 quaa
623 698 807 785 spirituales
832 718 899 767 non
928 702 1015 778 sunt,
1035 696 1095 767 scd
1123 704 1208 767 tem·

95 817 229 903 porales.

534 1104 668 1174 CAPUT
702 1106 758 1172 lx.

440 1369 485 1418 DE
506 1367 618 1418 CAUSIS
641 1366 736 1416 ΜῙΧΤΙ
762 1367 849 1416 sont.

123 1632 161 1711 'l‘
177 1674 192 1701 κ
212 1645 324 1712 Caussa
342 1653 436 1712 natata·
458 1650 521 1730 fort
539 1645 712 1726 dicuntur,
730 1664 802 1733 que
825 1646 860 1712 in
876 1654 1019 1733 utroque
1032 1647 1116 1729 foro,
1134 1654 1201 1716 tam

95 1790 100 1815 ι
114 1764 336 1830 ecclesiastico
350 1765 581 1851 scilicetquam
593 1765 690 1843 civili,
709 1764 845 1830 tractari
858 1772 1004 1849 possunt,
1016 1766 1061 1831 ita
1074 1772 1202 1852 utpra-

95 1880 261 1947 ‹ventioni
272 1880 364 1947 locus
378 1882 430 1947 sit.
447 1883 498 1947 Ita
511 1880 693 1948 desumitur
704 1901 745 1948 ex
762 1901 886 1950 canone
895 1886 977 1948 maa
990 1885 1127 1965 qaudam
1141 1887 1196 1965 23,

95 2012 143 2081 ·q.
165 1999 197 2075 5,
213 2003 250 2063 et
264 1998 400 2082 capital
425 2001 463 2063 ds
485 1999 571 2079 offic.
595 2001 762 2064 ordiner...
786 2000 916 2066 Dantur
940 1998 1062 2066 etenim
1083 2000 1197 2087 aliqum

95 2129 226 2193 rmusae,
246 2130 319 2198 quae
341 2115 420 2179 licet
434 2131 474 2178 ex
489 2132 524 2179 se
543 2121 578 2179 et
594 2133 635 2179 ex
649 2123 767 2181 natura
780 2134 838 2181 sua
858 2115 1028 2183 seculares
1047 2117 1123 2195 sint,
1150 2117 1198 2182 ni-

95 2225 286 2296 ihilominus
299 2237 436 2315 propter
451 2238 575 2297 certam
588 2229 775 2316 adjunctam
791 2232 980 2317 qualitatem
995 2233 1196 2317 spiritualem

95 2346 205 2412 ¹etiam
219 2347 399 2430 respiciunt
409 2346 518 2413 forum
529 2347 791 2427 ecclesiasticum,
802 2355 859 2443 aut
867 2367 886 2416 e
895 2356 1009 2416 contra
1021 2371 1028 2415 :
1040 2368 1079 2415 ac
1088 2348 1192 2434 proin,

95 2463 150 2528 <sic
171 2460 334 2528 suadente
354 2464 506 2548 aequitate
524 2464 691 2543 canonica,
713 2464 797 2548 lege,
815 2482 874 2530 seu
897 2463 1143 2546 consuetudine,
1160 2466 1195 2531 in

101 2588 249 2665 utroque
261 2579 333 2646 foro
347 2581 462 2664 agitari
479 2589 630 2666 possunt;
646 2583 691 2646 ita
705 2589 816 2648 tamen
827 2589 866 2648 ut
883 2583 939 2669 qui
958 2584 1129 2667 prevenit,
1151 2583 1193 2650 ab
1307 2582 1311 2591 '

96 2696 212 2763 altero
227 2694 379 2780 impediri
396 2697 533 2780 amplius
546 2694 769 2782 injudicando
783 2716 848 2764 non
861 2699 972 2782 possit.
988 2726 1003 2755 ι
1024 2696 1192 2787 (Reiffens-

95 2813 189 2894 tuel,
206 2813 242 2877 in
256 2812 389 2878 titulum
407 2815 439 2890 2,
456 2812 566 2878 libri2
579 2810 806 2893 decretalium,
824 2833 859 2879 n.
881 2811 971 2899 151.)

103 2932 147 2996 2⁰
167 2959 183 2985 «
203 2929 286 2994 Sunt
295 2937 406 2996 antem
422 2947 526 2995 cause
541 2931 611 2995 ista
626 2931 696 2995 alie
712 2933 827 3010 mattea
847 2931 916 2997 aliae
934 2931 1127 2999 criminales.

101 3050 146 3115 3⁰
167 3074 183 3102 ι
199 3046 310 3112 Gausae
328 3047 440 3113 civiles
456 3047 548 3113 mixti
568 3047 632 3113 fori
652 3047 869 3132 perhibentur
883 3067 960 3135 qum·
969 3047 1104 3134 quidem
1122 3052 1189 3118 ori·

95 3163 254 3247 {inoliter
274 3171 350 3229 sunt
369 3166 537 3246 seculares,
562 3169 700 3249 propter
719 3172 842 3230 certam
864 3171 975 3242 tamen
997 3167 1187 3253 qualitatem

95 3280 304 3369 spiritualem
319 3279 441 3349 habent
455 3289 642 3366 respectum
659 3280 702 3348 ad
721 3283 830 3350 forum
846 3282 1115 3372 ecclesiasticum
1129 3286 1185 3355 vel

95 3414 170 3487 quse
191 3398 392 3482 originaliter
410 3407 486 3465 sunt
505 3399 749 3486 ecclesiasticae3
764 3407 903 3486 propter
926 3402 1116 3488 qualitatem
1134 3411 1185 3472 ta-

95 3536 174 3585 men
195 3517 410 3601 temporalem
431 3517 632 3605 adJunetam,
660 3519 757 3584 etiam
780 3518 890 3586 forum
911 3522 1067 3591 saeculare
1084 3525 1184 3611 respi-

95 3635 201 3702 ciunt.
223 3632 288 3700 Res
306 3641 375 3700 tota
398 3635 498 3721 magis
519 3635 677 3720 exemplis
695 3654 793 3723 quam
809 3645 901 3704 certa
922 3635 1109 3708 definitione
1123 3640 1183 3711 dc·

95 3752 270 3820 monstrari
280 3759 413 3836 potest:

106 3900 122 3925 a
138 3870 191 3936 Ita
210 3875 380 3935 contractus
401 3869 488 3935 inter
508 3870 606 3936 laicos
627 3871 709 3949 initi,
734 3870 936 3956 originaliter
955 3870 1088 3958 quidem
1101 3883 1179 3943 sunt

95 3985 135 4055 de
149 3985 226 4052 foro
239 3985 395 4052 saeculari.
413 3988 592 4054 sinautem
603 3994 812 4072 jurameutum
835 3992 1017 4070 accesserit,
1041 3999 1179 4077 propter

95 4103 190 4171 istam
204 4106 391 4191 qualitatem
407 4106 607 4189 spiritualem
617 4104 804 4191 juramenti,
817 4105 905 4179 ¹fiunt
922 4108 1028 4173 mixta
1045 4107 1179 4195 jurisdi-

95 4221 229 4306 ctionis3
244 4222 390 4308 intellige
408 4220 518 4309 quoad
533 4225 757 4291 executionem
767 4231 953 4290 contractus
967 4222 1089 4315 juratis:
1102 4247 1177 4295 nam

95 4336 181 4404 side
194 4340 296 4405 valam
304 4338 481 4425 juramenti
496 4349 672 4428 queratur,
692 4341 831 4425 cognitio
839 4348 997 4424 putative
1015 4344 1057 4413 ad
1074 4346 1177 4415 eoele-

99 4452 256 4522 siastioum
267 4454 412 4543 judicem
425 4457 615 4543 pertinebit.
629 4456 754 4546 (Cupite
763 4461 845 4525 luet
855 4462 995 4531 laninas
1003 4464 1035 4542 2,
1045 4463 1177 4537 dolare-

247 4562 261 4595 δ
