2714 4980
555 326 636 376 rans
661 325 775 374 amun.
1157 307 1218 377 291

103 474 203 519 eausa
214 458 352 518 amator
365 457 428 514 aiot
437 451 626 514 diuersorum
636 453 872 532 prooiruiararo,
887 449 940 511 illa
950 452 1072 512 Primos
1083 452 1135 513 olet
1141 454 1227 532 jadi-

105 591 167 651 oea,
189 577 223 635 ira
240 575 324 652 arjos
334 573 493 650 prouincia
510 573 555 630 eat
570 569 650 630 loeus
670 564 714 653 (1)
731 569 768 630 do
787 586 845 648 pao
866 569 1067 631 contenditur.
1086 567 1228 633 (laneor-

106 685 191 752 dare
206 686 241 751 in
253 686 313 751 hae
324 704 361 750 re
371 683 424 769 juo
435 684 616 748 Romanum
631 682 767 748 dubium
780 689 917 748 nonest.
935 685 1017 748 Hine
1032 685 1228 749 unanimiter

109 801 318 868 acanonistis
333 800 492 882 recipitur
506 799 575 864 haee
589 800 747 882 generalis
766 799 895 882 regula,
915 807 1157 882 competentem
1174 820 1228 866 re·

109 918 270 1004 gulnmter
284 937 353 984 esse
369 915 579 983 Ordinorium
597 916 660 981 looi
674 916 708 980 in
722 935 786 1001 quo
803 918 864 981 sita
878 924 926 981 est
943 934 996 981 res
1014 915 1057 981 de
1078 934 1142 1001 qua
1164 917 1228 983 liti·

110 1042 219 1118 gatar.
519 1101 522 1105 ,

153 1152 303 1217 Diximus
321 1157 432 1217 autem
451 1152 649 1230 repulerim,-
664 1149 739 1233 quia
760 1149 919 1233 generalis
933 1150 1002 1215 haeo
1022 1152 1136 1234 regulo
1149 1172 1229 1241 uon-

111 1269 216 1336 nullos
226 1267 352 1352 patitur
363 1267 584 1344 limitationes,
598 1283 679 1350 quas
693 1265 755 1331 sub
769 1265 979 1352 sequentibus
991 1268 1114 1352 regulis
1128 1267 1230 1334 habes

120 1384 294 1470 expositae.

153 1504 297 1567 Breuni
320 1503 364 1565 2⁸.
383 1534 430 1549 -
444 1504 548 1563 Potest
565 1503 643 1563 Raros
656 1504 692 1563 ira
707 1502 770 1562 loeo
786 1505 831 1561 rai
847 1505 914 1563 sito
923 1501 1113 1582 probabilius
1125 1521 1230 1566 corrua-

112 1625 189 1698 πέντ’,
206 1623 328 1682 etiamsi
343 1618 386 1680 abr·
405 1635 466 1679 noo
480 1621 660 1698 reperiatur.
678 1616 903 1698 -Superiori
923 1618 1127 1700 paragrapho
1148 1617 1251 1683 vidi--

109 1753 183 1800 mne
200 1751 269 1798 non
286 1749 381 1815 posse
394 1733 427 1795 in
438 1732 513 1795 looo
525 1731 597 1795 initi
609 1737 796 1796 contractus
812 1732 904 1794 citari
916 1731 1021 1796 Reum
1034 1733 1095 1797 nisi
1108 1732 1232 1799 ibidem

108 1851 309 1936 reperiatur.
328 1849 487 1929 Queritur
506 1855 618 1912 utrum
640 1846 728 1911 idem
751 1846 909 1932 procedat
927 1848 1034 1931 quoad
1059 1849 1167 1914 forum
1182 1852 1232 1914 rei

103 1970 189 2034 sttae.
207 1965 418 2030 Affirmorunt
434 1963 586 2028 doctores
600 1964 754 2041 nonnulli,
773 1965 858 2028 inter
873 1982 954 2047 quos
967 1964 1109 2031 Borbosa
1127 1967 1171 2052 (in
1184 1968 1231 2031 le·

104 2103 185 2168 gem
200 2082 343 2159 finalem,
363 2100 391 2144 o.
413 2083 749 2156 nortmannorum
775 2083 815 2143 15
833 2086 867 2144 et
888 2078 959 2164 16);
979 2089 1050 2145 tum
1069 2083 1144 2165 quia
1161 2082 1232 2149 fora

102 2179 347 2265 contrectaret
362 2195 412 2259 rei
429 2195 496 2258 sitae
512 2194 768 2278 aequipotentum
788 2201 859 2258 tum
874 2196 948 2278 quia
970 2196 1116 2279 iniquum
1140 2196 1232 2262 uide-

102 2320 167 2380 tur
188 2314 296 2378 Reum
318 2329 360 2375 ex
378 2328 437 2375 suo
459 2309 621 2377 domicilio
642 2309 684 2375 ad
707 2311 757 2374 rei
779 2311 847 2374 sitae
872 2311 981 2375 looum
996 2313 1141 2396 extrahi3
1161 2321 1231 2379 tum
1330 2395 1332 2399 Ι

103 2430 275 2515 praeaipue
295 2429 370 2512 quia
387 2427 421 2491 in
434 2427 508 2510 lege
519 2427 625 2504 unica,
643 2445 672 2490 a.
695 2429 753 2489 Ubi
766 2429 803 2488 do
818 2428 993 2490 haereditate
1011 2434 1063 2508 opi
1077 2438 1227 2511 oporteat,

103 2554 284 2631 postquam
298 2545 457 2610 sancitum
470 2543 769 2609 fuit-hoereditatem
783 2543 961 2626 petendam
977 2564 1048 2610 esse
1062 2547 1120 2612 ubi
1135 2549 1162 2613 is
1177 2551 1233 2634 qui

106 2663 310 2730 convenitur
329 2659 528 2727 domicilium
553 2660 667 2739 hahet,
688 2662 744 2727 rel
766 2661 824 2726 ubi
848 2680 901 2726 res
925 2662 1138 2730 hereditariae
1163 2666 1232 2731 aitte

106 2788 200 2860 mat,
221 2777 368 2856 additur,
384 2783 413 2840 si
426 2780 470 2841 ilo·
486 2782 584 2860 deptt;
600 2796 619 2842 e
636 2777 755 2862 quibus
769 2777 880 2843 verbis
900 2780 1101 2845 concludunt
1117 2800 1233 2847 conve-

104 2897 174 2963 niri
191 2896 299 2960 Reum
315 2913 380 2959 non
394 2912 487 2977 posse
502 2895 536 2958 in
552 2895 625 2959 loeo
639 2895 689 2959 rei
704 2894 784 2972 sitae,
805 2900 867 2957 atsi
884 2898 927 2958 tor·
940 2899 1041 2977 dapar.

154 3011 222 3078 Sed
237 3011 400 3077 contraria
417 3012 575 3075 sententia
590 3010 791 3094 probabilior
809 3018 876 3088 est,
897 3014 1177 3098 communiorque,
1197 3023 1231 3080 et

107 3130 205 3215 praxi
228 3129 329 3212 magis
356 3127 549 3210 approbata,
572 3134 715 3192 testante
738 3127 1029 3212 Sohmalzgrueber
1046 3130 1090 3216 (in
1113 3133 1164 3196 tit.
1195 3135 1227 3212 2,

106 3245 167 3312 lib.
186 3248 207 3310 2
228 3243 368 3321 decret,
387 3262 420 3307 n.
446 3240 512 3327 53).
531 3243 625 3307 Illam
641 3248 763 3307 eruunt
778 3262 819 3308 ex
835 3245 940 3327 capite
955 3250 1103 3326 Qraoor‘om
1119 3248 1162 3334 (5,
1178 3239 1231 3315 'ti-

109 3359 173 3441 tuli
189 3363 225 3438 6,
243 3359 302 3424 lib.
326 3361 346 3423 2
365 3356 589 3436 decretalium,
609 3363 625 3436 ἕ
644 3356 785 3442 ultimo).
805 3358 869 3424 Sed
891 3361 1008 3427 clarior
1026 3371 1092 3444 est,
1111 3374 1145 3430 et
1159 3385 1230 3435 rem

108 3477 242 3544 omnino
257 3473 442 3540 evmoitlex
453 3477 488 3537 Si
498 3479 566 3555 pois
582 3473 624 3559 (2,
641 3473 729 3538 tituli
744 3476 795 3551 19,
812 3474 888 3539 libri
903 3479 920 3540 3
937 3477 956 3541 J
958 3479 1127 3545 ustinianei
1142 3483 1231 3549 oodi-

111 3591 181 3679 oia),
199 3594 237 3657 ia
253 3609 318 3675 qua
334 3589 380 3655 sic
398 3589 539 3654 habetur
555 3610 562 3652 :
581 3593 617 3653 Si
632 3594 700 3669 pots
717 3592 844 3653 alterius
859 3598 978 3656 nomiae
992 3598 1123 3675 quolibet
1143 3605 1231 3664 modo

107 3712 267 3795 parridum
287 3708 468 3770 immobilem
485 3725 564 3785 rora,
590 3707 674 3768 tatem
695 3709 734 3768 ab
757 3710 858 3788 aliquo
876 3728 933 3789 por
953 3716 987 3773 ira
1005 3732 1067 3773 rena
1084 3721 1230 3780 notiorem

110 3833 270 3905 maneat,
285 3826 371 3887 debat
383 3828 488 3885 statim
506 3827 539 3885 io
552 3824 671 3903 poditio
692 3825 846 3886 dominam
865 3831 1022 3890 nominare
1033 3849 1043 3890 .·
1057 3837 1092 3893 ot
1114 3839 1176 3895 riae
1196 3841 1230 3899 a'ra

110 3948 213 4009 andam
230 3946 357 4005 oior‘tote
369 3941 470 4020 dapar,
487 3944 550 4000 siae
560 3943 593 4000 io
604 3957 689 4018 apro,
707 3945 770 4001 siaa
783 3945 817 4002 a'ra
831 3943 896 4003 olio
904 3949 1062 4022 provincio
1076 3953 1128 4026 stt,
1150 3960 1229 4014 oerto

110 4064 229 4126 dierum
243 4064 342 4140 spolio
360 4077 381 4119 o
391 4059 495 4138 judice
512 4055 693 4134 definiendo,
716 4075 804 4136 eoquo
818 4060 859 4119 acl
876 4064 1024 4122 notionem
1043 4067 1105 4143 ejas
1114 4071 1230 4146 porciu.

110 4179 214 4257 cenda,
233 4179 281 4240 ool
292 4181 357 4258 ipso
369 4179 403 4238 ia
416 4176 480 4236 loeo
493 4178 526 4236 a'o
541 4175 649 4253 poturo
657 4175 805 4254 prandiam
819 4181 910 4238 atam
924 4184 968 4240 est
974 4187 1163 4263 perveniens,
1183 4191 1231 4250 ael

146 4440 183 4504 (l)
194 4437 287 4497 Laeua,
302 4434 383 4495 idest,
399 4446 437 4482 rea
450 4431 576 4482 immobilis
588 4430 616 4479 do
630 4444 676 4494 qua
689 4431 719 4479 lis
733 4438 847 4480 moretur.
877 4493 881 4500 Ι
