2714 4980
535 297 614 344 rnns
636 296 794 344 securus.
1161 283 1226 344 355

106 423 257 507 primum
275 422 420 487 vicarius
440 425 622 503 generaliter
639 424 736 502 quoad
753 429 848 484 totruu
864 423 1026 498 dioeeesiru,
1057 429 1091 486 et
1114 431 1228 506 postea

105 540 294 623 excipiatur
313 558 397 603 unus
412 546 469 603 aut
479 539 563 604 alter
576 539 677 616 loeus,
693 558 758 602 nou
772 537 904 604 videtur
917 559 1009 603 cura
1027 540 1151 606 ratione
1174 542 1229 606 Vi-

103 654 188 719 carii
211 653 372 737 generalis
395 651 574 719 excideret.
599 654 679 717 Nam
700 650 826 736 injure
846 652 960 718 nullibi
984 651 1173 720 decernitur
1192 663 1231 721 ut

100 772 183 837 talis
197 772 344 838 vicarius
356 788 415 854 pro
429 789 508 835 vero
523 770 650 834 Vicario
664 769 808 854 generali
823 770 972 854 Episcopi
982 791 1047 836 non
1058 771 1227 837 habeatur.

100 890 290 967 Praeterea,
309 890 385 973 quin
399 897 504 954 cesset
520 887 592 972 quis
608 905 677 952 esse
697 886 842 951 Vicarius
861 888 1031 970 generalis
1054 896 1162 971 potest
1180 887 1232 974 ju·

102 1003 262 1069 risdictio
297 1005 493 1087 generaliter
523 1003 584 1084 ipsi
614 1019 765 1066 concessa
796 1002 949 1085 restringi
980 1002 1088 1087 quoad
1122 1024 1233 1070 causas

101 1123 247 1208 aliquae,
276 1130 314 1186 ut
337 1140 435 1205 supro
455 1120 665 1205 probavimus
687 1142 694 1184 :
718 1137 796 1202 ergo
818 1119 970 1202 restringi
991 1122 1088 1185 etiam
1112 1123 1234 1205 poterit

102 1236 224 1324 quoad
242 1237 348 1321 aliqua
362 1238 446 1302 loca.
466 1236 507 1300 In
528 1243 670 1320 utroque
694 1236 781 1301 enim
802 1255 878 1300 casu
901 1224 993 1319 aeque
1012 1243 1160 1302 remanet
1179 1257 1235 1321 ge·

101 1353 233 1419 neralis
250 1372 309 1418 seu
327 1352 517 1418 universalis
534 1349 604 1436 ejus
623 1359 777 1434 potestas
791 1351 870 1416 licet
888 1356 1055 1433 pluraliter,
1075 1361 1109 1418 et
1124 1372 1188 1417 non
1203 1355 1237 1419 in

102 1471 229 1537 stricto
244 1488 353 1535 sensu.
370 1470 402 1534 Si
415 1476 525 1534 tamen
541 1470 704 1533 restrictio
717 1467 825 1553 quoad
846 1468 917 1532 loca
937 1478 1023 1536 esset
1038 1470 1188 1536 notabilis
1203 1478 1238 1537 et

104 1586 151 1652 ad
168 1585 382 1650 medietatem
393 1584 571 1650 dioeceseos
586 1583 774 1660 accederet,
791 1582 858 1667 jam
871 1583 934 1648 dici
950 1605 1013 1650 non
1027 1595 1136 1669 posset
1151 1607 1238 1652 com-

103 1705 209 1771 missa
225 1701 354 1767 Vicario
368 1699 601 1785 jurisdictionis
614 1704 830 1763 anniversarius
853 1701 950 1765 etiam
970 1703 1136 1769 moraliter
1151 1723 1238 1768 sum-

104 1829 185 1906 pta;
204 1840 244 1886 ac
259 1817 397 1902 proinde
410 1818 482 1883 talis
494 1817 641 1883 'Vicarius
655 1824 743 1883 esset
759 1817 928 1882 dumtaxat
944 1819 1095 1904 Episcopi
1110 1819 1239 1906 delega-

104 1945 177 2015 tuS,
193 1953 260 2000 non
276 1942 386 2000 autem
401 1935 561 2017 generalis
576 1935 731 1999 vicarius.

156 2055 361 2119 Psoroslrro
393 2052 478 2116 vlla.
499 2086 543 2099 --
566 2055 605 2114 Ui
623 2057 689 2132 quis
709 2058 750 2114 sii
770 2057 907 2116 Vr'rarius
929 2058 1078 2135 peaeralis
1099 2060 1240 2139 Episcopi

106 2172 317 2235 essentialiter
341 2173 507 2248 requiritur
521 2175 555 2229 ut
571 2173 612 2230 sii
627 2172 764 2230 Vicarius
780 2174 812 2230 in
827 2173 1048 2250 spiritualibus,
1066 2191 1125 2234 aaa
1138 2180 1238 2236 autera

106 2293 144 2349 ia
174 2286 399 2367 temporalibus.
433 2319 467 2330 -
503 2283 651 2347 Vicarius
682 2283 831 2367 Episcopi
857 2285 889 2347 in
914 2287 1146 2369 temporalibus
1172 2289 1239 2375 (qui

108 2403 226 2478 etiam,
245 2407 279 2465 et
296 2400 430 2481 melius,
458 2404 667 2482 nuncupatur
693 2397 904 2483 (economus),
922 2401 976 2466 ille
993 2410 1043 2468 est
1057 2422 1155 2488 quem
1180 2406 1240 2472 sibi

108 2517 286 2584 substituit
313 2516 490 2598 Episcopus
512 2514 554 2579 ad
580 2513 833 2580 administranda
850 2516 935 2582 bona
955 2538 1013 2584 sua
1035 2524 1235 2605 temporalia,

111 2655 154 2701 ea
185 2633 369 2718 praesertim
386 2651 456 2716 quae
471 2632 569 2714 ipsius
586 2630 793 2710 beneficium,
813 2651 883 2711 seu,
903 2640 939 2698 ut
956 2636 1031 2700 olim
1051 2637 1234 2718 dicebatur,

110 2751 185 2836 ejus
223 2766 368 2814 mensam
403 2752 562 2831 spectant.
593 2747 706 2811 Potest
736 2753 845 2810 autem
878 2749 1056 2833 Episcopus
1084 2752 1239 2819 eumdem

110 2886 214 2954 quem
235 2867 270 2929 in
291 2863 455 2929 Viearium
489 2862 675 2945 generalem
701 2862 735 2926 in
758 2864 1003 2945 spiritualibus,
1039 2887 1097 2932 seu
1117 2870 1238 2957 ¹quoad

110 2980 333 3051 exercendam
368 2985 519 3042 ceteram
550 2975 808 3061 jurisdictionem
840 2978 1088 3046 ecclesiasticam
1123 2983 1232 3066 elegit,

112 3102 315 3168 constituere
344 3097 441 3160 etiam
466 3092 630 3159 Vicarium
657 3093 689 3155 in
710 3093 958 3177 temporalibus.
987 3096 1055 3161 imo
1081 3105 1237 3180 putarant

112 3216 265 3286 nonnulli
278 3212 402 3296 antiqui
419 3210 590 3275 canonistas
604 3207 639 3271 id
654 3209 788 3292 requiri,
811 3216 848 3273 nt
863 3210 934 3293 quis
952 3220 1079 3276 vereet
1093 3213 1237 3283 insensu

109 3337 196 3423 juris
208 3333 299 3397 foret
313 3328 457 3394 Vicarius
470 3328 619 3408 pepercitis
633 3324 792 3406 Episcopi.
811 3324 875 3389 Sed
889 3345 927 3390 ea
942 3329 1104 3394 sententia
1117 3333 1235 3400 merito

113 3452 280 3538 rejicitur,
307 3454 341 3511 et
361 3452 496 3511 tenetur
514 3441 676 3506 Vicarium
694 3441 727 3503 in
746 3440 968 3522 spiritualibus
988 3450 1134 3525 tantum,
1163 3469 1235 3516 esse

111 3586 233 3638 rerum
250 3565 414 3629 Vicarium
434 3559 617 3643 generalem
633 3558 665 3620 in
682 3575 778 3622 seusu
799 3555 879 3641 juris
897 3580 904 3622 :
923 3567 1067 3626 econtra
1086 3584 1166 3628 vero
1182 3568 1236 3631 Vi-

113 3687 242 3753 carium
254 3683 288 3745 in
304 3676 538 3763 temporalibus
548 3680 685 3748 tantum,
703 3691 763 3755 pro
784 3674 929 3755 generali
942 3676 1069 3739 Vicario
1087 3698 1152 3743 non
1164 3699 1234 3745 esse

111 3796 316 3869 habendum.
334 3819 348 3856 a
370 3792 516 3857 Vicarius
529 3789 563 3852 in
579 3787 801 3870 spiritualibus
815 3794 941 3852 tantum
965 3790 1020 3875 (ait
1044 3791 1233 3881 Leurenius)

115 3943 132 3983 a
146 3914 341 4000 simpliciter
351 3908 508 3985 Vicarius,
527 3906 579 3970 vel
593 3925 666 4004 crim
678 3903 790 3969 addito
804 3911 836 3968 ia
850 3910 1059 3986 spiritualibus
1071 3915 1231 3994 peueralis,

115 4061 132 4100 a
147 4033 259 4103 vocari
275 4031 377 4112 solet3
395 4035 433 4091 ut
451 4033 543 4111 patet
559 4045 600 4088 ex
618 4023 807 4088 Tridentino
826 4026 913 4112 (sess.
935 4029 986 4104 13,
1005 4046 1032 4091 c.
1053 4032 1081 4106 l,
1096 4032 1126 4110 2,
1143 4034 1173 4110 3,
1187 4031 1232 4118 4),

114 4161 183 4219 «ct
198 4171 241 4217 ex
253 4146 410 4215 brevibus
426 4143 616 4227 apostolicis.
634 4141 714 4204 Cum
726 4141 829 4226 aliqua
847 4145 1093 4210 committuntur
1111 4149 1238 4231 Episco·
1272 4164 1274 4168 ·

117 4273 199 4356 apis
213 4287 273 4334 seu
289 4283 400 4331 eorum
420 4259 563 4336 Vicariis,
586 4258 703 4323 Vicarii
726 4259 759 4322 in
784 4260 1004 4341 spiritualibus
1031 4266 1238 4347 appellantur

117 4388 316 4473 epeaerales,
343 4377 494 4454 dicenda,
517 4376 611 4441 verbi
633 4376 734 4459 gratia
756 4398 761 4438 :
784 4380 952 4440 Venerabili
966 4383 1110 4464 Episcopo
1136 4390 1239 4450 ilaue-
