2714 4980
118 317 166 380 att·
461 329 649 378 moranus
670 330 716 378 nn
736 329 885 379 ruamus.

119 431 247 524 lement
260 459 305 523 ita
317 455 509 522 decernitur
524 477 531 521 :
547 459 635 520 Tales
648 461 745 538 ipitar
762 463 997 521 acmnmnmene
1011 459 1149 522 Ecclesia
1156 477 1242 541 pra·

116 579 248 654 cisoa...,
268 593 369 638 reram
387 592 520 654 aarum,
536 592 591 656 per
610 575 712 638 saculi
725 578 877 656 principes
890 573 1089 638 catholicoset
1100 577 1240 639 consules

116 695 288 770 ciuitatum,
315 695 488 773 pacatione
517 691 669 770 mulctari,
702 697 732 754 et
758 695 940 773 capientium
963 711 1074 771 seruos,
1102 697 1239 774 sirapti

117 811 245 891 fuerim,
265 809 329 889 sore
344 825 494 870 censemus
510 804 594 892 (loco
608 805 720 884 citato,
735 823 809 891 pag.
827 803 918 890 230).

162 922 339 989 Concilium
367 922 585 988 Lateranense
612 929 765 1008 quartum
784 922 1109 1006 manturanum
1135 926 1169 1000 3,
1199 927 1240 989 de

118 1043 276 1104 llareticis
291 1058 302 1101 .·
315 1042 461 1103 Damnate·
484 1057 565 1118 uero,
581 1039 772 1102 sacularibus
793 1040 993 1119 potestatibus
1015 1040 1234 1120 pramntibm,

117 1163 172 1220 ant
187 1174 289 1220 eornm
305 1156 439 1234 baideis,
458 1156 669 1235 relinquantur
683 1156 944 1218 animaduersione
954 1157 1054 1219 debita
1060 1157 1240 1237 pantocrat,-

117 1273 235 1336 clericis
248 1276 335 1354 prius
355 1290 376 1333 a
399 1275 461 1333 suis
482 1273 640 1335 ordinibus
660 1273 837 1352 depredatis
851 1290 862 1333 :
876 1276 923 1334 ita
939 1273 1018 1352 quod
1038 1273 1113 1335 bona
1131 1270 1241 1354 bajia-

119 1391 202 1452 modi
215 1390 438 1467 damnatorum,
454 1393 482 1451 si
495 1390 567 1451 laici
576 1391 702 1468 suerint,
715 1387 952 1466 confiscentur...
964 1391 1000 1453 Si
1011 1408 1081 1451 vero
1090 1391 1240 1454 Dominus

49 1571 51 1574 .
120 1505 305 1589 temporalis,
318 1510 479 1587 requisitas
488 1512 517 1568 et
530 1510 661 1568 monitus
671 1507 709 1568 ab
723 1506 865 1584 Ecclesia,
885 1511 1089 1569 mactantem
1101 1525 1240 1588 purpure

119 1623 286 1704 mpteacril
302 1623 340 1685 ab
354 1622 409 1685 laec
422 1621 561 1685 baretica
575 1623 723 1701 ruditate,
733 1640 791 1704 per
805 1622 1067 1704 metropolitanum
1076 1628 1105 1685 et
1116 1629 1240 1687 caeteros

118 1741 380 1822 comprovinciales
404 1742 563 1822 Episcopas
586 1743 897 1803 excommunicationis
921 1740 1039 1802 uinculo
1060 1741 1236 1804 innodetur.

121 1859 163 1921 Et
176 1861 204 1920 ai
217 1860 392 1940 satisfacere
407 1861 614 1939 contempserit
629 1859 712 1938 infra
727 1876 850 1936 annam,
869 1856 1056 1938 sipnificetar
1076 1857 1130 1920 doc
1147 1859 1238 1922 Sana·

119 1991 168 2041 me
185 1974 341 2055 Pontifici,
360 1981 395 2038 at
412 1981 524 2038 ectum
545 1980 609 2056 ipse
627 1975 773 2037 vassallos
789 1976 827 2037 ab
840 1978 902 2056 ejm
915 1974 1064 2052 fidelitate
1081 1975 1238 2040 denuntiet

119 2093 283 2171 absolutos,
305 2098 334 2154 et
353 2098 465 2155 terram
484 2099 616 2174 exponat
633 2091 787 2154 catholicis
802 2093 1042 2174 occupandam...
1064 2093 1156 2155 Saluo
1165 2096 1239 2174 jare

120 2211 242 2275 wentae·
251 2210 446 2291 principalis,
466 2210 625 2271 dammodo
639 2227 728 2290 super
739 2209 792 2270 doe
803 2213 865 2291 ipse
877 2210 995 2272 nullam
1001 2215 1126 2290 prastct
1138 2211 1239 2274 obsta·

120 2328 232 2405 culam,
259 2345 311 2390 nec
335 2327 459 2408 almund
484 2328 727 2408 impedimentum
748 2334 903 2409 oppam:
922 2329 1024 2390 eadem
1041 2327 1239 2390 nibilominus

121 2444 184 2526 iepe
198 2450 319 2507 sauata
335 2449 474 2507 circueas
488 2448 541 2524 qui
555 2463 616 2507 aaa
630 2444 738 2507 babent
752 2445 886 2508 domines
900 2445 1097 2526 principales.
1124 2441 1240 2510 videri

119 2567 254 2647 possunt
274 2558 398 2626 ibidem
422 2559 531 2626 multae
558 2560 627 2625 aliae
648 2578 752 2644 poenoe
777 2558 965 2644 corporales
984 2566 1019 2626 et
1039 2559 1239 2644 temporales

120 2678 250 2745 sancita
265 2683 380 2743 contra
396 2675 584 2761 hereticam
600 2695 680 2762 quas
690 2675 859 2743 brevitatis
874 2695 970 2742 causa
988 2676 1178 2744 omittimus.

165 2794 343 2861 Concilium
377 2792 593 2878 lugdunense
627 2794 704 2859 anni
738 2794 838 2871 1245,
866 2793 1097 2878 imperatorem
1121 2793 1240 2861 ileum-

121 2931 196 2979 cum
218 2912 250 2979 Il
270 2930 373 2996 regno
395 2912 546 2996 privavit,
573 2912 767 2978 sententiam
788 2918 967 2976 auctoritate
984 2915 1146 2996 apostolica
1162 2931 1240 2997 pro·

120 3030 289 3096 nuntiante
302 3032 445 3099 Romano
456 3028 627 3108 Pontinos,
644 3036 679 3093 et
691 3036 761 3094 toto
775 3030 921 3108 concilio,
936 3048 1001 3094 non
1011 3037 1139 3095 tantum
1158 3048 1240 3114 prm

120 3155 224 3226 sente,
242 3155 280 3213 ut
304 3148 376 3213 vult
397 3148 596 3224 Bossuetius‚
624 3146 683 3212 sed
705 3146 923 3231 approbante3
951 3144 1109 3232 siqnidem
1131 3147 1240 3216 tribus

120 3263 360 3348 exemplaribus
384 3265 551 3329 sententiae
571 3260 755 3347 hujusmodi
772 3282 914 3347 appensa
932 3270 1008 3328 sunt
1031 3262 1156 3347 singula
1181 3282 1239 3348 pa·

120 3387 209 3446 trum
228 3381 332 3464 sigilla
356 3380 404 3467 (ut
417 3381 489 3446 fuse
506 3380 682 3463 probamus
692 3381 726 3447 in
739 3388 881 3448 tmctatu
895 3385 932 3446 de
951 3385 1025 3448 tare
1038 3383 1177 3446 Eeebda
1191 3404 1240 3446 rc-

122 3499 214 3562 latiuc
228 3500 270 3562 ad
276 3504 439 3585 potestates
456 3496 583 3582 ciuiles).

166 3614 343 3681 Concilium
357 3614 611 3694 constantiense,
625 3615 764 3682 sessione
790 3617 841 3694 15,
857 3614 1106 3700 prohibitionem
1128 3633 1241 3700 quam

122 3730 198 3800 dam
219 3733 321 3799 sancit
344 3732 405 3798 sub
433 3751 530 3816 poena
548 3731 935 3799 excommunicationiset
958 3737 1084 3796 carceris
1108 3735 1239 3798 duorum

121 3857 267 3916 mam
280 3853 314 3917 in
327 3869 561 3937 quoscumque,
585 3851 710 3918 etiamsi
726 3869 822 3935 reges
837 3851 971 3917 luerint.

166 3970 250 4037 Item
264 3988 377 4055 poenas
392 3969 575 4054 corporales
596 3976 630 4034 et
647 3969 844 4053 temporales
858 3967 1007 4035 decernit
1022 3968 1163 4036 sessione
1183 3974 1237 4051 17,

122 4090 177 4167 ³1,
207 4095 242 4153 et
270 4091 325 4166 37,
350 4096 389 4153 ut
408 4086 521 4153 uidere
550 4087 653 4153 estin
676 4087 867 4152 collectione
893 4086 1104 4151 conciliorum
1133 4085 1240 4155 Goleti

125 4205 216 4293 (tom.
240 4207 293 4283 16,
312 4223 346 4289 p.
368 4206 445 4284 241,
465 4207 542 4284 279,
561 4207 636 4284 586,
661 4201 752 4288 681).
774 4204 867 4270 Licet
891 4209 1000 4268 autem
1024 4200 1104 4267 illud
1129 4205 1239 4271 conci·

123 4322 203 4390 lium
226 4322 259 4388 iu
281 4320 431 4388 omnibus
444 4323 509 4388 suis
526 4321 720 4388 sessionibus
740 4338 800 4407 pro
818 4320 1019 4387 acumenico
1039 4337 1104 4384 non
1122 4320 1169 4385 vsit
1185 4321 1239 4388 ha

124 4438 451 4524 manumulierum
475 4439 591 4509 saltem
619 4444 728 4524 potest
756 4445 910 4525 tanquam
942 4443 1170 4522 argumentum
1195 4438 1238 4507 ad
