2714 4980
654 233 774 287 ‚mum
1213 221 1277 285 625

1222 331 1276 387 Peg.

249 411 306 446 nem
319 399 421 447 habeant
423 431 1188 455 ........................
1219 405 1276 455 496

213 481 261 532 lll.
277 483 364 532 Clerici
375 482 499 532 saculares
511 482 536 530 in
547 482 677 532 minoribus
690 483 820 546 constituti,
827 497 856 532 an
865 491 889 532 et
901 483 925 534 in
939 483 1041 548 qnoioro
1050 485 1144 548 possint
1153 499 1207 537 esso

247 573 416 627 procuratores
428 572 451 614 et
461 564 569 616 advocati
582 599 1191 623 ...................
1222 571 1272 623 tes

210 651 252 700 lv.
265 653 303 699 Aa
313 658 336 700 et
349 652 373 699 in
387 663 434 713 quo
445 649 496 700 loro
515 650 660 712 subdiaconi,
676 650 767 700 diaconi
785 659 808 700 et
830 634 962 715 presbyteri
976 653 1068 716 possint
1082 667 1135 704 esse
1145 669 1204 718 pro·

245 743 370 784 curatores
382 743 406 784 et
417 735 522 784 advocati
526 771 1190 792 .....................
1221 743 1271 792 202

203 822 234 869 V.
252 820 356 868 Incuria
370 821 475 881 Romana
496 827 604 881 possunt,
626 833 654 868 en
674 819 819 882 indulgentia
837 820 905 870 Sedis
919 822 1068 885 Apostolicae,
1082 824 1161 874 elerici
1179 832 1203 874 et

245 903 382 953 sacerdotes
393 904 512 965 publicum
525 902 650 974 advocatia
672 917 757 952 munus
779 918 887 954 exercere
890 941 1187 960 ..........
1218 911 1267 959 267

168 988 184 1054 ξ
194 989 225 1036 V.
237 989 323 1035 Utrum
336 985 441 1046 religiosi
448 995 612 1047 procuratores
624 992 647 1034 et
655 986 760 1036 advocati
770 1001 822 1036 esse
838 989 931 1052 possint
943 1026 1186 1045 ........
1215 994 1266 1043 269

168 1073 183 1134 5
196 1072 241 1120 Vl.
260 1071 351 1127 Quibus
363 1070 388 1116 in
397 1070 475 1117 causis
484 1071 593 1118 constitui
605 1071 680 1132 possit
690 1078 830 1133 procurator
843 1108 1185 1128 ...........
1205 1080 1263 1140 ,fill

166 1155 247 1218 §VlL
263 1156 298 1220 De
312 1152 382 1206 modo
396 1153 551 1202 constituendi
567 1162 742 1216 procuratorem
760 1163 783 1204 et
792 1156 820 1204 de
829 1159 990 1218 procuratorio
1004 1159 1127 1210 mandato.
1144 1196 1151 1211 .
1177 1197 1185 1213 .
1216 1164 1266 1211 216

166 1240 180 1302 §
192 1240 261 1288 Vlll.
275 1240 310 1286 De
319 1244 435 1299 potestate
445 1240 613 1300 procuratoris,
624 1247 646 1288 et
658 1239 686 1288 da
697 1247 791 1289 actuum
809 1241 884 1302 ipsius
897 1241 1020 1293 effectibus
1022 1280 1187 1300 ......
1218 1249 1270 1297 216

166 1325 239 1387 pix.
259 1323 394 1384 Quotuplici
406 1322 474 1371 modo
487 1331 563 1372 cesset
576 1325 736 1386 procuratoris
753 1325 853 1374 officium
870 1333 893 1375 et
914 1334 1020 1387 potestas
1022 1363 1188 1382 ......
1220 1332 1269 1380 222

162 1411 176 1473 5
189 1412 222 1457 X.
238 1411 272 1457 De
284 1408 478 1470 procuratoribus
487 1408 685 1470 communitatum,
702 1409 777 1473 quiet
790 1409 880 1472 syndici
894 1419 1019 1461 vocantur.
1039 1445 1044 1465 -,
1047 1447 1187 1464 .....
1219 1416 1269 1466 224

124 1497 201 1546 cni).
222 1494 265 1542 lv.
280 1495 314 1541 ba
328 1492 447 1540 aduocatis
451 1525 1183 1549 ........................
1213 1500 1263 1549 228

166 1579 214 1642 §L
231 1577 357 1644 Qnidsint
365 1575 473 1624 advocati
487 1582 510 1624 et
527 1589 632 1638 quaenam
643 1575 809 1625 advocatorum
822 1577 915 1640 species
917 1613 1182 1632 .........
1214 1584 1267 1633 228

162 1666 175 1728 5
190 1666 225 1715 ll.
243 1664 307 1722 Quid
319 1663 406 1711 luerint
415 1662 472 1710 olim
481 1660 588 1711 advocati
597 1676 641 1712 seu
654 1661 788 1712 defensores
799 1663 958 1712 Ecclesiarum
977 1697 1187 1719 .......
1217 1670 1268 1720 250

164 1748 178 1815 ζ
193 1751 241 1798 111.
257 1747 320 1805 Quid
335 1748 384 1795 sint
395 1746 503 1795 advocati
517 1747 542 1794 in
559 1747 627 1795 curia
645 1749 758 1796 Romana.
776 1781 784 1797 .
808 1783 815 1796 .
870 1769 878 1785 ·
908 1781 1184 1801 .........
1214 1755 1264 1802 232

161 1832 174 1900 ᾗ
188 1836 232 1882 lv.
248 1833 350 1890 Quinam
360 1832 452 1892 possint
469 1830 576 1880 advocati
590 1830 690 1879 officium
704 1844 816 1880 exercere
818 1865 1182 1887 ............
1214 1838 1264 1885 233

159 1919 214 1982 5v.
240 1917 455 1965 Dendrocatorum
469 1913 542 1962 officio
546 1947 1183 1969 ....................
1212 1919 1264 1969 258

124 2007 198 2056 cll),
215 2004 246 2052 V.
263 2004 298 2050 be
313 2001 472 2061 auditoribus,
492 1999 660 2059 assessoribus,
673 1997 747 2046 liscali
761 2004 894 2059 promotore
908 2005 931 2046 et
948 1997 1071 2061 advocato,
1085 2001 1196 2064 notariis,

161 2086 291 2146 actuariis,
302 2085 449 2144 cursoribus,
463 2096 553 2131 necnon
564 2082 673 2144 testibus,
684 2082 818 2133 remissive
820 2116 1184 2137 ............
1214 2089 1262 2136 244

123 2169 259 2222 ,920210
280 2169 310 2222 V.
327 2169 421 2218 beloro
436 2165 576 2229 competenti
580 2198 1175 2221 ...................
1208 2173 1258 2221 242

124 2259 196 2305 cap,
212 2257 233 2304 1.
251 2254 314 2311 Quid
325 2254 356 2301 sit
368 2254 433 2302 lorus
447 2260 470 2301 et
484 2252 609 2314 quotuplex
612 2284 1177 2308 ..................
1207 2259 1257 2307 243

126 2338 433 2390 cnP.11.bctcrminatur
448 2350 532 2384 sensus
541 2336 676 2398 questionis
693 2337 783 2398 hujus:
797 2335 890 2386 Utrum
907 2338 965 2400 quis
979 2337 1110 2401 riojacco
1123 2353 1194 2391 oom-

159 2428 256 2488 petens
259 2454 1178 2476 ····························
1210 2429 1261 2476 246

121 2510 194 2560 CAP.
207 2508 255 2555 lli.
267 2504 390 2570 Quomodo
400 2505 505 2566 dignosci
516 2504 591 2568 possit
600 2513 677 2575 utrum
688 2505 741 2566 quis
755 2505 930 2567 competentiam
939 2507 1033 2569 habeat,
1047 2508 1070 2556 ri
1085 2516 1192 2559 extraor-

158 2592 263 2640 dinariae
272 2588 445 2651 jurisdictionis
470 2624 677 2640 .......
699 2645 703 2651 ,
704 2625 1145 2645 ..............
1148 2648 1151 2653 ‚
1171 2632 1179 2646 .
1209 2597 1259 2646 246

197 2677 218 2723 1.
233 2677 268 2722 be
279 2673 444 2735 jurisdictione
461 2674 574 2735 acquisita
583 2687 627 2735 per
642 2673 808 2734 delegationem
811 2707 1177 2731 ............
1208 2681 1257 2730 247

196 2762 232 2810 11,
247 2761 282 2807 bc
294 2758 459 2821 jurisdictione
479 2757 594 2819 acquisita
607 2771 649 2819 par
657 2757 845 2820 prorogationem
849 2790 1179 2813 ...........
1208 2764 1258 2813 248

199 2846 246 2893 Ill.
262 2847 296 2892 lte
307 2841 471 2905 jurisdictione
483 2855 534 2904 quae
547 2854 575 2889 en
585 2842 792 2904 compromissione
803 2843 840 2890 rel
849 2841 991 2891 arbitrorum
998 2843 1102 2906 iuridica
1114 2845 1190 2908 depu-

233 2929 321 2978 tatione
331 2928 406 2976 oritur
409 2960 1174 2983 ........................
1203 2934 1252 2982 257

195 3014 240 3062 tv.
258 3015 294 3060 be
308 3011 474 3074 jurisdictione
486 3023 528 3058 seu
544 3011 697 3073 competentia
712 3025 741 3060 ex
754 3012 940 3074 reconventione,
953 3016 1189 3080 causaeconnexione,

230 3098 482 3161 etpririlegioexoria
500 3126 1174 3152 .....................
1204 3103 1256 3151 262

116 3185 193 3234 ΟΑΡ.
211 3182 255 3230 tv.
268 3178 390 3238 Quomodo
405 3180 510 3244 dignosci
519 3188 588 3244 queat
600 3188 677 3229 utrum
687 3180 741 3243 quis
752 3188 885 3243 competens
895 3182 935 3244 sit,
948 3183 971 3232 ri
982 3181 1106 3233 ordinariae
1113 3185 1189 3246 juris-

154 3268 273 3317 dictionis
298 3301 706 3318 .............
734 3302 737 3310 -
765 3301 1175 3321 .............
1205 3273 1254 3321 264

193 3354 250 3401 Art.
267 3353 288 3399 Ι.
304 3351 425 3408 Quomodo
434 3351 538 3413 dignosci
549 3358 618 3414 queat
626 3358 705 3399 utrum
713 3350 854 3401 ordinarius
866 3352 1104 3410 aon-territorialie
1121 3368 1187 3404 com-

154 3445 244 3502 petens
261 3437 293 3485 sit
305 3437 329 3484 in
344 3437 422 3499 aliqua
436 3450 506 3486 causa
510 3464 1175 3493 .....................
1203 3443 1254 3492 tob

191 3526 248 3573 Art.
264 3524 297 3570 ll.
309 3521 431 3579 Quomodo
439 3521 543 3583 dignosci
552 3528 622 3584 queat
631 3534 660 3570 aa
669 3522 723 3584 quis
731 3520 901 3572 territoribus
911 3521 984 3584 judex
993 3522 1017 3571 in
1025 3523 1104 3586 aliqua
1116 3537 1186 3575 cansa

154 3612 190 3660 sit
204 3615 343 3670 competens
362 3640 1173 3662 .........................
1203 3613 1253 3662 266
1269 3658 1272 3665 ,

151 3693 167 3762 ξ
186 3696 208 3742 1.
226 3695 261 3741 De
274 3692 429 3752 competentia
438 3689 543 3751 judicum
558 3690 736 3739 territorialinm
754 3691 843 3740 ratione
861 3690 973 3740 domicilii
976 3725 1175 3748 .......
1203 3697 1254 3746 266

151 3778 166 3847 fl
185 3778 221 3828 11.
237 3779 272 3825 Da
295 3776 449 3837 competentia
459 3774 565 3835 judicum
578 3773 754 3822 territorialinm
767 3775 857 3823 ratione
871 3782 1006 3825 contractus
1011 3812 1172 3832 ......
1202 3782 1253 3832 284

151 3863 166 3932 fl
185 3864 233 3913 111.
246 3864 280 3910 lic
295 3859 449 3921 competentia
465 3855 570 3918 J'uulicum
582 3856 758 3905 territorialinm
772 3859 862 3907 ratione
874 3859 908 3907 rei
922 3860 972 3908 sita
975 3891 1172 3916 .......
1202 3867 1254 3918 290

151 3950 164 4013 5
184 3950 227 3997 lv.
245 3949 280 3994 De
294 3943 448 4005 competentia
457 3941 562 4003 judicum
576 3941 750 3997 territorialinm
768 3942 858 3992 ratione
870 3941 948 3992 delicti
962 3980 1170 4000 .......
1201 3951 1252 4002 294

112 4030 249 4088 ssscrlo
261 4030 307 4082 VI,
319 4031 352 4075 be
365 4026 541 4089 probationibus
554 4024 705 4086 iudicialibus
718 4059 1161 4083 ..............
1203 4035 1253 4086 202

113 4122 187 4172 epp,
200 4120 222 4166 1,
237 4118 272 4163 De
286 4111 465 4175 probationibus
476 4111 500 4158 in
512 4122 595 4171 genere
597 4143 1170 4169 ..................
1200 4121 1252 4173 302

139 4193 143 4200 ’
187 4196 347 4266 meriott.
361 4192 422 4251 Quid
433 4193 465 4240 sit
479 4192 585 4254 probatio
589 4220 1164 4253 .................
1194 4182 1263 4255 302‘¹

187 4281 300 4349 Quaegno
311 4282 348 4328 2¹.
362 4277 492 4337 Quotuplex
511 4273 667 4334 distinguatur
670 4309 1169 4339 ...............
1199 4290 1250 4339 303
