2714 4980
548 321 627 372 raas
648 321 807 372 saeuum.
1170 306 1233 372 397

115 451 357 520 canonistarum
379 448 439 521 hac
463 449 505 517 de
525 468 562 517 re
586 447 837 533 disceptationes
854 449 1062 533 introspecta
1084 447 1234 526 fuissent,

113 588 181 636 non
211 566 386 653 carpenda,
404 565 465 634 sed
488 565 653 633 laudanda
679 567 788 650 potius
806 585 847 631 ea
867 565 1101 649 Episcoporum
1119 563 1237 649 agendi

112 686 199 756 ratio
212 684 393 752 videretur.
411 682 508 768 Quod
524 691 563 749 ut
576 690 689 768 pateat
710 682 919 749 auctoritates
939 681 1183 767 promittamus,
1201 688 1237 748 et

114 819 265 888 quasnam
279 821 321 868 ex
335 802 382 868 eis
397 800 546 868 doctrina
562 797 785 867 concludenda
796 799 850 880 sit,
864 796 1100 884 expendamus.

164 921 198 982 1⁰
220 916 339 984 Teneri
352 917 528 1002 Episcopos
541 916 576 981 in
590 915 752 983 vicarium
766 913 952 1000 generalem
966 931 1130 980 assumere
1146 918 1239 980 exte-

114 1053 202 1112 rum,
226 1031 324 1113 idest,
348 1034 405 1119 qui
426 1052 488 1101 nec
512 1032 591 1099 ciris
612 1031 801 1118 episcopalis
830 1031 920 1098 urbis
936 1032 989 1109 sit,
1000 1049 1064 1097 nec
1077 1030 1176 1097 etiam
1194 1028 1238 1097 de

114 1149 205 1216 clero
218 1146 406 1229 dioceseos,
425 1157 579 1234 tanquam
597 1165 666 1214 rem
684 1154 808 1215 certam
831 1146 987 1231 supponit
1003 1144 1181 1212 cardinalis
1196 1144 1239 1212 de

114 1265 215 1332 Luca.
234 1264 280 1331 Ut
294 1265 379 1331 enim
392 1262 481 1330 idem
496 1262 632 1330 suadeat
647 1261 756 1349 queam
769 1262 935 1329 vicarium
961 1260 1184 1345 capitularem,
1198 1259 1240 1327 ab

114 1381 267 1466 exemplo
282 1380 403 1447 Vicarii
418 1381 577 1466 generalis
590 1380 741 1465 Episcopi
757 1385 1006 1464 argumentatur
1020 1377 1053 1443 in
1071 1377 1158 1443 hunc
1171 1395 1241 1443 mo-

114 1493 221 1561 dum:
240 1518 257 1558 ιι
276 1493 372 1562 Unde
387 1503 574 1579 propterea,
594 1491 874 1580 quemadmodum
891 1493 1049 1576 Episcopo
1064 1499 1238 1575 prasente,

118 1620 250 1696 «atque
269 1617 307 1676 ut
326 1611 502 1695 plurimum
528 1617 655 1688 extero,
679 1609 796 1687 adhuc,
818 1609 862 1675 ob
882 1609 1000 1674 civicas
1021 1608 1243 1674 emulationes

117 1744 188 1792 cae
203 1726 373 1804 factiones,
395 1731 567 1809 injaapitar
595 1732 754 1790 aeremitae
771 1726 900 1790 audendi
923 1729 1075 1790 Vitorium
1089 1731 1236 1804 exteram,

122 1840 376 1924 «multomagis
398 1840 470 1906 fieri
492 1839 631 1908 deberet
644 1839 728 1907 Sede
744 1848 896 1924 vacante3
917 1839 1068 1924 quoniam
1084 1839 1130 1904 ita
1144 1840 1244 1924 elige·

121 1964 269 2022 arentur
279 1956 394 2023 famosi
406 1956 559 2024 doctores
575 1976 611 2022 ac
625 1975 771 2040 personae
783 1975 866 2042 quae,
885 1975 927 2022 ex
944 1955 1013 2021 aliis
1027 1953 1092 2041 jam
1104 1957 1245 2038 peractis

122 2095 139 2134 a
156 2072 358 2152 muneribus,
378 2074 411 2138 in
426 2074 560 2158 regione
572 2073 678 2138 sintin
690 2091 805 2156 magna
819 2072 1040 2138 estimatione.
1057 2093 1073 2133 a
1089 2069 1150 2158 (ld
1168 2089 1242 2136 con·

123 2188 237 2254 cilium
249 2185 485 2268 Tridentinum
503 2187 652 2254 discursu
669 2192 724 2268 31,
742 2209 775 2253 n.
793 2191 830 2253 21
841 2185 862 2273 ‚i

168 2307 203 2368 2⁰
226 2303 411 2370 Concordat
435 2304 635 2389 Pignatellus
676 2304 776 2392 (tomo
796 2309 828 2383 9,
854 2305 992 2371 consult.
1024 2303 1098 2390 162)
1123 2324 1130 2369 :
1156 2328 1172 2366 a
1193 2304 1242 2371 An

123 2420 346 2506 «originarius
365 2421 514 2500 civitatis,
533 2421 587 2487 vel
602 2420 804 2487 dioecesanus
819 2423 920 2506 possit
937 2441 1008 2488 esse
1023 2423 1169 2487 Vicarins
1186 2441 1243 2507 ge-

123 2559 140 2599 «
154 2535 298 2603 neralis?
316 2536 513 2621 Respondeo
530 2537 693 2621 negative.
714 2537 836 2603 Extant
858 2539 945 2604 enim
960 2538 1020 2603 hac
1035 2536 1078 2604 de
1097 2557 1134 2604 re
1149 2540 1244 2623 plura

124 2652 301 2733 «decreta,
328 2672 404 2718 cum
423 2653 457 2718 in
480 2671 613 2736 genere,
637 2660 708 2718 tum
724 2653 758 2717 in
776 2655 885 2736 specie
905 2655 1028 2719 tenoris
1049 2657 1240 2740 sequentis:

125 2789 144 2833 a
159 2775 353 2852 originarias
365 2775 500 2834 civitatis
513 2769 561 2832 oei
579 2772 722 2850 diocesis,
739 2789 799 2833 aaa
805 2776 905 2852 potest
918 2789 979 2832 esse
991 2774 1130 2834 Vitarias
1146 2791 1158 2834 .·
1172 2790 1244 2834 aam

127 2908 144 2948 a
153 2894 280 2969 propter
307 2891 592 2968 consanguinium,
621 2886 797 2966 affinitates,
826 2889 1082 2967 familiaritates,
1113 2894 1143 2949 et
1164 2890 1245 2951 alias

127 3007 348 3082 «attinentias,
363 3009 462 3084 potest
480 3004 639 3066 deviarem
661 3010 740 3067 recto
765 3007 887 3065 tramite
901 3007 1043 3085 justitia,
1063 3003 1110 3065 aei
1123 3010 1201 3067 certe
1214 3023 1246 3067 se

128 3141 146 3180 a
165 3121 288 3183 reddere
297 3121 439 3200 partitas
454 3124 630 3200 aspectam.
652 3118 702 3183 Ita
717 3118 812 3182 Sacra
827 3117 1042 3202 congregatio
1057 3136 1157 3202 super
1171 3119 1247 3203 Epi-

129 3257 146 3296 r
160 3233 263 3318 scopis
278 3241 312 3299 et
325 3233 540 3317 regularibus,
558 3233 591 3297 in
604 3234 811 3313 Hostunensi,
829 3234 871 3299 28
883 3230 956 3317 julii
974 3236 1057 3300 1587
1069 3254 1077 3318 ;
1090 3233 1247 3319 inspala·

130 3350 273 3427 utrensi,
298 3353 320 3416 9
339 3349 447 3414 martii
472 3351 576 3433 15933
595 3350 628 3414 in
650 3349 888 3432 Senogalliensi,
911 3351 951 3414 10
966 3348 1124 3416 februarii
1141 3352 1242 3436 15983

131 3465 194 3530 ain
206 3465 345 3544 Sutrino,
361 3466 400 3530 16
413 3462 599 3530 novembris
613 3465 714 3549 16403
726 3465 907 3550 passimque
920 3465 1039 3531 alibi...
1053 3466 1098 3532 Ea
1114 3465 1247 3551 quidem

131 3579 288 3646 «ratione
304 3576 490 3664 hujusmodi
505 3577 623 3645 Viearii
637 3580 765 3668 (nempe
782 3580 946 3664 originarii
968 3578 1156 3665 dioeeeseos)
1170 3599 1248 3647 con·

132 3695 254 3762 astitui
279 3714 345 3761 non
370 3702 518 3778 possunt,
537 3703 572 3762 et
589 3696 757 3764 constituti
772 3695 937 3761 removeri
952 3694 1088 3774 debent,
1104 3695 1247 3764 neforto

132 3811 315 3890 «amicitia,
329 3811 583 3895 propinquitate,
597 3811 711 3895 gratia,
732 3816 834 3888 metu,
851 3809 996 3889 adducti,
1011 3809 1065 3896 jus
1078 3811 1249 3878 interdum·

132 3953 151 3991 a
166 3929 275 4013 aliquo
298 3925 396 3995 modo
418 3927 556 4005 violent,
578 3926 749 4012 minusque
770 3926 874 3992 libere
898 3925 1035 3993 dicant:
1053 3934 1091 3993 ut
1112 3928 1248 4011 proinde

134 4069 150 4107 «
164 4053 296 4112 sanctus
318 4039 462 4123 Carolus,
479 4043 528 4110 his
543 4043 722 4110 rationibus
746 4050 866 4122 motus,
892 4044 1055 4109 Vicarium
1077 4051 1250 4110 externum

136 4159 354 4228 «adhibuerit
395 4160 491 4247 (teste
517 4159 630 4225 Carolo
646 4177 664 4222 a
680 4157 812 4224 basilica
827 4158 919 4224 Petri
934 4159 968 4222 in
982 4157 1053 4244 ejus
1075 4160 1151 4238 vita,
1169 4161 1191 4226 l.
1216 4167 1248 4240 7,

136 4302 152 4340 «
167 4298 198 4345 c.
217 4277 285 4361 36).
307 4279 393 4358 Quod
404 4282 496 4340 ettam
505 4283 549 4340 est
561 4279 672 4360 dejure
687 4295 697 4338 :
717 4274 800 4358 Quia
818 4274 957 4341 officium
972 4275 1148 4342 vicariatus
1167 4294 1250 4362 prae-

136 4421 152 4460 «
167 4394 271 4461 scient
289 4390 564 4479 jurisdictionem,
588 4409 685 4477 quam
700 4391 734 4457 in
748 4394 880 4476 propria
894 4391 998 4476 patria
1016 4393 1167 4460 exerceri
1185 4413 1251 4461 non
