2714 4980
122 267 186 335 aut
472 280 727 337 emeramnus
747 283 897 335 sunum.

122 424 218 493 posse
233 407 482 477 circumstantie
493 406 556 473 illae
567 406 792 490 particulares,
808 407 844 473 in
853 406 973 493 quihus
984 406 1144 494 expediat
1152 427 1230 477 assa

122 524 167 591 mi
177 523 322 590 vicarios
336 522 507 606 generales
525 542 567 589 ex
582 523 740 606 religiosis
754 523 902 602 cetibus,
917 530 1035 608 utpote
1056 523 1146 610 apud
1159 542 1233 610 quos

121 638 249 707 nutus
266 639 432 706 multoties
445 639 656 722 reperientur
669 639 732 705 viri
744 637 895 707 doctrino
907 647 943 707 et
963 658 1095 707 morum
1106 640 1234 725 integri-

121 760 192 823 tate
204 754 381 838 conspicui.
394 753 617 822 Inudabihter
626 753 893 840 proindedictam
903 756 1072 823 licentiam
1082 755 1236 843 (stranea

121 871 303 937 necessarh
321 869 463 938 dicenda
485 869 538 957 sit)
564 869 606 937 ab
624 871 791 954 Episcopis
809 872 879 954 peti
901 888 1015 955 posse,
1034 879 1070 938 et
1095 888 1116 937 a
1139 871 1237 937 Sncns

121 986 434 1072 Gongregationihus
446 986 595 1054 concedi.

164 1101 316 1184 Qunsno
330 1105 376 1170 6⁸.
391 1138 437 1152 --
450 1106 498 1169 Ara
510 1104 661 1186 parochus
677 1108 776 1185 poscit
793 1122 855 1167 csse
879 1104 971 1167 umal
993 1105 1137 1167 Vicorc'us
1157 1122 1238 1186 pcae-

120 1220 197 1283 rula's
207 1222 224 1283 l
233 1255 280 1269 -
291 1221 323 1283 1⁰
338 1218 370 1283 Si
381 1226 497 1302 agatur
508 1218 551 1286 de
567 1218 708 1304 parocho
716 1225 810 1284 extra
825 1219 992 1284 ciuitatem
1009 1218 1236 1302 episcopalem,

120 1340 156 1398 et
169 1352 189 1398 a
203 1332 331 1398 fortiori
347 1341 441 1399 extra
463 1332 644 1412 dioecesim,
666 1333 851 1417 parochiam
873 1332 1027 1410 habente,
1047 1340 1179 1399 certum
1193 1340 1239 1399 est

121 1465 197 1513 cum
210 1467 276 1514 non
284 1466 379 1532 posse
390 1449 596 1515 inVicarium
610 1449 797 1532 generalem
808 1449 937 1515 assumi.
951 1448 1110 1532 Sequitur
1122 1448 1239 1532 exlege

121 1561 318 1642 residentis,
333 1582 394 1649 qua
408 1564 567 1648 parochus
577 1565 809 1649 obstringitur3
824 1583 895 1650 quae
909 1563 1064 1646 obligatio
1075 1561 1240 1631 residendi

119 1681 154 1744 in
166 1678 227 1747 hoc
238 1698 314 1747 casu
326 1680 454 1746 omnino
469 1680 717 1765 incompatibilia
729 1688 780 1747 est
796 1699 871 1748 cum
879 1680 999 1745 vicarii
1013 1679 1177 1762 generalis
1193 1677 1239 1745 oi·

119 1795 205 1861 ficio.
224 1797 258 1860 2⁰
269 1795 402 1862 Etiamsi
415 1804 531 1880 agatur
541 1795 585 1863 de
600 1796 752 1880 parocho,
770 1796 893 1879 inipso
910 1794 1090 1879 episcopali
1107 1795 1238 1860 civitate

119 1924 233 1978 curam
248 1911 430 1979 animarum
440 1912 592 1991 habente,
609 1911 826 1978 communiter
840 1919 962 1994 negant
976 1909 1133 1977 doctores
1144 1926 1235 1992 posse

119 2047 195 2093 enm
205 2028 240 2093 in
251 2028 415 2093 vicarium
428 2027 752 2113 generalemassumi3
764 2046 806 2093 ex
816 2047 855 2093 ea
870 2045 991 2110 nempe
1003 2027 1147 2103 ratione,
1155 2023 1239 2110 quod

119 2140 187 2206 haec
199 2141 265 2208 duo
272 2141 372 2208 officia
381 2141 544 2209 ordinarie
554 2149 589 2208 et
603 2142 796 2227 regulariter
807 2160 873 2207 non
881 2142 1006 2226 possint
1018 2139 1135 2207 debito
1146 2139 1239 2206 mollo

119 2257 216 2325 simul
230 2257 414 2341 adimpleri.
432 2257 515 2326 Vide
530 2260 716 2325 Ferrarium
726 2257 781 2346 (ad
798 2277 913 2324 vocem
929 2263 1068 2323 Vtccrius
1078 2259 1235 2340 pecualis,

118 2382 181 2440 art.
203 2379 232 2453 l,
251 2394 283 2438 n.
300 2372 366 2459 27),
386 2375 583 2441 Leurenium
608 2373 656 2461 (de
672 2378 802 2439 Vicorir's
816 2378 933 2456 Epicu,
959 2391 1032 2456 cap.
1056 2376 1087 2449 l,
1122 2390 1156 2457 q.
1175 2368 1237 2454 54);

116 2509 246 2559 necnon
269 2510 309 2557 ea
323 2508 395 2576 quae
412 2489 552 2556 diximus
568 2491 603 2555 in
620 2496 765 2556 tractatu
786 2493 823 2554 de
843 2492 1004 2572 Capitulis,
1031 2489 1151 2572 pagina
1165 2492 1237 2565 579,

110 2603 244 2693 'agendo
257 2606 301 2680 de
317 2607 446 2673 llicario
460 2607 643 2690 capitulari.
662 2607 760 2672 Citati
779 2614 890 2672 nutem
905 2612 1058 2671 auctores
1077 2605 1186 2671 varias
1199 2605 1240 2670 ul-

116 2725 238 2807 legant,
255 2721 300 2790 ad
314 2721 509 2789 firmandam
536 2722 775 2791 conclusionem
789 2721 883 2800 hanc,
903 2721 1077 2786 Sacrorum
1105 2720 1241 2803 Congre-

117 2839 283 2924 gationum
302 2839 520 2906 Romanarum
538 2836 789 2904 declarationes.
805 2837 847 2902 Et
866 2843 1032 2919 praetereo
1043 2835 1078 2900 in
1098 2843 1190 2901 tomo
1202 2837 1238 2901 23

119 2957 265 3026 Thesauri
283 2958 499 3020 resolutionem
509 2953 613 3019 Sacra
626 2953 891 3036 congregationis
907 2951 1050 3028 eoncutl,
1068 2952 1188 3035 pagina
1209 2953 1237 3028 5,

119 3071 167 3139 sic
182 3088 253 3138 asse
273 3078 346 3137 tum
369 3072 499 3154 reperio
515 3091 523 3135 ι
543 3068 670 3151 «Quod
686 3068 832 3134 vicarius
847 3067 1007 3151 generalis
1022 3066 1178 3150 Episcopi
1189 3085 1242 3131 ne-

121 3207 138 3246 o
159 3189 259 3268 queat
270 3184 366 3249 simul
381 3202 452 3249 esse
470 3182 642 3266 parochus,
658 3181 839 3265 praesertim
854 3181 882 3245 si
896 3179 1158 3263 parochiaextra
1168 3179 1241 3245 civi·

121 3323 141 3362 c.
156 3305 260 3367 tatem
278 3301 331 3378 sit,
351 3300 524 3367 canonistae
535 3318 601 3364 non
616 3295 846 3364 contemnendi
859 3295 1021 3362 affirmant
1036 3293 1193 3381 (Borhosa
1205 3303 1236 3360 ia

120 3421 277 3507 asumma
289 3420 403 3482 collect.
417 3419 523 3496 dece„
538 3416 642 3483 verbo
655 3419 803 3494 Viccrico,
821 3432 855 3478 ιι.
872 3410 919 3496 3).
933 3410 974 3478 Id
988 3411 1114 3496 pluries
1127 3410 1238 3479 decre·

120 3559 138 3599 u
155 3536 204 3603 vit
225 3537 323 3603 Sacra
341 3534 556 3619 congregatio
582 3535 816 3617 Episcoporum
834 3532 879 3618 (in
905 3533 1145 3596 Resoluttooibto
1162 3547 1239 3615 quas

121 3677 142 3716 c
157 3654 263 3723 refert
288 3653 431 3721 Nicolius
446 3652 481 3719 in
495 3651 600 3717 verbo
620 3655 769 3727 Vicae-tus,
794 3668 828 3713 ιι.
846 3644 915 3731 37).
937 3645 1101 3730 idipsum
1128 3646 1238 3712 statuit

120 3758 140 3833 c
158 3770 331 3841 Sacrahrcc
341 3768 556 3853 congregatio
567 3766 612 3854 (in
624 3768 760 3845 Nullius,
773 3762 829 3830 die
847 3766 888 3828 12
900 3761 977 3828 maii
991 3763 1089 3838 1629,
1104 3761 1191 3828 libro
1201 3760 1236 3826 ll

121 3912 142 3949 c
155 3886 379 3964 decretorum,
402 3886 517 3969 pagina
532 3881 624 3967 81).»
642 3879 913 3951 concludendum
930 3896 1010 3963 ergo
1028 3877 1166 3945 videtum
1177 3895 1238 3944 nou

118 4005 221 4072 licere
244 4013 283 4073 ut
310 4002 486 4079 Parochus,
518 4001 616 4066 etiam
634 3999 668 4065 in
689 3998 823 4064 civitate
848 3995 1030 4079 episcopali
1049 4012 1163 4060 omnm
1184 3993 1238 4058 ho·

120 4122 214 4200 bens,
230 4123 273 4189 sit
297 4119 393 4189 snut
409 4118 556 4186 vicarius
581 4115 752 4200 generalis.
773 4118 808 4182 3ο
829 4114 862 4179 Si
882 4121 993 4179 tamen
1021 4111 1064 4178 ah
1082 4111 1238 4195 Episcopo

120 4237 217 4306 fieret
226 4234 388 4322 ejusmodi
401 4233 589 4311 nominatio,
607 4252 651 4297 an
668 4231 756 4299 foret
769 4238 836 4297 non
847 4234 977 4297 tuntum
989 4226 1115 4303 illicito,
1132 4223 1193 4292 sed
1205 4229 1237 4289 et

121 4353 286 4427 munibat
301 4355 370 4438 ligo
386 4370 452 4421 nou
465 4349 688 4427 aonlturen,
701 4365 779 4419 cum
795 4365 837 4415 ex
855 4344 947 4413 nullo
961 4340 1048 4429 jutis
1059 4347 1167 4418 textu
1183 4357 1234 4405 ne·
