2714 4980
554 289 634 337 rens
656 289 769 337 rurus.
1161 275 1223 339 263

151 419 186 487 2.
206 414 349 498 'Quidsit
357 430 529 484 eumenum
542 414 711 491 connexio,
724 432 784 488 seu
794 415 1003 494 continentie,
1016 423 1052 483 et
1061 414 1227 502 quomedo

102 550 171 618 per
191 548 266 601 enm
285 529 399 617 judex,
423 528 557 602 aliunde
572 530 808 614 incompetens,
829 538 1017 615 competens
1034 530 1163 601 evadet.
1179 566 1226 591 ..-

102 648 271 719 i'enucxn
289 646 446 717 dicuntur
462 645 537 716 dure
554 665 668 725 muse,
696 646 826 732 quondo
842 667 907 715 unu
926 648 996 715 eine
1018 648 1123 717 altere
1138 667 1226 718 eom·

101 764 206 833 mode
226 763 345 830 discuti
359 771 394 831 et
412 762 521 830 dirimi
538 764 670 851 nequit;
692 763 781 849 quod
796 767 916 844 evenit,
934 765 988 830 vel
1005 763 1135 851 quondo
1153 768 1226 852 plu-

102 900 161 953 m
188 898 336 966 persone
361 879 478 951 eodem
501 900 596 949 couno
620 881 849 960 involvuntur,
875 882 961 967 quio,
990 882 1084 953 verbi
1108 883 1221 966 gretie,

105 996 300 1067 coheredes
307 1005 365 1065 out
372 999 464 1067 socie
476 998 626 1081 fuorunt;
645 997 839 1083 velquendo
850 1016 954 1065 eeusae
969 997 1090 1067 decisio
1100 998 1225 1084 pendet

104 1135 130 1181 e·
140 1113 306 1185 decisione
322 1114 467 1198 plurium
479 1115 705 1201 questionum.

150 1230 278 1315 Regulo
292 1231 454 1314 gerendis
471 1238 522 1297 est
537 1249 649 1299 censes
666 1250 827 1298 connexas
841 1231 883 1299 ob
898 1251 964 1299 uun
978 1231 1159 1318 eodemque
1172 1231 1225 1318 ju-

105 1345 182 1417 dieo
196 1345 306 1415 dirimi
318 1345 455 1426 dehere,
475 1356 513 1414 ut
532 1347 694 1431 colligitur
708 1367 726 1413 e
744 1347 855 1414 multis
867 1347 949 1433 juris
967 1350 1112 1416 cononici
1128 1351 1226 1416 texti·

104 1464 179 1541 bus,
196 1480 279 1548 quoe
297 1461 456 1533 indicetne
473 1463 549 1530 uide
567 1460 656 1547 opud
676 1464 965 1547 Schmolzgrueber
981 1464 1025 1551 (in
1041 1466 1173 1533 titulum
1191 1470 1222 1546 1,

103 1581 214 1651 utne
229 1579 453 1659 decretalium,
472 1600 506 1649 n.
522 1577 589 1664 72).

149 1697 306 1779 Quisnam
326 1704 438 1764 eutem
452 1698 494 1765 nit
506 1697 670 1782 legitimus
682 1696 786 1783 judex
804 1697 912 1783 quood
932 1696 1092 1783 ejusmodi
1113 1719 1225 1769 enuere

104 1830 278 1892 connexus,
292 1813 378 1879 inter
392 1811 544 1879 doctores
553 1814 821 1882 controvertitur.
833 1813 895 1881 dlii
906 1820 1021 1880 tenent
1035 1814 1225 1883 adeundum

103 1928 198 1995 illum
214 1929 271 2014 qui
285 1936 335 1994 est
353 1929 501 2013 superior
514 1936 666 2013 respectu
682 1929 826 1997 omnium
845 1931 1001 1997 interesse
1018 1931 1220 2005 habentium.

105 2044 318 2112 Contendunt
331 2045 385 2110 elii
396 2046 526 2112 minime
538 2044 804 2129 distinguendum
824 2065 894 2112 esse
910 2047 997 2112 inter
1006 2049 1221 2130 superiorem,

103 2160 305 2242 inferiorem,
333 2163 534 2248 aequnlemve
549 2159 711 2247 jndicem;
729 2160 788 2227 sed
803 2161 845 2228 ob
860 2181 901 2227 eo
920 2161 1030 2247 judice
1045 2165 1224 2231 terminon-

103 2275 181 2344 dnm
194 2278 302 2356 litem,
320 2278 376 2363 qui
388 2276 645 2363 jurisdictionem
660 2275 784 2343 hebens
794 2279 828 2343 in
841 2296 941 2342 unum
955 2298 997 2345 ex
1011 2280 1124 2358 coreis,
1147 2299 1224 2347 ceu·

103 2413 171 2461 eom
187 2395 440 2478 preoccupavit.
456 2392 517 2459 Alii
531 2393 576 2458 sie
590 2391 771 2477 distingunt
789 2412 796 2456 :
813 2394 840 2458 si
853 2392 957 2479 judex
977 2414 1086 2460 eorem
1105 2413 1169 2479 quo
1183 2397 1222 2463 lie

103 2517 213 2594 eoepte
231 2516 292 2588 est,
316 2516 506 2594 competens
516 2509 557 2574 sit
573 2514 727 2593 respectu
741 2509 884 2576 omnium
895 2530 1066 2579 cereorum
1081 2512 1137 2579 rel
1150 2531 1223 2579 cnu-

102 2646 214 2695 enrum
236 2645 465 2705 connexorum,
490 2644 599 2691 eorem
613 2643 664 2704 ee,
682 2625 760 2692 licet
777 2626 942 2706 inferiori,
965 2647 1061 2693 causa
1078 2627 1220 2695 finiende

101 2752 167 2828 est3
184 2745 235 2809 ein
249 2762 330 2810 vere
343 2750 497 2826 respectu
510 2741 645 2827 alicujus
656 2761 697 2808 ex
708 2742 822 2820 coreis,
838 2744 894 2809 vel
906 2743 1043 2829 alicujus
1056 2764 1097 2810 ex
1116 2743 1221 2809 causis

100 2859 267 2938 connexis,
282 2860 504 2943 incompetens
520 2859 716 2942 reperietur,
734 2857 905 2925 adeundus
927 2866 978 2924 est
996 2860 1052 2944 qui
1070 2859 1221 2943 superior

100 2984 150 3047 eet
163 2981 323 3058 respectu
338 2975 481 3041 omnium
497 2993 667 3045 munerum
682 2993 912 3054 connexorum,
935 2973 988 3040 vel
1003 2965 1146 3041 omnium
1165 2993 1218 3039 co-

99 3108 244 3165 resium.
269 3088 362 3176 (Vide
389 3088 696 3173 Sehmelzgrueber,
721 3091 757 3159 iu
783 3090 834 3155 tit.
864 3092 903 3167 l,
929 3087 1005 3157 libri
1029 3091 1049 3155 2
1072 3087 1213 3169 decret,

98 3229 131 3279 u.
147 3207 218 3293 74.)
309 3250 311 3255 ·

140 3325 313 3399 Generolis
324 3343 405 3393 vere
417 3325 531 3407 regule
542 3320 639 3391 medo
650 3322 781 3402 trudito,
798 3341 910 3391 censes
919 3342 1039 3407 nempe
1054 3340 1217 3401 connexus

97 3444 139 3517 eb
159 3463 229 3514 uuo
250 3429 434 3526 eodemque
452 3440 562 3526 judice
585 3459 656 3507 esee
682 3440 916 3520 terminandos,
937 3443 1100 3509 nonnullis
1121 3462 1216 3511 exee-
1265 3531 1268 3536 Ι

95 3558 264 3645 pitonibus
277 3557 489 3636 obnoxiaest.
504 3559 584 3625 Nem
598 3561 629 3622 1⁰
642 3558 669 3622 si
680 3565 771 3625 ector
781 3575 892 3623 causes
903 3577 1064 3635 connexos
1075 3557 1212 3637 dividet,

95 3683 195 3762 etque
208 3672 252 3741 nd
268 3673 550 3759 diversosjudices
564 3672 702 3753 deferet,
725 3693 803 3740 reus
824 3693 903 3740 vero
920 3683 995 3741 onte
1016 3675 1083 3741 litis
1104 3682 1217 3741 conte·

95 3792 270 3863 eudonem
281 3811 348 3857 non
361 3799 504 3875 opponet
515 3792 741 3875 exceptionem
753 3812 813 3857 ecc
826 3795 998 3857 diuidendo
1012 3812 1119 3872 cause,
1142 3799 1215 3857 ueto

94 3904 278 3979 universis
287 3903 416 3990 judiciis
428 3904 587 3971 valebunt
602 3904 689 3992 (vide
701 3905 1005 3990 Sclimelzgrueber,
1018 3907 1091 3970 loco
1102 3907 1211 3983 citato,

95 4046 128 4092 n.
150 4020 219 4107 75).
238 4025 273 4089 2⁰
284 4023 317 4088 Si
329 4042 394 4089 une
406 4042 447 4095 ex
460 4023 565 4089 causis
578 4024 732 4089 connexis
745 4023 922 4106 spiritualis
933 4023 985 4100 sit,
998 4021 1102 4107 judex
1114 4020 1216 4087 luteus

95 4139 325 4224 detempereti
347 4139 506 4227 judicans,
527 4160 593 4207 non
608 4147 718 4226 potest
738 4139 835 4207 simul
855 4139 898 4207 de
919 4139 1078 4224 spiiitunli
1098 4158 1217 4225 cogne-

95 4276 209 4339 scere3
229 4253 291 4322 sed
308 4263 442 4323 tenetur
457 4275 528 4323 enin
544 4255 586 4323 od
599 4254 744 4342 judicem
756 4256 1008 4325 ecclesiasticum
1022 4257 1211 4324 remittere:
