2714 4980
121 273 184 334 508
268 338 275 345 ,
477 284 671 334 raimerus*
686 288 729 334 ou
751 285 902 334 sonions.

119 422 210 494 ctum,
227 418 334 496 coique
344 418 468 498 punam
483 415 574 493 fidem
588 415 772 495 [cett-lta
785 422 901 480 teuent
920 414 1080 482 doctores
1099 433 1231 480 commn-

119 528 217 594 uiter.
239 552 256 589 a
272 530 433 608 dotatus,
455 530 499 594 ait
521 528 687 612 Pirrhing,
711 530 797 595 intra
810 529 1019 596 territorium
1044 529 1131 614 ejus,
1154 529 1233 616 cujus

124 666 141 703 α
159 644 352 709 auctoritate
366 652 416 710 est
433 645 640 721 constitutus,
663 650 773 728 potest
788 645 951 735 conficere
973 647 1231 723 instrumentum,

124 779 141 817 «
158 759 254 824 etiam
279 762 442 826 extraneis
463 779 501 824 ac
515 761 697 842 peregrinis
714 779 790 825 eum
805 760 1009 843 rogantibus,
1026 759 1113 826 adeo
1131 767 1169 825 ut
1180 762 1234 826 tale

124 899 140 935 a
157 876 411 942 instrumentum
426 877 523 941 etiam
537 877 623 953 alibi,
643 895 702 940 seu
717 882 810 941 extra
826 878 1034 942 territorium
1048 878 1235 943 constituen-

125 1013 141 1048 a
159 991 201 1055 tis
216 990 336 1075 ubique
352 992 483 1075 plenam
500 990 601 1056 fidem
621 992 761 1056 faciat...
782 992 877 1059 Ratio
898 999 963 1070 est,
990 995 1070 1077 quia
1095 993 1193 1058 fidem
1210 1001 1235 1057 et

125 1107 387 1205 «auctoritatem
412 1106 575 1190 publimm
592 1106 657 1192 jam
681 1108 807 1190 accepit
837 1088 1098 1173 instrumentum
1125 1111 1160 1173 in
1176 1109 1234 1174 loco

126 1222 395 1299 «constituentis,
415 1229 449 1288 et
463 1222 594 1308 quidem
614 1243 633 1288 a
649 1222 723 1308 jure
745 1225 927 1308 eommuni;
945 1224 1093 1309 ideoque
1113 1227 1235 1308 vis'prc·

127 1338 258 1404 «bandi
274 1341 374 1404 semel
392 1348 474 1418 orta,
505 1360 569 1405 non
595 1340 723 1405 tollitur
745 1342 923 1406 mutatione
953 1342 1033 1407 loci
1047 1365 1064 1403 »
1100 1343 1159 1428 (lu
1175 1344 1235 1408 titu-

125 1455 193 1518 lum
209 1457 261 1532 02,
284 1456 358 1521 libri
375 1456 629 1533 idecretalium
650 1477 683 1520 n.
704 1455 769 1540 10.)
787 1455 869 1521 Vide
884 1457 983 1521 etlam
1004 1457 1236 1542 Fagnanum(iu

127 1577 225 1651 caput
237 1575 332 1647 Sicci,
346 1573 398 1636 tit.
410 1577 455 1636 Ne
465 1545 566 1634 clerici
581 1575 628 1635 cel
641 1572 789 1650 mortcclri,
806 1591 839 1634 n.
860 1568 926 1654 53).
940 1560 1038 1637 Ratio
1052 1579 1166 1636 autem
1178 1571 1236 1635 fun-

127 1685 319 1752 damentalis
339 1695 390 1751 est
412 1688 548 1770 ipsamet
566 1687 777 1752 institutionis
797 1687 997 1751 notarIorum
1019 1695 1151 1751 natura.
1172 1685 1236 1750 Ideo

128 1804 226 1878 enim,
240 1809 274 1866 et
285 1804 318 1867 in
331 1803 484 1879 Ecclesia,
501 1810 536 1867 et
548 1804 579 1866 iu
595 1803 751 1867 societate
766 1802 920 1877 seculari,
938 1803 1062 1866 notarii
1077 1802 1237 1885 excogitati

129 1926 204 1984 snut
215 1927 250 1984 et
262 1919 411 1995 instituti,
427 1927 464 1984 ut
475 1938 536 2003 per
549 1919 691 2002 Ipsorum
704 1919 913 2001 scriptionem
928 1926 964 1983 et
975 1918 1238 2002 subscriptionem

129 2036 225 2118 plene
248 2043 281 2100 et
299 2036 334 2099 iu
356 2043 554 2119 perpetuum
578 2041 741 2100 constaret
761 2034 803 2099 de
819 2035 898 2099 actis
917 2041 952 2099 et
970 2036 1084 2116 gestis.
1101 2035 1166 2116 Qui
1179 2053 1240 2117 pro·

129 2151 218 2216 lecto
238 2169 356 2233 scopus
374 2171 438 2216 nou
455 2150 672 2227 obtineretur,
695 2150 723 2213 si
742 2151 846 2214 semel
870 2168 888 2212 a
913 2150 1045 2215 notario
1066 2148 1239 2214 confectum

128 2269 381 2332 instrumentum
397 2268 525 2350 plenam
540 2266 641 2332 fidem
657 2285 722 2330 uon
740 2266 867 2331 laceret
889 2264 1024 2350 ubique,
1052 2264 1115 2330 sed
1134 2267 1167 2329 iu
1182 2266 1240 2330 loco

55 2385 58 2391 '
129 2391 256 2449 tantum
269 2383 327 2449 ubi
344 2385 563 2467 couscriptum
577 2391 637 2448 est.
657 2385 726 2448 Imo
742 2401 841 2447 verus
852 2383 997 2448 notarius
1013 2381 1083 2447 dici
1103 2400 1168 2445 nou
1181 2399 1240 2464 pos

129 2508 180 2564 set
197 2497 290 2584 cujus
302 2500 519 2565 instrumento
533 2501 654 2584 ubique
668 2499 799 2582 publica
817 2497 901 2564 fides
915 2517 980 2562 non
997 2497 1193 2563 deberetur.

174 2619 265 2681 Nota.
291 2614 460 2697 Quomodo
485 2615 552 2678 rim
571 2613 615 2680 ad
634 2614 842 2698 probandum
860 2614 1020 2690 habeant,
1040 2622 1114 2679 tum
1133 2615 1239 2678 instru-

131 2740 276 2797 mentum
288 2733 395 2815 ipsum
409 2751 428 2796 a
441 2732 568 2796 notario
582 2732 780 2809 confectum,
795 2739 867 2796 tum
882 2729 1031 2814 ejusdem
1043 2727 1242 2795 instrumenti

130 2847 358 2931 protocollum,
372 2855 443 2913 tum
458 2848 606 2930 exempla
617 2837 662 2911 'ex
677 2847 823 2930 originali
838 2846 1023 2928 desumpta,
1040 2853 1117 2910 tum
1136 2848 1244 2909 instru-

131 2972 240 3030 menta
256 2983 369 3029 rasura
381 2965 486 3049 aliqua
498 2965 551 3028 vel
563 2983 676 3029 errore
688 2963 875 3047 deturpata,
894 2961 970 3027 vide
985 2960 1060 3026 fuse
1075 2966 1243 3027 tractatum

132 3077 220 3164 apud
235 3079 386 3163 Plrrhing
399 3080 442 3165 (iu
453 3081 585 3145 titulum
601 3082 655 3157 22,
670 3079 748 3144 libri
763 3082 783 3143 2
796 3078 1021 3155 decretalium,
1037 3077 1185 3142 numeris
1197 3077 1240 3153 15,

136 3199 333 3273 16,17,18,
361 3199 411 3274 19,
435 3199 488 3272 00,
514 3199 568 3274 21,
589 3199 641 3272 22,
665 3199 704 3261 23
723 3194 837 3279 et50).

631 3492 645 3564 ,1
671 3486 758 3551 VIII.

457 3739 490 3785 De
504 3736 623 3798 requisitis
637 3736 661 3783 in
677 3735 767 3784 notario
783 3735 942 3797 qualitatibus.

187 4010 215 4067 1.
242 4005 350 4070 Debet
363 4023 431 4068 esse
445 4003 590 4086 legitimo
605 4002 809 4066 matrimonio
822 4007 926 4064 notua.
945 3997 1122 4083 (Pirrhing,
1138 3999 1172 4062 in
1184 3998 1251 4061 titu-

139 4120 208 4185 lnm
226 4123 280 4199 22,
297 4120 373 4186 libri
391 4122 410 4183 2
426 4118 653 4196 decretalium,
675 4139 707 4182 n.
724 4115 773 4200 9.)

186 4239 217 4300 2.
243 4238 441 4323 Requiritur,
459 4257 523 4302 non
544 4236 675 4322 quidem
691 4243 729 4300 ut
748 4237 859 4301 laurea
881 4233 1052 4316 insignitus
1069 4232 1181 4311 fuerit,
1199 4227 1250 4294 sed

138 4359 250 4420 ‚tamen
261 4361 299 4418 ut
309 4354 351 4418 sit
368 4354 493 4438 peritus
502 4352 597 4438 juris,
611 4353 665 4417 vel
679 4352 794 4420 saltem
809 4371 848 4416 ea
863 4350 942 4417 sciat
958 4367 1031 4436 quae
1050 4347 1094 4417 ad
1106 4366 1197 4416 suum
1211 4343 1251 4412 of-
