2714 4980
575 311 657 360 ntus
677 309 792 359 rum.
1224 297 1242 356 7

128 441 239 522 modo,
260 445 296 507 et
312 457 332 506 a
349 454 551 524 quacumque
569 453 707 521 persona
724 431 846 520 diqnid
863 431 1111 518 pronuntiem.
1127 431 1157 496 oi
1172 447 1245 498 een-

127 557 231 625 tentia
245 555 373 622 feratur
384 552 427 619 de
443 553 505 619 alia
519 570 557 619 re
571 559 791 637 preterquam
803 547 846 615 de
859 567 893 614 co
907 543 992 637 quod
1003 541 1104 615 alicui
1113 565 1154 614 cc
1166 537 1245 636 jure

127 671 257 740 debete
274 671 324 760 (id
341 678 393 738 eat
411 670 466 736 vel
486 667 529 736 de
546 687 644 755 poeno
665 668 720 735 vel
732 667 775 734 de
793 664 964 733 commodo
981 664 1077 731 alicui
1092 662 1167 750 jure
1188 662 1245 731 de·

127 787 229 874 bitis),
245 787 403 874 judicium
414 803 489 851 'non
510 786 585 851 erit.
604 785 738 851 Certum
756 788 807 850 est
828 783 924 861 enim,
948 801 990 847 ex
1009 799 1072 847 usu
1086 777 1244 866 loquendi

126 906 324 971 unanimiter
332 908 479 987 recepto,
493 888 660 988 judiciuin
672 901 808 967 materia
820 899 944 967 forensi
955 919 1022 965 non
1032 899 1153 978 vocari,
1170 908 1243 984 qum

126 1023 212 1088 circa
232 1020 327 1087 aliam
345 1019 515 1086 materiam
540 1025 725 1085 versantur.
746 1015 852 1095 Unde,
875 1016 971 1083 verbi
992 1019 1106 1100 gratia,
1125 1015 1244 1084 merito

126 1135 338 1205 derideretur
352 1137 409 1222 qui
422 1133 581 1221 judicium
595 1134 727 1201 forense
744 1138 878 1200 vocaret
891 1131 1133 1204 affirmationem
1147 1132 1242 1212 hauet

127 1263 213 1322 terro
229 1249 315 1320 circu
331 1249 425 1319 solem
442 1260 556 1340 qqrot3
573 1251 698 1318 etiamsi
715 1251 876 1316 sententia
891 1247 1077 1335 hujusmodi
1094 1269 1113 1314 a
1131 1249 1244 1334 magie-

126 1376 216 1436 tratu
229 1388 290 1452 pro
300 1367 460 1435 tribunali
468 1367 603 1439 sedente
618 1368 837 1434 emitteretur.
851 1367 995 1444 atvero,
1007 1365 1243 1433 licetadcona·

125 1483 310 1552 timendam
329 1484 468 1550 forensis
477 1483 596 1569 judicii
611 1483 793 1562 essentiam,
811 1483 939 1549 omnino
953 1482 1141 1568 requiratur
1154 1488 1193 1549 ut
1207 1482 1245 1559 in

125 1601 318 1686 predictam
337 1601 479 1667 materiae
495 1601 648 1686 speeiem,
663 1607 697 1665 ct
712 1618 778 1664 non
790 1600 825 1666 in
837 1600 942 1677 aliam,
960 1597 1238 1676 sententioeadat‚

124 1738 165 1785 ea
182 1725 293 1784 tamen
317 1718 390 1784 oola.
408 1716 551 1785 conditio
569 1735 636 1782 non
658 1713 793 1800 sufficit3
817 1714 878 1782 sed
904 1715 1119 1801 requiruntur
1144 1715 1241 1782 simul

122 1835 203 1901 alie.
222 1835 334 1922 Nam,-

166 1955 200 2019 3.
217 1950 269 2018 Ad
287 1951 461 2017 essentiam
478 1949 617 2016 forensis
632 1947 747 2035 judicii
763 1949 897 2032 insuper
914 1949 1093 2033 requiritur
1107 1957 1145 2015 nt
1162 1967 1240 2034 pro·

121 2070 283 2137 nuntiatio
295 2068 338 2135 de
357 2087 397 2134 eo
408 2067 496 2154 quod
507 2067 603 2133 alicui
615 2066 768 2146 debetur,
781 2065 839 2131 fiat
850 2083 1016 2154 operaoao
1025 2061 1244 2156 adjectitium

120 2183 305 2276 faciendum
321 2181 459 2274 lcqitime
480 2181 662 2266 constituto,
687 2201 758 2270 quae
783 2189 1020 2268 consequenter
1042 2191 1238 2269 potestatem

121 2304 219 2370 simul
233 2303 353 2369 habeat
367 2300 579 2387 suu-judicata
594 2299 637 2367 ad
649 2300 876 2367 executionem
891 2298 1089 2366 deducendi.
1106 2300 1139 2366 Si
1150 2301 1244 2368 enim*

120 2419 162 2485 ab
177 2420 239 2485 alia
258 2437 396 2503 persona
412 2417 635 2505 (quaecumque
655 2413 776 2501 illusit)
794 2418 1036 2500 pronuntietur,
1056 2436 1097 2482 ex
1111 2436 1175 2485 usu
1187 2418 1238 2485 lo·

120 2533 243 2620 quendi
261 2534 457 2599 unanimiter
476 2540 622 2616 recepto,
646 2532 893 2617 pronuntiatum
909 2531 1090 2630 ejusmodi,
1111 2520 1236 2602 etiamsi

120 2659 273 2718 versetur
289 2651 377 2717 circa
392 2649 428 2716 id
446 2648 536 2736 quod
553 2650 654 2716 alicui-
662 2670 704 2716 ex
716 2647 791 2734 jure
812 2648 965 2730 debetur,
984 2650 1169 2718 nuliatenus
1184 2651 1236 2719 ia·

118 2777 213 2836 nense
222 2768 382 2855 judicium
390 2768 568 2834 constituit.
581 2750 720 2836 Omnino
728 2765 979 2852 ergoinjudicio
988 2767 1111 2835 forensi
1120 2769 1240 2838 stricte
1263 2843 1265 2849 ,

118 2894 250 2973 sumpto
262 2886 463 2952 intervenire
477 2884 579 2952 dehet
595 2904 734 2969 perrona
749 2883 961 2970 adjustitiam
975 2885 1179 2954 reddendam
1190 2887 1239 2957 le-

118 3005 229 3089 gitima
253 3003 438 3070 constituta.
464 3003 626 3069 Iustitiam
649 3010 759 3068 autem
782 3001 896 3069 iacere
914 3002 987 3068 talin
1009 3021 1147 3086 persona
1166 3016 1237 3072 non'

119 3118 258 3199 valeret,
268 3115 982 3203 nisisimnlsufficientipotestatepolleretad
993 3119 1236 3203 procurandam·

115 3235 315 3324 judiciorum
332 3253 471 3312 auorum
486 3235 711 3302 executionem
721 3232 831 3320 ;.unde
849 3233 940 3301 idem
957 3243 1008 3301 eet
1026 3235 1168 3322 aliquem
1190 3237 1233 3307 ad

45 3434 47 3440 y
116 3353 274 3439 justitiam
289 3351 471 3431 faciendam
485 3353 647 3429 constitui,
662 3359 696 3420 et
709 3353 862 3419 constitui
877 3371 952 3419 cum
969 3359 1133 3437 potestate
1148 3353 1235 3441 June

119 3477 192 3537 cata
211 3467 329 3536 suaad
347 3469 573 3536 executionem
590 3467 787 3536 deducendi.
803 3468 868 3536 Sed
887 3488 995 3555 neque
1013 3469 1177 3538 sufficiunt
1189 3471 1238 3540 ad·

114 3585 276 3673 judicium
288 3586 324 3651 in
337 3586 474 3654 materia
487 3585 610 3655 forensi
622 3586 886 3664 constituendum
903 3586 976 3654 duae
992 3587 1136 3674 preciatae
1153 3602 1235 3659 con·

116 3703 269 3772 ditiones.
285 3704 376 3782 Nam,

163 3823 195 3888 4.
218 3821 409 3907 Requiritun
428 3821 539 3901 etiam,
561 3827 600 3888 ut
620 3840 795 3908 apersona
814 3823 858 3891 cd
877 3822 1059 3892 faciendam
1076 3824 1234 3912 justitiam

118 3938 296 4005 constituta
308 3933 427 4026 aliquio
438 3947 539 4027 petet,
554 3940 609 4006 vel
626 3939 668 4007 de
686 3939 855 4008 commodo
872 3941 932 4007 sibi
950 3961 991 4007 ex
1010 3940 1088 4028 jure·
1105 3941 1231 4024 debito,

117 4054 174 4120 vel
185 4053 228 4120 de
241 4073 340 4138 poena·
353 4054 448 4121 alteri
459 4054 584 4142 cujum
595 4057 721 4142 pariter
735 4058 857 4138 debita,
872 4058 1066 4125 sententiam
1077 4058 1231 4145 profertis

117 4169 262 4249 Sienim,
275 4166 364 4236 nullo
376 4168 564 4260 poculenta
583 4174 791 4259 magistratus
802 4174 995 4259 pronuntiet
1015 4175 1059 4243 de
1083 4197 1123 4244 eo
1144 4175 1235 4264 quod

117 4285 217 4354 aiicui
237 4305 279 4353 ex
299 4284 380 4372 jure.
395 4286 549 4369 debetur,
574 4289 737 4376 justitiam-
756 4291 890 4377 quidem
909 4293 1094 4380 exercebit3
1118 4300 1234 4365 atvero

118 4401 362 4491 nontpiuocdet
375 4399 593 4494 judicialiter,
611 4426 671 4479 neo
692 4407 776 4482 inde:
785 4413 926 4503 euuiget
937 4410 974 4481 id
989 4410 1091 4504 quod,
1109 4433 1151 4480 eu
1172 4431 1235 4484 utu
1295 4447 1297 4452 ·
1333 4429 1336 4435 “
