2714 4980
482 334 562 381 runs
585 333 699 381 rmus.
802 311 804 318 '

503 627 637 698 CAPUT
658 631 685 695 I.

307 899 388 959 QUID
412 899 463 946 SIT
485 896 587 944 FORUS
610 897 652 942 ΕΤ
674 895 879 956 Quoturtux.

98 1158 125 1220 1θ
144 1159 229 1236 Quid
245 1160 364 1219 nomine
384 1158 446 1237 ibri
462 1154 690 1236 {retribuendum
708 1158 822 1218 veriat.
841 1188 886 1203 --
902 1151 1027 1216 «Varia
1039 1150 1162 1235 signinss

95 1273 203 1336 ratione
215 1271 411 1336 vocabulum
423 1268 517 1348 illud,
533 1272 618 1335 teste
636 1270 743 1352 Festo,
761 1267 915 1352 usurpari
926 1267 1020 1333 solet.
1033 1265 1161 1352 Aliquo

95 1386 139 1452 lies
155 1386 244 1452 enim
260 1387 398 1451 sumitur
411 1404 473 1469 pro
488 1385 560 1452 loeo
575 1382 758 1450 vendendis
778 1390 814 1450 et
834 1382 981 1449 emendis
994 1381 1161 1448 mercibus

95 1499 241 1567 iestiuato
254 1523 263 1567 τ
278 1509 312 1567 et
323 1501 370 1566 sie
380 1500 617 1567 dieiturforum
629 1499 720 1579 livii,
736 1499 970 1583 semproniani,
980 1498 1068 1577 tulii,
1079 1503 1165 1576 ete.‚‘

95 1618 268 1682 innomine
283 1616 408 1680 seilicet
423 1632 538 1681 eorum
556 1615 613 1700 qui
630 1614 699 1681 heo
712 1614 785 1680 loca
799 1613 842 1679 ad
856 1612 980 1679 dictum
996 1612 1096 1678 finem
1114 1630 1164 1677 aa·

95 1730 337 1798 mmmodarunt.
355 1728 557 1814 Quandoque
573 1729 724 1814 designat
740 1731 849 1795 locum
867 1731 900 1793 in
915 1746 981 1813 quo
994 1728 1068 1794 fieri
1080 1724 1166 1812 jndiz

95 1848 142 1927 ria,
158 1848 214 1912 rel
226 1845 361 1911 tractari
379 1864 454 1910 oum
466 1845 588 1929 populo
602 1844 771 1911 solebat...
789 1843 1019 1926 Usurpabetur
1032 1845 1167 1925 insuper

95 1976 142 2047 pro
160 1962 237 2028 loeo
259 1960 448 2028 adunationi
465 1962 632 2027 civitatum
650 1959 711 2025 sub
726 1960 898 2044 provincio
914 1958 1054 2042 preside
1069 1957 1169 2024 desti·

95 2085 205 2145 mto...
223 2077 308 2144 Item
322 2096 383 2162 pro
399 2078 566 2143 territorio
578 2078 665 2142 iutra
678 2075 772 2162 eujus
786 2075 868 2142 lines
881 2074 934 2160 jus
948 2095 966 2141 a
978 2075 1170 2160 magistratu

95 2187 219 2267 dieitur,
240 2189 441 2255 dirimuntur
453 2189 538 2268 lites,
555 2190 737 2272 puniuntur
750 2190 811 2253 rei.

101 2309 194 2373 ellos
212 2324 293 2372 vero
311 2325 372 2389 per
389 2310 499 2370 Forum
520 2303 610 2369 aliud
623 2323 688 2369 non
702 2303 924 2388 intelligimus,
945 2320 1043 2389 quam
1056 2303 1174 2386 ipsam·

95 2429 151 2487 Μ
172 2421 354 2504 legitimam
372 2421 618 2499 nodositatem,
637 2418 790 2505 adquam
805 2421 911 2484 citatae
929 2426 1041 2502 partes
1063 2418 1174 2483 uenire

95 2544 254 2615 ementur,
271 2543 320 2615 ut,
336 2537 502 2620 proposita
517 2537 654 2613 actione,
671 2533 855 2620 auditisque
870 2541 979 2600 actore
996 2544 1030 2601 et
1046 2552 1115 2613 reo,
1134 2535 1175 2601 ab

95 2653 205 2720 eadem
222 2653 417 2718 auctoritate
434 2653 669 2736 pronuntietur
683 2649 893 2717 absolutionis
909 2652 964 2718 rel
983 2650 1178 2719 condemno*

95 2770 185 2838 donis
202 2769 375 2834 sententia.
396 2791 412 2830 a
433 2767 591 2855 (Bianohi,
610 2773 636 2832 t.
653 2768 686 2845 4,
704 2785 779 2850 pag.
797 2766 887 2852 584.)

104 2887 236 2952 adorus
249 2902 307 2949 seu
321 2885 452 2962 For-um,
474 2884 519 2949 ait
532 2882 684 2966 Pirrhing
697 2883 741 2968 (iu
752 2883 884 2948 titulum
898 2885 929 2959 2,
945 2882 1055 2948 libri2
1071 2882 1181 2948 deere-

95 3001 217 3077 telium,
235 3006 316 3064 sect.
338 3002 368 3076 1,
388 3003 403 3076 §
423 2996 468 3082 1),
484 2996 575 3083 quod
586 3017 629 3063 ex
646 2997 800 3080 primaeva
814 2999 952 3063 nominis
974 2998 1178 3080 impositione

95 3115 252 3201 fignificat
265 3115 374 3179 locum
386 3110 556 3196 publicum
571 3112 615 3178 ad
630 3131 729 3197 quem
745 3130 800 3178 res
813 3113 946 3179 venales
960 3112 1177 3192 deferuntur,

95 3248 127 3296 ι
138 3231 308 3315 proposito
321 3229 491 3314 signifieat,
510 3229 659 3312 inprimis
673 3229 781 3295 looum
795 3231 829 3293 in
846 3247 912 3313 quo
927 3229 1003 3293 lites
1017 3236 1051 3294 et
1060 3227 1183 3314 judicia

95 3354 305 3424 enarrentur,
319 3364 380 3411 seu
393 3345 451 3410 ubi
463 3345 537 3430 quis
548 3347 724 3411 convenire
735 3352 860 3428 potest3
878 3345 987 3428 capite
999 3349 1096 3410 Ferus
1112 3345 1179 3432 (lii,

95 3471 203 3542 extra,
233 3466 270 3528 de
299 3465 460 3526 Verborum
489 3458 740 3544 siprifiootiooe);
765 3459 824 3526 ubi
849 3458 989 3526 dicitur:
1018 3466 1126 3526 Forum
1139 3470 1185 3526 eat

95 3585 325 3646 merodorum
342 3581 442 3642 litium
458 3581 548 3642 torus.
568 3578 609 3643 lit
622 3578 684 3643 hoe
697 3577 806 3643 forum
821 3578 899 3643 alias
914 3579 1011 3643 etium
1024 3578 1180 3658 tribunal,

95 3697 152 3761 vel
163 3695 372 3771 auditorium,
392 3695 569 3771 ueletiam,
589 3701 745 3776 respectu
761 3694 857 3776 Papae
874 3702 930 3757 aut
945 3692 1065 3778 judicis
1081 3694 1186 3759 eecle—
1208 3682 1210 3686 Α

95 3811 225 3889 {iustiti
243 3810 466 3876 consistorium
480 3816 627 3886 vocatur,
644 3816 682 3873 ut
694 3816 787 3874 notet
800 3810 978 3874 Hostiensis
991 3811 1034 3896 (iu
1045 3829 1181 3889 summa,

95 3927 240 3992 tituloue
250 3931 328 3991 Foro
339 3933 478 4007 comper„
492 3946 525 3990 n.
542 3928 554 3989 1
572 3931 606 3991 et
619 3922 665 4009 2).
678 3925 798 3990 Forum
807 3925 1070 4008 etiamsigniiioat
1079 3934 1186 3992 totum

95 4043 301 4108 territorium
316 4043 429 4125 inquo
448 4043 584 4125 quisque
600 4039 704 4125 judex
718 4041 818 4106 babet
832 4039 1088 4126 jurisdictionem
1103 4044 1186 4130 (lege

95 4157 252 4239 Popilius,
269 4159 346 4233 239,
361 4155 399 4220 ff.
415 4159 453 4220 de
467 4159 627 4220 Verborum
643 4153 872 4239 sipoifieotioue)
886 4177 893 4238 ;
905 4175 970 4240 quo
982 4176 1079 4223 sensu
1091 4160 1189 4224 etiam

101 4274 172 4338 tota
182 4273 330 4340 diaecesis
344 4271 465 4338 dieitur
479 4273 683 4338 territorium
697 4272 856 4355 Episcopi.
874 4273 975 4337 Putat
988 4281 1098 4340 tamen
1112 4276 1189 4343 Hos·

108 4386 225 4468 tunsis,
241 4387 331 4474 quod
345 4391 448 4455 Forus
472 4388 505 4451 in
523 4388 702 4453 masculino
722 4406 844 4470 genere
860 4389 1020 4472 significet
1036 4392 1143 4458 looum
1158 4395 1192 4457 in
