2714 4980
547 309 627 357 raas
650 309 764 357 rarae.
1146 296 1210 361 203

95 443 188 504 tores
209 451 321 501 coram
338 431 448 518 judice
466 431 694 500 ecclesiastico.
712 435 791 501 Nam
810 434 845 499 in
863 434 962 500 citato
980 434 1086 519 capite
1104 436 1216 501 certos

98 552 142 640 ll,
156 551 247 618 tituli
257 552 313 628 37,
322 548 398 615 libri
412 551 425 614 1
438 547 676 634 decretalium),
693 549 869 634 prohibitio
884 549 962 616 talia
974 568 1111 617 munera
1124 568 1216 617 exer

96 665 194 734 cendi
215 663 425 748 restringitur
443 663 613 730 hisverbis
631 686 732 730 eorem
750 669 888 734 cerebri
903 667 1026 749 judice:
1043 685 1122 750 ergo
1139 685 1216 751 pro-

96 782 212 850 bibitio
225 781 334 848 locum
348 800 413 848 non
430 780 531 848 habet
543 781 680 850 relative
701 783 744 850 ad
760 783 884 849 curiam
899 783 1158 850 ecclesiasticam.
1174 784 1216 850 lit

95 897 280 966 uomndam
295 915 370 962 cum
385 898 537 982 Pirrhing
554 899 598 986 (in
611 899 745 965 titulum
762 903 817 978 37,
829 899 905 965 libri
924 902 936 965 1
961 898 1101 977 decret,
1114 919 1147 964 n.
1167 896 1213 984 8),

95 1014 131 1081 id
150 1013 294 1098 intelligi
311 1012 436 1080 debere
456 1013 565 1099 quoad
587 1032 643 1080 eas
660 1017 757 1082 etiam
775 1032 899 1092 causas,
920 1032 991 1100 que
1009 1016 1086 1082 licet
1103 1033 1165 1099 per
1182 1034 1217 1080 se

95 1130 310 1214 temporales,
335 1129 379 1194 ad
393 1128 538 1195 tribunal
555 1135 665 1196 tamen
688 1131 940 1197 ecclesiasticum
954 1132 1133 1215 pertinent,
1147 1131 1217 1196 sive

95 1245 229 1311 ratione
247 1262 406 1328 persone,
427 1251 508 1327 puta
525 1244 615 1328 quod
630 1246 758 1329 litigans
774 1245 816 1312 sit
837 1246 983 1323 clericus,
1005 1247 1074 1312 sive
1091 1246 1218 1314 ratione

95 1360 235 1446 objecti,
256 1366 296 1424 ut
310 1359 441 1444 quando
455 1361 600 1444 litigatur
621 1360 664 1427 de
682 1362 823 1426 terrenis
844 1361 937 1427 bonis
952 1368 1009 1427 aut
1021 1360 1160 1445 juribus,
1179 1363 1220 1429 ab

95 1479 209 1563 aliqua
223 1476 360 1542 ecclesia
373 1477 550 1560 acquisitis.

145 1596 183 1660 3⁰
200 1592 337 1658 Iliaccui
348 1598 384 1657 et
399 1591 589 1659 subdiaconi
610 1612 719 1660 coram
735 1592 882 1659 seculari
897 1591 1008 1678 judice
1026 1593 1223 1676 regulariter

96 1715 272 1793 nequeunt
287 1726 357 1774 esse
372 1706 525 1773 advocati
544 1727 606 1773 uec
621 1717 862 1792 procuratores.
878 1709 973 1774 Clara
983 1709 1069 1774 enim
1084 1714 1134 1774 est
1147 1727 1224 1792 pro-

98 1825 219 1892 bibitio
233 1844 242 1889 ε
260 1827 370 1889 Clerici
383 1831 417 1888 ic
430 1828 647 1891 uebdiecorecta
661 1835 691 1890 et
708 1847 842 1909 supro...
858 1846 958 1889 omem
976 1830 1114 1889 eoemeluri
1120 1829 1225 1909 judice

98 1945 243 2007 advocati
260 1948 295 2005 iu
305 1948 432 2024 mgciiis
446 1945 640 2006 semlerilrus
654 1944 724 2023 fieri
737 1964 798 2008 ccc
810 1950 1005 2026 premerent.
1024 1942 1113 2028 (Gap.
1135 1946 1165 2020 1,
1183 1942 1225 2007 ti-

101 2059 165 2124 tuli
178 2061 234 2136 37,
253 2058 328 2124 libri
344 2062 356 2122 1
377 2055 519 2142 decret.)
535 2058 584 2123 Ex
598 2079 638 2126 eo
652 2067 762 2125 autem
778 2058 868 2144 quod
880 2059 926 2124 ibi
937 2057 1078 2123 addatur
1091 2064 1124 2120 ic
1137 2077 1226 2140 cepo-

105 2179 164 2237 tiis
180 2177 385 2250 cumbritio,
405 2172 572 2239 concludit
592 2174 745 2258 Pirrlring
764 2176 847 2261 (loco
857 2171 965 2258 citato)
982 2174 1060 2257 ipsis
1076 2174 1176 2238 licere
1193 2179 1227 2237 ire

108 2295 240 2370 repotiis
254 2292 470 2369 maturetur,
487 2308 598 2354 eoram
616 2289 761 2356 seculari
782 2289 894 2374 judice
914 2289 1089 2356 advocatos
1108 2306 1224 2373 agere:

111 2404 255 2470 seminus
279 2411 371 2470 reete
394 2406 548 2488 supponit
566 2424 661 2490 posse
680 2425 824 2491 uuquam
844 2408 878 2470 in
899 2407 972 2473 foro
989 2407 1135 2472 seculari
1149 2405 1229 2488 legi-

111 2635 218 2702 clesiae
238 2636 405 2702 exclusive
417 2635 609 2722 subjaceant
623 2659 631 2722 ;
647 2638 709 2703 nisi
724 2657 817 2703 casus
832 2639 873 2703 sit
889 2637 932 2704 de
946 2639 984 2703 iis
994 2637 1181 2722 regionibus
1196 2636 1230 2700 in

110 2753 229 2836 quibus
239 2750 315 2837 jura
329 2752 478 2818 Ecclesiae
494 2760 639 2836 potestas
651 2755 812 2819 saecularis
825 2773 892 2819 non
902 2755 1057 2838 agnoscit.

150 2868 186 2931 4⁰
218 2869 348 2933 Dentur
374 2876 486 2933 tamen
512 2869 713 2952 precedenti
736 2869 932 2935 conclusioni
955 2867 1116 2936 nonnullae
1141 2884 1232 2932 exce-
1260 2904 1264 2912 ·

109 2983 255 3066 ptiones3
273 2981 366 3048 addit
382 2985 468 3049 enim
480 2983 536 3050 lex
552 3006 560 3050 :
579 2989 813 3068 Nisipropriem
826 3004 946 3048 cccrum
962 2987 1011 3047 cel
1023 2985 1162 3048 Ecclesiae
1170 3001 1234 3044 suae

112 3101 227 3177 fuerim
250 3105 412 3180 prosecuti,
444 3107 497 3162 cut
515 3120 574 3182 pre
597 3104 817 3165 miserabilibus
838 3104 916 3182 forte
935 3105 1070 3182 personis
1085 3088 1233 3181 prepro-

110 3221 197 3295 prics
214 3234 321 3276 cousus
339 3218 632 3280 administraretur
648 3224 785 3298 possunt.

152 3332 187 3393 5⁰
212 3329 381 3394 Praemissa
416 3330 594 3412 prohibitio
620 3331 805 3415 postulandi
829 3350 887 3398 seu
912 3331 1113 3398 advocatiam
1138 3346 1235 3396 exer·

114 3441 210 3510 cendi
235 3461 346 3508 eoram
367 3444 514 3509 saeculmi
533 3444 657 3528 judice,
685 3445 772 3512 cadit
792 3448 889 3512 etiam
912 3446 1180 3532 inpresbyteros
1198 3453 1233 3511 et

114 3559 290 3644 Episcopus
305 3582 312 3625 :
331 3559 551 3627 diciturenim
567 3562 679 3627 clerici
695 3569 730 3626 io
742 3566 958 3627 widmeoreeeu
971 3572 1001 3627 et
1014 3583 1108 3646 repre
1125 3581 1233 3628 eoram

114 3675 261 3742 seculari
272 3674 382 3761 judice
399 3673 552 3742 advocati
569 3677 642 3743 lieri
656 3697 723 3745 non
735 3688 943 3763 praesumant.

152 3796 189 3859 6⁰
212 3791 262 3858 An
285 3798 395 3856 autem
419 3791 571 3858 sacerdos
589 3795 689 3875 possit
706 3810 778 3858 esse
798 3793 978 3860 advocatus
992 3802 1026 3859 et
1041 3798 1236 3878 procurator

111 3909 227 3975 saltem
247 3925 355 3973 coram
367 3906 478 3990 judice
495 3907 733 3976 ecclesiastico?
748 3912 875 3993 Negant
891 3910 1042 3976 doctores
1059 3908 1237 3974 communi·

110 4014 161 4092 ler
179 4022 269 4111 (vide
286 4023 587 4107 Schmalzgrueber,
606 4026 641 4089 in
656 4026 787 4091 titulum
806 4029 859 4103 37,
881 4026 957 4090 libri
974 4029 986 4089 l
1007 4023 1233 4102 decretalium,

108 4156 140 4206 u.
165 4142 221 4217 10,
238 4146 273 4204 et
283 4139 445 4222 Pirrbing,
458 4139 653 4205 ineumdem
668 4141 811 4217 titulum,
824 4130 857 4204 n.
870 4137 916 4224 9).
932 4139 1125 4206 Fundantur
1142 4146 1237 4204 textu

106 4228 183 4340 ipso
197 4253 293 4337 legis,
307 4255 364 4336 qui
378 4252 538 4338 ejusmodi
550 4253 653 4322 cilicia
668 4255 895 4320 universaliter
909 4254 1059 4323 decernit
1073 4254 1236 4322 sacerdoti

107 4373 227 4448 vetita,
257 4370 380 4457 absque
404 4370 471 4437 ulla
493 4371 702 4439 ecclesiastici
721 4372 776 4438 vel
799 4373 961 4440 secularis
985 4370 1104 4457 judicis
1124 4369 1239 4440 daun·
