2716 4988
569 303 649 354 runs
671 303 786 353 rmus.
1173 287 1237 355 109

132 422 258 493 tolcam.
278 427 329 495 lla
350 429 559 514 responsione
578 437 698 496 autem·
710 429 753 495 ad
774 429 880 514 ipsum
895 425 1042 507 ‘directa
1063 426 1143 508 hac,
1164 445 1236 516 qua

136 540 243 611 adrem
256 552 403 611 nostram
416 545 552 626 iaciunt,
567 547 773 631 excerpimus
786 568 794 612 ε

169 661 264 729 ‹Lro
282 663 322 728 Ρ.
340 663 380 728 Ρ.
396 664 469 729 ΧΠ.
485 699 532 712 -
552 664 754 730 Venerabilis
769 663 884 743 irater,
907 663 1046 730 salutem
1060 671 1094 729 et
1105 669 1236 747 aposto·

43 870 47 875 ,
139 776 242 845 «icam
254 777 530 845 benedictionem.
548 779 739 863 Accepimus
750 780 879 845 litteras
897 779 1111 846 fraternitatis
1123 787 1231 846 tuae...

133 894 240 961 siluno
254 893 301 962 ad
315 914 386 962 rem
396 896 498 980 ipsam
512 895 601 982 quod
616 898 744 975 attinet,
758 897 803 963 sic
817 895 937 962 habeto
954 917 961 961 ε
978 895 1082 981 probe
1103 898 1168 962 Nos
1184 898 1234 964 in·

123 1011 312 1079 ⁸tellexisse
336 1021 476 1078 actorum
489 1014 566 1093 vim,
586 1014 708 1098 scripto
725 1014 814 1099 typis
833 1013 1000 1098 impresso,
1024 1013 1114 1099 quod
1138 1015 1233 1082 nobis

111 1155 125 1182 ⁸
141 1130 272 1210 misisti,
290 1137 348 1196 tua
364 1150 463 1197 manu
485 1131 730 1216 appositurum3
759 1149 876 1195 verum
902 1129 1232 1198 animadvertendum

101 1271 119 1299 ⁸
138 1245 205 1313 tibi
220 1265 306 1327 esse,
327 1246 450 1332 aliquid
465 1248 563 1313 etiam
575 1247 608 1311 in
622 1267 662 1313 eo
678 1246 777 1311 fuisse
789 1245 1022 1326 adnotandum,
1036 1246 1126 1332 quod
1140 1255 1231 1314 tuam

93 1388 111 1415 ⁸
132 1361 259 1447 effugit
268 1361 480 1447 diligentiam.
502 1362 589 1444 Quid
604 1362 687 1427 illud
704 1365 756 1441 sit,
775 1383 817 1428 cx
832 1370 904 1427 octo
923 1363 988 1427 tuis
1006 1363 1102 1428 simili
1117 1341 1232 1448 agnos·

90 1504 111 1532 ⁸
133 1498 210 1559 ces,
228 1499 328 1566 quam
346 1486 456 1546 nostra
474 1480 709 1563 manuscripto
729 1478 838 1545 eidem
853 1478 1040 1564 adjecimus.
1064 1479 1157 1546 Cadit
1176 1481 1231 1549 illa

85 1621 109 1648 ⁸
132 1597 176 1663 in
186 1596 397 1676 vocabulum,
412 1595 503 1682 quod
514 1615 590 1662 sane
605 1600 679 1661 odeo
695 1600 757 1661 loto
773 1617 872 1677 scisso,
892 1616 948 1678 quo
961 1599 1005 1660 ibi
1014 1603 1109 1680 accipi
1113 1606 1226 1682 potest,

82 1737 104 1765 ⁸
129 1717 301 1795 suendum
313 1734 375 1778 ooo
387 1721 434 1777 cst
448 1720 481 1777 io
498 1716 632 1776 Ecclesia
655 1715 783 1793 Christi,
807 1712 960 1798 quodque
973 1734 1033 1778 ooo
1045 1735 1104 1779 ooo
1116 1721 1150 1780 io
1161 1737 1231 1782 coo-

78 1852 102 1882 ⁸
129 1833 214 1896 cilio
226 1851 291 1895 ooo
303 1850 371 1895 voce
385 1834 526 1913 rejectum
547 1837 603 1893 est.
625 1829 719 1896 Idem
739 1829 936 1896 vocabulum
955 1850 1042 1896 nuno
1057 1852 1076 1896 a
1093 1851 1229 1917 corpore

74 1969 101 1996 ⁸
129 1945 225 2013 adeo
248 1945 366 2031 insigni
386 1945 619 2030 Episcoporum
643 1944 772 2012 admitti
787 1954 821 2013 et
837 1949 1008 2032 usurpari,
1034 1946 1070 2013 id
1095 1948 1228 2033 quidem

74 2084 100 2111 ⁸
127 2061 215 2129 fieri
227 2068 295 2129 sine
308 2069 397 2146 proci
407 2066 549 2126 scandolo
561 2071 592 2127 et
605 2066 743 2127 Ecclesia
753 2066 931 2128 detrimento
953 2084 1018 2130 non
1035 2071 1156 2150 potest.

152 2209 166 2236 ⁸
192 2180 399 2248 Gubernium
417 2179 537 2246 docere
552 2180 641 2266 quod
664 2181 811 2266 pertinet
824 2179 867 2246 ad
883 2181 1054 2247 seminaria
1069 2181 1111 2247 de
1125 2183 1228 2253 alume

69 2312 96 2341 ⁸
127 2315 259 2364 norum
276 2315 425 2375 numero,
448 2296 556 2381 quiin
571 2296 632 2363 illis
652 2298 713 2376 sit,
735 2297 856 2383 quique
881 2318 921 2363 eo
944 2298 1047 2383 major
1069 2318 1227 2365 numerus

64 2431 91 2460 ⁸
126 2423 279 2500 putetur
303 2415 516 2492 necessarius,
544 2416 672 2481 nomina
689 2415 738 2479 illi
755 2415 943 2500 patefacere
967 2417 1173 2501 superiorum
1192 2424 1227 2483 et

62 2547 93 2578 ⁸
125 2531 393 2611 moderatorum,
411 2550 469 2597 eos
478 2531 677 2616 designando
688 2535 878 2616 presopteros
892 2537 1048 2597 seculares
1055 2558 1070 2616 ,·
1083 2532 1226 2616 subsidia

63 2665 93 2696 ‘¹
124 2650 335 2737 pecuniaria,
362 2654 545 2735 caeteraque
573 2649 766 2734 temporalia
788 2649 987 2735 adjumenta,
1005 2651 1124 2737 quibus
1142 2669 1224 2735 opus

60 2784 91 2813 ¹
126 2771 188 2848 sit,
202 2756 349 2852 aperire3
365 2765 427 2832 hoc
438 2765 586 2852 profecto
597 2772 753 2850 praestaro
769 2767 1012 2854 (praeterquam
1027 2767 1115 2854 quod
1125 2769 1225 2836 ratio·

59 2900 92 2930 ·
129 2905 212 2951 nem
230 2885 409 2969 Episcopis,
424 2903 495 2969 quae
506 2884 593 2949 omni
606 2884 694 2949 licita
704 2882 864 2949 industria
880 2884 1057 2969 quaerenda
1068 2886 1144 2969 ipsis
1158 2892 1226 2967 est,¹

58 3017 93 3049 ‘¹
129 2999 327 3086 suppeditat
340 2999 383 3066 ad
397 3000 568 3066 seminaria
590 2999 661 3083 ipsa
686 2998 936 3085 conservanda),
958 3021 1012 3066 res
1034 3008 1083 3065 est
1105 3019 1167 3083 per
1186 3020 1225 3068 se

58 3135 94 3165 ·‹
134 3120 285 3198 innocua,
308 3136 412 3204 eaque
444 3117 495 3205 (ut
512 3137 600 3182 nuno
622 3125 698 3183 sunt
712 3115 872 3203 tempora)
892 3119 1100 3198 inevitabilis,
1124 3120 1151 3185 si
1165 3119 1225 3185 ali·.

56 3251 94 3281 “
136 3254 200 3322 qua
220 3236 339 3301 saltem
362 3254 438 3319 pars
459 3233 641 3320 juventutis
659 3236 794 3315 servari,
818 3243 851 3301 et
872 3256 891 3300 a
912 3237 1036 3327 teneris
1053 3236 1102 3324 (ut
1117 3235 1220 3325 aiunt)

54 3367 94 3397 ‘⁸
137 3353 320 3436 unguiculis
333 3350 468 3417 educari
480 3350 663 3416 sanctuario
681 3351 772 3417 velis.
795 3354 843 3417 De
858 3351 908 3416 his
923 3353 1034 3436 igitur,
1050 3371 1121 3438 qua
1142 3371 1225 3440 quo,

54 3480 99 3515 *s
140 3467 312 3534 dammodo
321 3468 513 3553 temporalia
524 3475 611 3546 sunt,
626 3467 822 3551 girbernium
836 3467 955 3534 doceas
966 3471 1054 3548 licet,
1068 3470 1146 3536 nihil
1161 3470 1222 3538 du-

53 3598 104 3632 *
139 3585 265 3652 bitaus:
284 3585 343 3652 sed
359 3606 401 3652 ne
416 3605 513 3652 cures
532 3585 582 3650 his
600 3604 639 3650 ea
659 3583 815 3669 adjicere,
834 3602 906 3670 quae
928 3585 1048 3651 fratres
1072 3586 1222 3674 Episcopi

57 3715 107 3750 ³
140 3710 327 3788 suaseruut3
344 3704 464 3787 quippe
487 3721 558 3788 quae
573 3720 635 3766 nec
650 3702 824 3767 necessitas
846 3703 1000 3785 postulat,
1019 3723 1080 3768 neo
1093 3711 1221 3770 senten-

61 3834 116 3869 *
140 3820 188 3886 tia
200 3819 243 3886 ad
255 3827 384 3886 rectum
396 3815 684 3902 exactaejudicium
696 3817 1097 3886 commendant...Datum
1109 3821 1219 3886 Romae

66 3950 118 3984 ἡ
141 3934 225 4021 apud
238 3937 270 4001 S.
286 3937 434 4014 Petrum,
453 3933 507 4000 die
527 3933 654 4000 decima
675 3934 790 4020 quinta
812 3935 998 4002 novembris
1019 3938 1095 4002 anni
1120 3941 1216 4018 1828,

72 4068 127 4101 ἱ
143 4051 351 4118 Ponuficatus
379 4052 484 4118 nostri
514 4070 598 4117 auno
627 4060 730 4119 sexto.
761 4082 774 4108 »
804 4053 974 4137 Integrum
1003 4053 1086 4120 illud
1114 4054 1218 4124 breve

64 4148 202 4236 habes
229 4170 263 4234 in
293 4170 392 4236 citato
418 4169 542 4255 scripto
569 4169 684 4256 (Notice
708 4172 870 4253 historiqoe
895 4193 949 4234 sor
980 4175 1022 4236 les
1049 4177 1219 4240 orisiaco-

77 4297 153 4349 (κς
171 4288 215 4351 ds
234 4288 274 4353 16
300 4291 376 4371 juia
396 4288 492 4368 1828,
519 4305 593 4372 pag.
617 4284 708 4373 220),
730 4285 824 4372 cujus
838 4290 984 4371 opusculi
1007 4289 1075 4375 J'am
1101 4297 1216 4360 notum

90 4409 157 4466 est
192 4413 357 4472 auctorem
393 4405 538 4471 extitisse
571 4402 790 4472 reverendum
825 4404 944 4483 Cattet,
977 4406 1216 4495 archiepiscopi

10 734 30 773 t·
