2714 4980
188 303 255 372 428
535 318 724 368 rascrmus
746 319 791 367 rm
812 316 961 365 sonions.

191 436 363 515 anonis...
390 449 436 513 Eo
456 446 546 532 quod
568 445 819 539 tunc'Vicarins
841 463 907 509 non
925 448 1104 525 cognoscat
1128 456 1252 505 causam
1269 449 1300 506 nt

193 595 208 624 «
224 567 380 643 vicarius,
401 564 461 630 sed
475 571 514 629 nt
529 563 700 648 delegatus
723 565 840 645 Papae3
857 567 892 626 et
912 560 947 624 in
970 577 1068 624 causa
1087 556 1239 640 delegata
1251 576 1301 641 per

193 683 358 766 «Papam,
385 679 488 766 major
505 686 555 745 est
569 678 890 762 VicariusEpiscopo
912 694 981 752 suo,
1002 680 1039 739 et
1057 681 1246 757 separatum
1262 682 1303 739 est

193 826 208 854 «
224 796 422 863 auditorium
431 796 526 861 unius
537 794 579 860 ab
598 793 760 860 auditorio
774 791 920 858 alterius.
942 819 956 845 »
981 789 1190 877 (Lausonius,
1211 791 1247 852 ds
1261 794 1302 853 Vi·

188 918 281 978 ccriis
298 917 413 994 Episc,
432 929 491 994 cap
507 914 539 990 3,
558 930 590 996 q.
611 907 701 992 195.)

235 1029 266 1094 Si
279 1036 389 1094 tamen
408 1026 570 1112 delegatio
599 1025 697 1092 fieret
711 1024 838 1090 vicario
861 1022 1016 1107 generali,
1046 1021 1173 1108 absque
1188 1022 1303 1087 nomine

188 1146 289 1230 ipsius
301 1144 444 1228 proprio,
463 1150 629 1209 numtunc
645 1140 842 1225 procederet
856 1137 956 1205 modo
971 1136 1107 1217 tradita,
1124 1144 1161 1203 et
1171 1156 1303 1203 commu-

189 1263 276 1327 niter
288 1264 422 1343 recepta
436 1258 596 1337 doctrina,
617 1256 704 1341 apud
717 1254 872 1322 doctores
892 1255 1169 1322 controvertitur.

234 1377 385 1458 Qumsu'to
412 1378 476 1441 12².
502 1412 548 1425 -
571 1379 651 1441 llam
670 1381 734 1438 mac
755 1376 878 1456 speciali
892 1376 1036 1437 mundato
1048 1377 1152 1454 possit
1169 1377 1303 1454 corripere

190 1511 326 1555 massas
343 1494 551 1573 relipiosoram
572 1498 786 1572 exemplorum,
805 1496 894 1552 estro
911 1491 1047 1551 clanstro
1060 1490 1303 1569 dependam?-

190 1605 382 1691 llespondeo
409 1628 416 1672 :
444 1607 578 1675 Certum
601 1612 651 1670 est
675 1604 865 1671 facultatem
889 1601 993 1668 dictos
1022 1610 1201 1686 exemptos
1225 1608 1303 1668 extra

190 1723 330 1789 claustra
346 1722 503 1806 degentes
517 1720 686 1808 judicandi
704 1728 738 1787 et
759 1719 918 1804 puniendi
932 1720 1095 1803 Episcopo
1112 1725 1300 1802 competere,

189 1858 231 1906 ex
242 1839 448 1905 concessione
466 1837 662 1904 Tridentinae
685 1836 808 1922 synodi
829 1837 917 1924 (sess.
937 1839 970 1914 6,
986 1854 1015 1900 c.
1029 1832 1076 1919 3).
1097 1836 1172 1918 Quo
1191 1853 1302 1919 pranc-

189 1959 269 2032 tato,
298 1952 473 2019 dicendum
494 1952 645 2018 eamdem
668 1953 858 2018 facultatem
873 1951 916 2017 ad
934 1951 1100 2017 Vicarium
1128 1951 1300 2034 generalem

189 2084 254 2133 non
270 2067 421 2145 transire,
449 2067 509 2131 nisi
530 2085 604 2132 cum
627 2064 758 2150 speciali
781 2065 930 2150 Episcopi
952 2062 1121 2129 mandato.
1143 2065 1225 2129 Nam
1243 2065 1301 2130 talis

189 2183 327 2249 facultas
348 2200 500 2248 concessa
513 2188 563 2247 cst
578 2182 737 2266 Episcopo
760 2189 903 2263 tanquam
924 2200 1012 2264 super
1034 2182 1089 2244 boc
1108 2201 1129 2244 a
1147 2185 1226 2247 Sede
1238 2184 1301 2264 Apo

189 2301 296 2362 stoltco
309 2301 455 2380 delapsio,
469 2304 507 2362 ut
519 2296 565 2362 ibi
577 2297 758 2381 loquuntur
767 2295 947 2361 Tridentini
960 2302 1090 2379 patres3
1105 2315 1251 2362 neceam
1259 2295 1301 2360 ba-

189 2411 313 2478 babant
332 2412 480 2496 Episcopi
503 2420 578 2478 ante
605 2411 778 2478 concilium
803 2409 1040 2478 Tridentinnm.
1065 2411 1152 2476 (lum
1167 2431 1258 2496 ergo,
1271 2429 1300 2476 ex

190 2527 285 2595 dictis
301 2530 362 2595 sub
375 2530 551 2614 quaestioni
570 2529 741 2613 superiori,
759 2529 905 2594 vicarius
923 2529 1087 2612 generalis
1098 2528 1226 2614 absque
1243 2546 1300 2612 spe

190 2646 263 2712 ciali
276 2646 430 2712 mandato
446 2645 602 2730 expedire
627 2654 769 2732 nequeat
785 2667 823 2713 ea
838 2666 910 2733 quas
935 2649 1098 2734 Episcopo
1123 2666 1166 2714 ex
1189 2647 1299 2731 delaga-

189 2762 277 2828 tione
292 2759 462 2829 dumtaxat
471 2762 663 2847 dpostolica,
677 2783 742 2828 non
760 2769 870 2828 autem
884 2784 925 2830 ex
935 2763 1009 2850 jure
1027 2759 1297 2836 simul'commnni,

191 2886 393 2963 competunt,
415 2881 563 2966 sequitur
582 2880 767 2964 religiosum
779 2889 967 2964 exemptum
984 2886 1079 2946 extra
1099 2882 1245 2947 claustra
1256 2877 1300 2944 de

190 3003 331 3080 gentem,
343 3013 408 3060 non
419 3013 514 3079 posse
529 3014 548 3059 a
566 2997 695 3063 Vicario
711 2997 855 3080 generali
864 2997 982 3081 puniri,
996 2996 1057 3062 nisi
1069 2998 1300 3064 interveniente

152 3094 155 3098 ¹
191 3110 324 3195 speciali
334 3107 489 3174 mandato
502 3111 661 3194 Episcopi.
676 3109 770 3197 (Vide
782 3112 967 3195 Eagnanum
980 3109 1069 3176 idem
1082 3113 1297 3188 sustinentem.

190 3226 225 3290 in
239 3233 337 3308 caput
348 3231 508 3307 Quoniam,
527 3229 565 3290 de
581 3227 686 3308 offitio
701 3230 843 3308 detepati,
866 3248 900 3292 n.
919 3225 987 3313 22.)

234 3342 468 3423 Qumsr1013⁸.
486 3380 531 3390 —
542 3347 622 3407 Nam
631 3349 727 3426 possit
739 3346 847 3425 absque
860 3347 1138 3426 specialimondoto
1157 3349 1297 3429 Episcopi,

191 3463 463 3523 excommunicare?
480 3495 526 3507 —-
548 3458 743 3541 Respondeo
765 3461 797 3524 l⁰
815 3468 881 3526 non
904 3466 1014 3543 potest
1040 3459 1168 3546 absque
1186 3459 1302 3546 special

188 3575 348 3642 facultate
369 3575 458 3641 serre
480 3575 844 3641 excommunicationem
869 3582 1011 3656 tuaquom
1030 3595 1156 3658 ponam
1181 3575 1303 3662 alicujus

190 3691 317 3776 delicti;
336 3710 411 3756 cum
425 3710 485 3777 per
502 3689 701 3757 decretalem
716 3696 798 3756 La'cet
825 3691 874 3778 (dc
887 3692 992 3772 Officio
1007 3695 1136 3772 Viccrit,
1152 3693 1189 3758 iu
1201 3690 1246 3778 6),
1259 3710 1305 3758 ex-

190 3828 302 3895 presse
325 3807 538 3893 prohibeatur
560 3808 682 3894 absque
703 3808 836 3891 speciali
859 3805 1012 3872 mandato
1032 3826 1305 3894 quorumcumque

191 3944 343 3994 excessus
353 3926 518 4010 inquirere
532 3932 566 3991 et
578 3925 708 4008 punire.
729 3923 922 4009 Respondco
940 3926 974 3987 2⁰
987 3943 1083 4007 posse
1101 3944 1180 3991 enm
1195 3927 1304 4013 absque

186 4044 280 4111 ¹dicto
295 4045 427 4130 speciali
446 4042 599 4109 mandato
614 4044 906 4120 excommunicare,
925 4042 967 4109 ad
982 4041 1138 4108 effectum
1151 4041 1305 4114 reddendi

191 4158 355 4226 efficacem
379 4158 636 4246 jurisdictionem
654 4178 755 4237 suam,
781 4178 823 4223 ne
849 4159 927 4223 alias
952 4157 1099 4224 illusoria
1117 4158 1255 4243 evadat3
1275 4154 1304 4221 id

192 4282 254 4354 est,
268 4275 315 4343 ad
332 4276 484 4342 effectum
504 4273 673 4342 obtinendi
688 4282 726 4340 ut
743 4273 868 4341 subditi
881 4274 944 4340 sibi
961 4283 1110 4359 pareant.
1137 4277 1180 4342 Et
1197 4277 1243 4342 sic
1258 4292 1304 4358 pc

188 4396 268 4470 test,
291 4392 385 4460 verbi
400 4392 513 4476 gata,
535 4392 670 4459 citatum
688 4409 782 4461 reum
802 4391 855 4460 vcl
874 4397 993 4461 testem
1019 4393 1300 4467 excommunicare,
