2714 4980
536 279 615 327 raas
638 279 751 325 natus.
1140 268 1199 327 atr

120 401 239 492 stulare
251 405 363 487 possit,
378 401 571 494 siridelicet
581 403 698 479 absens
711 406 752 471 sit
763 425 782 473 a
795 405 1031 473 monasterio...
1045 406 1087 472 Et
1096 413 1207 489 potest

122 517 200 583 banc
220 517 385 584 licentiam
406 517 485 585 dare
506 518 606 585 etiam
621 519 772 602 superior
793 518 999 586 immediatus
1017 519 1202 603 religionis;

120 652 178 699 nec
193 634 336 718 exigitur
347 652 521 700 consensus
537 644 728 713 conventus,
744 654 852 721 neque
867 637 966 702 etiam
981 636 1132 720 Episcopi
1146 654 1206 701 seu

121 747 285 815 Ordiaarii
308 748 388 826 loci,
413 750 474 815 nisi
499 752 732 817 monasterium
758 752 819 833 ipsi
846 759 934 818 essct
960 748 1158 836 subjectum.
1187 773 1203 810 »

97 862 262 947 Pirrhing,
278 864 456 929 intitulum
469 867 526 943 37,
546 864 621 930 libri
640 867 652 930 l
674 863 901 943 decretalium,
919 884 953 928 n.
972 861 1040 948 17.)

126 981 163 1044 3⁰
189 978 351 1044 «Praeter
371 976 562 1044 mandatum
586 998 645 1044 seu
668 979 830 1045 licentiam
855 978 1003 1056 Praelati,
1028 979 1208 1062 requiritur

97 1093 218 1160 :etiam
230 1093 354 1158 utilitas
367 1094 564 1171 monasterii,
581 1101 618 1158 ut
637 1113 755 1187 munus
766 1093 915 1160 advocati
932 1093 1102 1177 religiosus
1115 1093 1206 1159 obire

110 1210 337 1295 possit...Non
346 1210 645 1293 potestreligtosus,
656 1211 754 1274 etiam
763 1228 837 1274 cum
846 1209 975 1274 licentia
985 1208 1127 1286 Praelati,
1136 1226 1207 1274 esse

109 1323 293 1391 advocatus
307 1344 368 1408 pro
386 1325 534 1408 personis
556 1325 619 1390 sibi
641 1326 794 1408 sanguine
816 1324 1054 1408 conjunctis...,
1072 1324 1148 1408 quia
1169 1324 1206 1389 in

110 1459 151 1507 co
167 1439 258 1504 nulla
274 1439 454 1504 vertitutur
474 1439 597 1505 utilitas
610 1439 808 1516 monasterii,
831 1445 865 1503 et
880 1458 945 1505 nou
960 1437 1057 1504 decet
1075 1445 1113 1502 ut
1128 1438 1206 1505 reli·

109 1554 194 1639 giosi
209 1558 346 1636 propter
365 1553 528 1618 carnalem
548 1553 775 1637 cognationem
792 1553 1001 1618 saecttlaribus
1017 1552 1155 1638 negotiis
1170 1571 1205 1619 se

96 1668 294 1737 involvant.
315 1691 332 1730 a
351 1669 525 1755 (Pirrhing,
543 1669 614 1735 loco
628 1668 739 1748 citato,
756 1690 790 1734 n.
813 1673 853 1737 la
869 1678 903 1736 et
925 1667 992 1754 19.)

123 1785 161 1849 4⁰
184 1784 304 1849 Utrum
320 1784 461 1868 religiosi
475 1785 599 1867 possint
618 1783 771 1850 advocati
787 1786 1072 1869 procuratorisque
1088 1803 1206 1851 munus

96 1901 175 1967 abire
201 1918 262 1984 pro
286 1899 521 1965 miserabilibus
547 1903 710 1985 personis,
733 1899 900 1985 disputant
926 1899 1101 1967 doctores:
1119 1899 1203 1967 affir-

95 2021 173 2081 nant
192 2015 310 2094 Imola,
326 2015 488 2081 Sanchez:
506 2023 604 2099 negat
618 2017 761 2100 Layman
787 2013 873 2101 (vide
891 2014 1054 2099 Pirrbing,
1077 2013 1150 2082 loco
1163 2017 1207 2081 ci·

96 2127 180 2214 ato).

128 2247 162 2310 5⁰
188 2245 382 2310 «Praelotus
405 2263 464 2309 seu
486 2245 635 2328 superior
652 2242 776 2310 ordinis
799 2250 907 2327 potest
930 2262 1001 2310 esse
1024 2244 1205 2311 advocatus

95 2360 171 2426 ivel
191 2367 386 2445 procurator
407 2357 580 2442 injudicio
604 2360 671 2424 sine
691 2359 821 2423 licentia
839 2360 888 2424 sui
912 2367 1112 2443 conventus3
1129 2361 1206 2445 quia

95 2475 185 2559 ‹ipse
206 2492 273 2538 non
292 2473 416 2557 pendet
432 2493 450 2538 a
464 2481 645 2551 conventu,
665 2473 748 2538 sicut
768 2474 998 2539 conventuales
1016 2474 1057 2540 ab
1074 2475 1203 2559 ipso...;

95 2610 104 2648 r
115 2587 213 2674 idque
223 2608 288 2654 non
298 2588 401 2653 solum
412 2587 446 2652 in
459 2607 557 2653 causa
567 2587 752 2670 pertinente
764 2587 806 2653 ad
818 2588 991 2653 utilitatem
1003 2590 1201 2667 monasterii,

95 2703 175 2769 used
193 2706 292 2769 etiam
307 2703 341 2766 in
361 2703 423 2767 alia
440 2721 535 2767 causa
550 2702 783 2779 ecclesiastica,
800 2703 827 2767 si
842 2704 949 2787 gravis
968 2704 1031 2781 sit,
1052 2712 1086 2770 et
1100 2705 1204 2788 perti·

94 2838 194 2886 «nens
207 2819 251 2886 ad
267 2819 438 2884 utilitatem
456 2816 637 2900 publicam,
656 2816 750 2882 verbi
773 2819 891 2900 gratia,
911 2819 1106 2886 electionem
1131 2820 1207 2903 Epi-

94 2937 214 3020 ascopi.
233 2959 251 2998 a
272 2934 443 3022 (Pirrhing,
460 2933 534 3000 loco
551 2913 660 3012 citato,
678 2953 712 2997 n.
733 2931 801 3016 19.)

595 3181 685 3281 su.

330 3405 430 3463 Quibus,
444 3404 468 3451 ia
486 3403 565 3450 causis
585 3402 694 3449 constitui
711 3401 785 3462 possit
799 3408 947 3462 procurator.

124 3660 140 3700 o
156 3637 197 3703 In
212 3633 360 3700 omnibus
374 3632 478 3696 causis
496 3638 531 3696 et
543 3630 681 3714 negotiis
701 3627 850 3694 adhiberi
866 3638 974 3712 potest
994 3640 1200 3714 procurator,

98 3756 142 3821 -iu
158 3751 280 3837 quibus
288 3748 325 3814 id
335 3769 398 3814 nou
408 3749 573 3832 reperitur
587 3766 741 3831 expresse
759 3747 970 3829 prohibitum.
990 3769 1007 3808 a
1027 3748 1201 3836 (Pirrhing,

93 3885 108 3935 t
129 3866 266 3933 titulum
289 3868 347 3942 38,
370 3863 447 3929 libri
475 3866 486 3926 l
519 3861 751 3938 decretalium,
775 3881 806 3926 n.
831 3859 900 3944 25.)
928 3861 1023 3942 Quod
1051 3864 1204 3946 gencrale

94 3983 278 4069 rincipium
299 3981 494 4046 unanimiter
513 3999 532 4044 a
557 3976 749 4047 doctoribus
771 3985 925 4062 tanquam
952 3987 1079 4044 certum
1102 3979 1205 4046 tradi-

93 4123 143 4171 ur.

119 4219 228 4287 Porro
247 4212 375 4281 abunde
402 4219 531 4279 certum
545 4217 606 4288 est,
625 4208 668 4276 dc
684 4212 788 4275 causis
803 4209 973 4275 dumtaxat
988 4211 1206 4280 criminalibus

93 4334 204 4403 noveni
216 4351 313 4419 posse
326 4327 555 4396 difficultatem
571 4348 578 4391 :
592 4345 667 4391 nam
685 4325 793 4410 quoad
806 4333 941 4391 caeteras
955 4300 1119 4393 nullibi'in
1130 4328 1205 4418 jure
