<?xml version="1.0" encoding="UTF-8"?>
<!DOCTYPE html PUBLIC "-//W3C//DTD XHTML 1.0 Transitional//EN"
    "http://www.w3.org/TR/xhtml1/DTD/xhtml1-transitional.dtd">
<html xmlns="http://www.w3.org/1999/xhtml" xml:lang="en" lang="en">
 <head>
  <title>
</title>
<meta http-equiv="Content-Type" content="text/html;charset=utf-8" />
  <meta name='ocr-system' content='tesseract 3.04.00' />
  <meta name='ocr-capabilities' content='ocr_page ocr_carea ocr_par ocr_line ocrx_word'/>
</head>
<body>
  <div class='ocr_page' id='page_1' title='image "./tractatusdejudi00bouigoog_0270.png"; bbox 0 0 2714 4980; ppageno 0'>
   <div class='ocr_carea' id='block_1_1' title="bbox 481 304 1144 367">
    <p class='ocr_par' dir='ltr' id='par_1_1' title="bbox 481 304 1144 367">
     <span class='ocr_line' id='line_1_1' title="bbox 481 304 1144 367; baseline 0.003 -2"><span class='ocrx_word' id='word_1_1' title='bbox 481 319 560 367; x_wconf 77' lang='lat' dir='ltr'><strong>rans</strong></span> <span class='ocrx_word' id='word_1_2' title='bbox 583 319 697 365; x_wconf 68' lang='lat' dir='ltr'><strong>aaran.</strong></span> <span class='ocrx_word' id='word_1_3' title='bbox 999 332 1001 337; x_wconf 96' lang='lat'>·</span> <span class='ocrx_word' id='word_1_4' title='bbox 1078 304 1144 367; x_wconf 71' lang='grc'><strong>157·</strong></span> 
     </span>
    </p>
   </div>
   <div class='ocr_carea' id='block_1_2' title="bbox 95 442 1180 4572">
    <p class='ocr_par' dir='ltr' id='par_1_2' title="bbox 95 442 1180 4572">
     <span class='ocr_line' id='line_1_2' title="bbox 95 442 1143 526; baseline 0 -18"><span class='ocrx_word' id='word_1_5' title='bbox 95 442 129 517; x_wconf 67' lang='grc' dir='ltr'><strong>Π.</strong></span> <span class='ocrx_word' id='word_1_6' title='bbox 154 446 199 508; x_wconf 79' lang='lat' dir='ltr'><strong>Do</strong></span> <span class='ocrx_word' id='word_1_7' title='bbox 208 444 428 524; x_wconf 78' lang='lat' dir='ltr'><strong>jurisdictione</strong></span> <span class='ocrx_word' id='word_1_8' title='bbox 443 463 509 524; x_wconf 83' lang='lat' dir='ltr'><strong>qaa</strong></span> <span class='ocrx_word' id='word_1_9' title='bbox 532 464 572 507; x_wconf 82' lang='lat' dir='ltr'><strong>ea</strong></span> <span class='ocrx_word' id='word_1_10' title='bbox 593 449 866 526; x_wconf 64' lang='lat' dir='ltr'><strong>compromissione,</strong></span> <span class='ocrx_word' id='word_1_11' title='bbox 892 445 940 506; x_wconf 81' lang='lat' dir='ltr'><strong>vel</strong></span> <span class='ocrx_word' id='word_1_12' title='bbox 959 445 1143 508; x_wconf 77' lang='lat' dir='ltr'><strong>arbitrorum</strong></span> 
     </span>
     <span class='ocr_line' id='line_1_3' title="bbox 95 559 1143 651; baseline 0.005 -30"><span class='ocrx_word' id='word_1_13' title='bbox 95 561 156 651; x_wconf 74' lang='lat' dir='ltr'><strong>lton</strong></span> <span class='ocrx_word' id='word_1_14' title='bbox 176 561 370 640; x_wconf 69' lang='lat' dir='ltr'><strong>deputatione</strong></span> <span class='ocrx_word' id='word_1_15' title='bbox 391 565 501 624; x_wconf 70' lang='lat' dir='ltr'><strong>catur.</strong></span> <span class='ocrx_word' id='word_1_16' title='bbox 525 596 572 611; x_wconf 92' lang='lat'><em>-</em></span> <span class='ocrx_word' id='word_1_17' title='bbox 593 559 730 642; x_wconf 81' lang='lat' dir='ltr'><strong>Quando</strong></span> <span class='ocrx_word' id='word_1_18' title='bbox 754 561 827 644; x_wconf 89' lang='lat' dir='ltr'><strong>quis</strong></span> <span class='ocrx_word' id='word_1_19' title='bbox 852 559 978 625; x_wconf 81' lang='lat' dir='ltr'><strong>arbiter</strong></span> <span class='ocrx_word' id='word_1_20' title='bbox 999 559 1143 643; x_wconf 82' lang='lat' dir='ltr'><strong>legitimo</strong></span> 
     </span>
     <span class='ocr_line' id='line_1_4' title="bbox 95 674 1144 760; baseline 0 -20"><span class='ocrx_word' id='word_1_21' title='bbox 95 674 242 751; x_wconf 74' lang='lat' dir='ltr'><strong>titmtur,</strong></span> <span class='ocrx_word' id='word_1_22' title='bbox 259 681 467 758; x_wconf 86' lang='lat' dir='ltr'><strong>potestatem,</strong></span> <span class='ocrx_word' id='word_1_23' title='bbox 486 694 549 760; x_wconf 90' lang='lat' dir='ltr'><strong>qua</strong></span> <span class='ocrx_word' id='word_1_24' title='bbox 564 685 659 743; x_wconf 90' lang='lat' dir='ltr'><strong>antea</strong></span> <span class='ocrx_word' id='word_1_25' title='bbox 673 676 817 753; x_wconf 79' lang='lat' dir='ltr'>carebat,</span> <span class='ocrx_word' id='word_1_26' title='bbox 836 674 878 740; x_wconf 92' lang='lat' dir='ltr'><strong>de</strong></span> <span class='ocrx_word' id='word_1_27' title='bbox 897 694 994 741; x_wconf 88' lang='lat' dir='ltr'><strong>causa</strong></span> <span class='ocrx_word' id='word_1_28' title='bbox 1013 693 1144 757; x_wconf 82' lang='lat' dir='ltr'><strong>cognos-</strong></span> 
     </span>
     <span class='ocr_line' id='line_1_5' title="bbox 95 788 1144 878; baseline -0.004 -17"><span class='ocrx_word' id='word_1_29' title='bbox 95 788 170 861; x_wconf 81' lang='lat' dir='ltr'><strong>ttot</strong></span> <span class='ocrx_word' id='word_1_30' title='bbox 187 791 421 874; x_wconf 87' lang='lat' dir='ltr'><strong>pronuntiandi</strong></span> <span class='ocrx_word' id='word_1_31' title='bbox 434 793 583 878; x_wconf 84' lang='lat' dir='ltr'><strong>acquirit.</strong></span> <span class='ocrx_word' id='word_1_32' title='bbox 604 795 683 875; x_wconf 83' lang='lat' dir='ltr'><strong>Quae</strong></span> <span class='ocrx_word' id='word_1_33' title='bbox 701 801 856 877; x_wconf 89' lang='lat' dir='ltr'><strong>potestas,</strong></span> <span class='ocrx_word' id='word_1_34' title='bbox 877 793 939 858; x_wconf 86' lang='lat' dir='ltr'><strong>etsi</strong></span> <span class='ocrx_word' id='word_1_35' title='bbox 959 791 1144 877; x_wconf 89' lang='lat' dir='ltr'><strong>jurisdictio</strong></span> 
     </span>
     <span class='ocr_line' id='line_1_6' title="bbox 95 906 1144 995; baseline 0.001 -22"><span class='ocrx_word' id='word_1_36' title='bbox 95 908 158 993; x_wconf 78' lang='lat' dir='ltr'><strong>prie</strong></span> <span class='ocrx_word' id='word_1_37' title='bbox 172 906 260 973; x_wconf 87' lang='lat' dir='ltr'><strong>dicta</strong></span> <span class='ocrx_word' id='word_1_38' title='bbox 272 927 336 973; x_wconf 94' lang='lat' dir='ltr'><strong>non</strong></span> <span class='ocrx_word' id='word_1_39' title='bbox 349 909 401 986; x_wconf 90' lang='lat' dir='ltr'><strong>sit,</strong></span> <span class='ocrx_word' id='word_1_40' title='bbox 416 917 588 976; x_wconf 87' lang='lat' dir='ltr'><strong>esttamen</strong></span> <span class='ocrx_word' id='word_1_41' title='bbox 601 909 896 995; x_wconf 87' lang='lat' dir='ltr'><strong>quasi-jurisdictio.</strong></span> <span class='ocrx_word' id='word_1_42' title='bbox 912 907 1007 974; x_wconf 86' lang='lat' dir='ltr'><strong>Unde</strong></span> <span class='ocrx_word' id='word_1_43' title='bbox 1018 907 1061 974; x_wconf 88' lang='lat' dir='ltr'><strong>ad</strong></span> <span class='ocrx_word' id='word_1_44' title='bbox 1073 909 1144 992; x_wconf 88' lang='lat' dir='ltr'><strong>ple·</strong></span> 
     </span>
     <span class='ocr_line' id='line_1_7' title="bbox 95 1021 1145 1108; baseline -0.004 -15"><span class='ocrx_word' id='word_1_45' title='bbox 95 1021 346 1097; x_wconf 66' lang='lat' dir='ltr'><strong>rediscussionem</strong></span> <span class='ocrx_word' id='word_1_46' title='bbox 357 1026 540 1108; x_wconf 84' lang='lat' dir='ltr'><strong>quaestionis</strong></span> <span class='ocrx_word' id='word_1_47' title='bbox 554 1033 657 1090; x_wconf 86' lang='lat' dir='ltr'><strong>atram</strong></span> <span class='ocrx_word' id='word_1_48' title='bbox 669 1033 738 1107; x_wconf 81' lang='lat' dir='ltr'><strong>qais</strong></span> <span class='ocrx_word' id='word_1_49' title='bbox 751 1033 791 1089; x_wconf 82' lang='lat' dir='ltr'><strong>sit</strong></span> <span class='ocrx_word' id='word_1_50' title='bbox 798 1029 898 1108; x_wconf 81' lang='lat' dir='ltr'><strong>jndoa</strong></span> <span class='ocrx_word' id='word_1_51' title='bbox 909 1034 1085 1108; x_wconf 71' lang='lat' dir='ltr'><strong>appears,</strong></span> <span class='ocrx_word' id='word_1_52' title='bbox 1095 1026 1145 1089; x_wconf 91' lang='lat' dir='ltr'><strong>in-</strong></span> 
     </span>
     <span class='ocr_line' id='line_1_8' title="bbox 95 1138 1144 1227; baseline -0.001 -18"><span class='ocrx_word' id='word_1_53' title='bbox 95 1138 221 1209; x_wconf 76' lang='lat' dir='ltr'><strong>mudum</strong></span> <span class='ocrx_word' id='word_1_54' title='bbox 232 1141 328 1205; x_wconf 86' lang='lat' dir='ltr'><strong>etiam</strong></span> <span class='ocrx_word' id='word_1_55' title='bbox 336 1148 397 1217; x_wconf 90' lang='lat' dir='ltr'><strong>est,</strong></span> <span class='ocrx_word' id='word_1_56' title='bbox 407 1140 612 1226; x_wconf 81' lang='lat' dir='ltr'>quandonam</span> <span class='ocrx_word' id='word_1_57' title='bbox 623 1143 856 1227; x_wconf 90' lang='lat' dir='ltr'><strong>quistanquam</strong></span> <span class='ocrx_word' id='word_1_58' title='bbox 865 1142 988 1208; x_wconf 87' lang='lat' dir='ltr'><strong>arbiter</strong></span> <span class='ocrx_word' id='word_1_59' title='bbox 998 1140 1040 1207; x_wconf 91' lang='lat' dir='ltr'><strong>de</strong></span> <span class='ocrx_word' id='word_1_60' title='bbox 1048 1160 1144 1208; x_wconf 88' lang='lat' dir='ltr'><strong>eausa</strong></span> 
     </span>
     <span class='ocr_line' id='line_1_9' title="bbox 95 1258 1145 1342; baseline 0.004 -23"><span class='ocrx_word' id='word_1_61' title='bbox 95 1268 221 1327; x_wconf 76' lang='lat' dir='ltr'><strong>pascere</strong></span> <span class='ocrx_word' id='word_1_62' title='bbox 248 1263 284 1321; x_wconf 92' lang='lat' dir='ltr'><strong>et</strong></span> <span class='ocrx_word' id='word_1_63' title='bbox 305 1258 517 1339; x_wconf 88' lang='lat' dir='ltr'><strong>pronuntiare</strong></span> <span class='ocrx_word' id='word_1_64' title='bbox 543 1258 686 1341; x_wconf 85' lang='lat' dir='ltr'>legitime</span> <span class='ocrx_word' id='word_1_65' title='bbox 713 1259 824 1342; x_wconf 83' lang='lat' dir='ltr'><strong>possit.</strong></span> <span class='ocrx_word' id='word_1_66' title='bbox 851 1259 929 1339; x_wconf 85' lang='lat' dir='ltr'><strong>Quae</strong></span> <span class='ocrx_word' id='word_1_67' title='bbox 956 1260 1045 1324; x_wconf 93' lang='lat' dir='ltr'><strong>notio</strong></span> <span class='ocrx_word' id='word_1_68' title='bbox 1068 1259 1145 1323; x_wconf 88' lang='lat' dir='ltr'><strong>satis</strong></span> 
     </span>
     <span class='ocr_line' id='line_1_10' title="bbox 95 1358 1142 1460; baseline 0.004 -23"><span class='ocrx_word' id='word_1_69' title='bbox 95 1358 281 1456; x_wconf 74' lang='lat' dir='ltr'><strong>sperabitur,</strong></span> <span class='ocrx_word' id='word_1_70' title='bbox 296 1373 323 1437; x_wconf 90' lang='lat' dir='ltr'><strong>si</strong></span> <span class='ocrx_word' id='word_1_71' title='bbox 340 1382 533 1456; x_wconf 79' lang='lat' dir='ltr'><strong>exponatur,</strong></span> <span class='ocrx_word' id='word_1_72' title='bbox 552 1377 584 1438; x_wconf 81' lang='lat'><strong>1⁰</strong></span> <span class='ocrx_word' id='word_1_73' title='bbox 601 1373 682 1459; x_wconf 93' lang='lat' dir='ltr'><strong>quid</strong></span> <span class='ocrx_word' id='word_1_74' title='bbox 698 1383 731 1440; x_wconf 90' lang='lat' dir='ltr'><strong>et</strong></span> <span class='ocrx_word' id='word_1_75' title='bbox 745 1376 926 1459; x_wconf 86' lang='lat' dir='ltr'><strong>quotuplex</strong></span> <span class='ocrx_word' id='word_1_76' title='bbox 941 1376 983 1440; x_wconf 88' lang='lat' dir='ltr'><strong>sit</strong></span> <span class='ocrx_word' id='word_1_77' title='bbox 997 1376 1142 1460; x_wconf 81' lang='lat' dir='ltr'><strong>arbiter3</strong></span> 
     </span>
     <span class='ocr_line' id='line_1_11' title="bbox 95 1490 1144 1575; baseline 0.003 -22"><span class='ocrx_word' id='word_1_78' title='bbox 95 1506 227 1574; x_wconf 76' lang='lat' dir='ltr'><strong>quanam</strong></span> <span class='ocrx_word' id='word_1_79' title='bbox 242 1491 452 1575; x_wconf 87' lang='lat' dir='ltr'><strong>requirantur</strong></span> <span class='ocrx_word' id='word_1_80' title='bbox 471 1490 673 1557; x_wconf 89' lang='lat' dir='ltr'><strong>conditiones</strong></span> <span class='ocrx_word' id='word_1_81' title='bbox 690 1491 927 1575; x_wconf 84' lang='lat' dir='ltr'><strong>adlegitimam</strong></span> <span class='ocrx_word' id='word_1_82' title='bbox 945 1492 1144 1559; x_wconf 87' lang='lat' dir='ltr'><strong>arbitrorum</strong></span> 
     </span>
     <span class='ocr_line' id='line_1_12' title="bbox 95 1604 1143 1690; baseline 0.002 -21"><span class='ocrx_word' id='word_1_83' title='bbox 95 1604 299 1670; x_wconf 68' lang='lat' dir='ltr'><strong>stitutionem.</strong></span> <span class='ocrx_word' id='word_1_84' title='bbox 312 1606 383 1670; x_wconf 86' lang='lat' dir='ltr'><strong>Non</strong></span> <span class='ocrx_word' id='word_1_85' title='bbox 395 1605 481 1670; x_wconf 90' lang='lat' dir='ltr'><strong>enim</strong></span> <span class='ocrx_word' id='word_1_86' title='bbox 490 1605 542 1671; x_wconf 92' lang='lat' dir='ltr'><strong>bic</strong></span> <span class='ocrx_word' id='word_1_87' title='bbox 551 1605 713 1690; x_wconf 86' lang='lat' dir='ltr'><strong>agendum</strong></span> <span class='ocrx_word' id='word_1_88' title='bbox 725 1606 882 1672; x_wconf 88' lang='lat' dir='ltr'><strong>babemus</strong></span> <span class='ocrx_word' id='word_1_89' title='bbox 891 1606 934 1674; x_wconf 91' lang='lat' dir='ltr'><strong>de</strong></span> <span class='ocrx_word' id='word_1_90' title='bbox 945 1607 1143 1673; x_wconf 89' lang='lat' dir='ltr'><strong>arbitrorum</strong></span> 
     </span>
     <span class='ocr_line' id='line_1_13' title="bbox 95 1718 1144 1808; baseline 0.002 -21"><span class='ocrx_word' id='word_1_91' title='bbox 95 1718 144 1800; x_wconf 82' lang='lat' dir='ltr'><strong>io,</strong></span> <span class='ocrx_word' id='word_1_92' title='bbox 168 1727 226 1785; x_wconf 91' lang='lat' dir='ltr'><strong>aut</strong></span> <span class='ocrx_word' id='word_1_93' title='bbox 248 1719 291 1786; x_wconf 92' lang='lat' dir='ltr'><strong>de</strong></span> <span class='ocrx_word' id='word_1_94' title='bbox 317 1722 351 1787; x_wconf 82' lang='lat' dir='ltr'><strong>vi</strong></span> <span class='ocrx_word' id='word_1_95' title='bbox 372 1729 406 1787; x_wconf 88' lang='lat' dir='ltr'><strong>et</strong></span> <span class='ocrx_word' id='word_1_96' title='bbox 429 1720 599 1787; x_wconf 83' lang='lat' dir='ltr'><strong>effectibus</strong></span> <span class='ocrx_word' id='word_1_97' title='bbox 624 1722 785 1789; x_wconf 87' lang='lat' dir='ltr'><strong>arbitralis</strong></span> <span class='ocrx_word' id='word_1_98' title='bbox 809 1725 994 1808; x_wconf 79' lang='lat' dir='ltr'><strong>senteutiae3</strong></span> <span class='ocrx_word' id='word_1_99' title='bbox 1017 1722 1078 1790; x_wconf 90' lang='lat' dir='ltr'><strong>sed</strong></span> <span class='ocrx_word' id='word_1_100' title='bbox 1101 1721 1144 1789; x_wconf 89' lang='lat' dir='ltr'><strong>de</strong></span> 
     </span>
     <span class='ocr_line' id='line_1_14' title="bbox 95 1837 636 1922; baseline 0.004 -21"><span class='ocrx_word' id='word_1_101' title='bbox 95 1838 246 1920; x_wconf 84' lang='lat' dir='ltr'><strong>tpetentia</strong></span> <span class='ocrx_word' id='word_1_102' title='bbox 259 1844 385 1903; x_wconf 89' lang='lat' dir='ltr'><strong>tantum</strong></span> <span class='ocrx_word' id='word_1_103' title='bbox 403 1837 636 1922; x_wconf 83' lang='lat' dir='ltr'><strong>dignoscenda.</strong></span> 
     </span>
     <span class='ocr_line' id='line_1_15' title="bbox 96 1956 1145 2036; baseline 0.006 -19"><span class='ocrx_word' id='word_1_104' title='bbox 96 1956 111 1988; x_wconf 82' lang='lat'>⁰</span> <span class='ocrx_word' id='word_1_105' title='bbox 130 1957 213 2034; x_wconf 80' lang='lat' dir='ltr'><strong>Quid</strong></span> <span class='ocrx_word' id='word_1_106' title='bbox 224 1962 255 2017; x_wconf 87' lang='lat' dir='ltr'><strong>et</strong></span> <span class='ocrx_word' id='word_1_107' title='bbox 267 1957 431 2036; x_wconf 78' lang='lat' dir='ltr'><strong>qamtaplea</strong></span> <span class='ocrx_word' id='word_1_108' title='bbox 444 1961 485 2018; x_wconf 83' lang='lat' dir='ltr'><strong>sit</strong></span> <span class='ocrx_word' id='word_1_109' title='bbox 496 1959 620 2020; x_wconf 77' lang='lat' dir='ltr'><strong>arbiter.</strong></span> <span class='ocrx_word' id='word_1_110' title='bbox 638 1992 684 2005; x_wconf 91' lang='lat'>—</span> <span class='ocrx_word' id='word_1_111' title='bbox 697 1961 815 2036; x_wconf 84' lang='lat' dir='ltr'><strong>Prima,</strong></span> <span class='ocrx_word' id='word_1_112' title='bbox 832 1956 956 2022; x_wconf 82' lang='lat' dir='ltr'><strong>arbiter</strong></span> <span class='ocrx_word' id='word_1_113' title='bbox 967 1957 1034 2023; x_wconf 83' lang='lat' dir='ltr'><strong>lato</strong></span> <span class='ocrx_word' id='word_1_114' title='bbox 1049 1976 1145 2024; x_wconf 87' lang='lat' dir='ltr'><strong>sensu</strong></span> 
     </span>
     <span class='ocr_line' id='line_1_16' title="bbox 95 2067 1146 2154; baseline 0.003 -19"><span class='ocrx_word' id='word_1_115' title='bbox 95 2076 161 2147; x_wconf 87' lang='lat' dir='ltr'><strong>tur,</strong></span> <span class='ocrx_word' id='word_1_116' title='bbox 176 2070 233 2154; x_wconf 93' lang='lat' dir='ltr'><strong>qui</strong></span> <span class='ocrx_word' id='word_1_117' title='bbox 244 2067 285 2134; x_wconf 89' lang='lat' dir='ltr'><strong>ad</strong></span> <span class='ocrx_word' id='word_1_118' title='bbox 300 2068 429 2153; x_wconf 83' lang='lat' dir='ltr'><strong>aliquod</strong></span> <span class='ocrx_word' id='word_1_119' title='bbox 440 2071 607 2154; x_wconf 87' lang='lat' dir='ltr'><strong>negotium</strong></span> <span class='ocrx_word' id='word_1_120' title='bbox 620 2069 845 2137; x_wconf 72' lang='lat' dir='ltr'><strong>estimandum</strong></span> <span class='ocrx_word' id='word_1_121' title='bbox 859 2079 894 2136; x_wconf 92' lang='lat' dir='ltr'><strong>et</strong></span> <span class='ocrx_word' id='word_1_122' title='bbox 905 2071 1146 2139; x_wconf 84' lang='lat' dir='ltr'><strong>terminandum</strong></span> 
     </span>
     <span class='ocr_line' id='line_1_17' title="bbox 95 2184 1145 2273; baseline 0.005 -23"><span class='ocrx_word' id='word_1_123' title='bbox 95 2186 226 2261; x_wconf 79' lang='lat' dir='ltr'><strong>stitutus</strong></span> <span class='ocrx_word' id='word_1_124' title='bbox 240 2192 312 2250; x_wconf 90' lang='lat' dir='ltr'><strong>est:</strong></span> <span class='ocrx_word' id='word_1_125' title='bbox 332 2185 445 2250; x_wconf 88' lang='lat' dir='ltr'><strong>stricto</strong></span> <span class='ocrx_word' id='word_1_126' title='bbox 465 2204 545 2252; x_wconf 83' lang='lat' dir='ltr'><strong>vero</strong></span> <span class='ocrx_word' id='word_1_127' title='bbox 567 2205 680 2263; x_wconf 90' lang='lat' dir='ltr'><strong>sensu,</strong></span> <span class='ocrx_word' id='word_1_128' title='bbox 697 2184 802 2263; x_wconf 90' lang='lat' dir='ltr'><strong>idest,</strong></span> <span class='ocrx_word' id='word_1_129' title='bbox 821 2194 982 2272; x_wconf 87' lang='lat' dir='ltr'><strong>quatenus</strong></span> <span class='ocrx_word' id='word_1_130' title='bbox 999 2209 1018 2254; x_wconf 89' lang='lat' dir='ltr'><strong>a</strong></span> <span class='ocrx_word' id='word_1_131' title='bbox 1034 2187 1145 2273; x_wconf 86' lang='lat' dir='ltr'><strong>judice</strong></span> 
     </span>
     <span class='ocr_line' id='line_1_18' title="bbox 95 2299 1147 2386; baseline 0.001 -19"><span class='ocrx_word' id='word_1_132' title='bbox 95 2302 162 2384; x_wconf 89' lang='lat' dir='ltr'><strong>prie</strong></span> <span class='ocrx_word' id='word_1_133' title='bbox 177 2300 266 2367; x_wconf 92' lang='lat' dir='ltr'><strong>dicto</strong></span> <span class='ocrx_word' id='word_1_134' title='bbox 282 2299 616 2385; x_wconf 87' lang='lat' dir='ltr'><strong>contradistinguitur‚</strong></span> <span class='ocrx_word' id='word_1_135' title='bbox 639 2300 768 2368; x_wconf 87' lang='lat' dir='ltr'><strong>deliniri</strong></span> <span class='ocrx_word' id='word_1_136' title='bbox 781 2309 901 2386; x_wconf 91' lang='lat' dir='ltr'><strong>potest,</strong></span> <span class='ocrx_word' id='word_1_137' title='bbox 919 2325 1061 2386; x_wconf 79' lang='lat' dir='ltr'><strong>perrara,</strong></span> <span class='ocrx_word' id='word_1_138' title='bbox 1083 2311 1147 2368; x_wconf 78' lang='lat' dir='ltr'><strong>aiva</strong></span> 
     </span>
     <span class='ocr_line' id='line_1_19' title="bbox 95 2420 1146 2502; baseline 0.005 -21"><span class='ocrx_word' id='word_1_139' title='bbox 95 2420 383 2500; x_wconf 60' lang='lat' dir='ltr'><strong>dipositr&#39;aaajarr&#39;a,</strong></span> <span class='ocrx_word' id='word_1_140' title='bbox 402 2425 464 2481; x_wconf 81' lang='lat' dir='ltr'><strong>stoc</strong></span> <span class='ocrx_word' id='word_1_141' title='bbox 481 2439 521 2482; x_wconf 79' lang='lat' dir='ltr'><strong>aa</strong></span> <span class='ocrx_word' id='word_1_142' title='bbox 539 2426 731 2484; x_wconf 75' lang='lat' dir='ltr'><strong>conuentione</strong></span> <span class='ocrx_word' id='word_1_143' title='bbox 740 2426 896 2502; x_wconf 78' lang='lat' dir='ltr'><strong>partiam,</strong></span> <span class='ocrx_word' id='word_1_144' title='bbox 913 2428 1088 2502; x_wconf 80' lang='lat' dir='ltr'><strong>constituta,</strong></span> <span class='ocrx_word' id='word_1_145' title='bbox 1110 2429 1146 2485; x_wconf 82' lang='lat' dir='ltr'><strong>at</strong></span> 
     </span>
     <span class='ocr_line' id='line_1_20' title="bbox 95 2534 1141 2622; baseline 0.001 -21"><span class='ocrx_word' id='word_1_146' title='bbox 95 2552 167 2601; x_wconf 66' lang='lat' dir='ltr'><strong>urta</strong></span> <span class='ocrx_word' id='word_1_147' title='bbox 177 2543 331 2617; x_wconf 79' lang='lat' dir='ltr'><strong>oopaosaar</strong></span> <span class='ocrx_word' id='word_1_148' title='bbox 342 2542 372 2596; x_wconf 87' lang='lat' dir='ltr'><strong>et</strong></span> <span class='ocrx_word' id='word_1_149' title='bbox 384 2541 562 2598; x_wconf 80' lang='lat' dir='ltr'><strong>senteutiam</strong></span> <span class='ocrx_word' id='word_1_150' title='bbox 568 2538 719 2616; x_wconf 78' lang='lat' dir='ltr'><strong>proferat.</strong></span> <span class='ocrx_word' id='word_1_151' title='bbox 735 2534 830 2622; x_wconf 86' lang='lat' dir='ltr'><strong>(Vide</strong></span> <span class='ocrx_word' id='word_1_152' title='bbox 841 2535 1141 2621; x_wconf 85' lang='lat' dir='ltr'><strong>Schmalzgrueber,</strong></span> 
     </span>
     <span class='ocr_line' id='line_1_21' title="bbox 95 2647 768 2735; baseline 0.003 -22"><span class='ocrx_word' id='word_1_153' title='bbox 95 2649 208 2714; x_wconf 89' lang='lat' dir='ltr'><strong>itnlnm</strong></span> <span class='ocrx_word' id='word_1_154' title='bbox 223 2650 278 2728; x_wconf 75' lang='lat'><strong>42,</strong></span> <span class='ocrx_word' id='word_1_155' title='bbox 294 2649 371 2714; x_wconf 90' lang='lat' dir='ltr'><strong>libri</strong></span> <span class='ocrx_word' id='word_1_156' title='bbox 390 2653 403 2713; x_wconf 86' lang='lat' dir='ltr'><strong>l</strong></span> <span class='ocrx_word' id='word_1_157' title='bbox 423 2647 650 2729; x_wconf 84' lang='lat' dir='ltr'><strong>decretalium,</strong></span> <span class='ocrx_word' id='word_1_158' title='bbox 669 2671 702 2715; x_wconf 93' lang='lat' dir='ltr'><strong>n.</strong></span> <span class='ocrx_word' id='word_1_159' title='bbox 723 2648 768 2735; x_wconf 84' lang='grc'><strong>1.)</strong></span> 
     </span>
     <span class='ocr_line' id='line_1_22' title="bbox 95 2763 1145 2854; baseline 0.005 -23"><span class='ocrx_word' id='word_1_160' title='bbox 95 2763 230 2845; x_wconf 65' lang='lat' dir='ltr'><strong>boanda</strong></span> <span class='ocrx_word' id='word_1_161' title='bbox 240 2765 297 2830; x_wconf 89' lang='lat' dir='ltr'><strong>alii</strong></span> <span class='ocrx_word' id='word_1_162' title='bbox 308 2773 383 2831; x_wconf 91' lang='lat' dir='ltr'><strong>sunt</strong></span> <span class='ocrx_word' id='word_1_163' title='bbox 398 2765 513 2831; x_wconf 87' lang='lat' dir='ltr'><strong>arbitri</strong></span> <span class='ocrx_word' id='word_1_164' title='bbox 520 2772 604 2849; x_wconf 78' lang='lat' dir='ltr'><strong>jarria</strong></span> <span class='ocrx_word' id='word_1_165' title='bbox 618 2786 676 2832; x_wconf 91' lang='lat' dir='ltr'><strong>seu</strong></span> <span class='ocrx_word' id='word_1_166' title='bbox 689 2770 874 2846; x_wconf 88' lang='lat' dir='ltr'><strong>necessarii,</strong></span> <span class='ocrx_word' id='word_1_167' title='bbox 890 2769 945 2835; x_wconf 90' lang='lat' dir='ltr'><strong>alii</strong></span> <span class='ocrx_word' id='word_1_168' title='bbox 955 2779 1145 2854; x_wconf 74' lang='lat' dir='ltr'><strong>compromis-</strong></span> 
     </span>
     <span class='ocr_line' id='line_1_23' title="bbox 95 2880 1141 2971; baseline 0.009 -28"><span class='ocrx_word' id='word_1_169' title='bbox 95 2885 125 2943; x_wconf 83' lang='lat' dir='ltr'><strong>a&#39;r</strong></span> <span class='ocrx_word' id='word_1_170' title='bbox 145 2898 205 2946; x_wconf 92' lang='lat' dir='ltr'><strong>seu</strong></span> <span class='ocrx_word' id='word_1_171' title='bbox 229 2880 414 2946; x_wconf 85' lang='lat' dir='ltr'><strong>voluntarii.</strong></span> <span class='ocrx_word' id='word_1_172' title='bbox 438 2881 570 2946; x_wconf 88' lang='lat' dir='ltr'><strong>Priores</strong></span> <span class='ocrx_word' id='word_1_173' title='bbox 591 2889 667 2946; x_wconf 90' lang='lat' dir='ltr'><strong>sunt</strong></span> <span class='ocrx_word' id='word_1_174' title='bbox 689 2883 746 2967; x_wconf 91' lang='lat' dir='ltr'><strong>qui</strong></span> <span class='ocrx_word' id='word_1_175' title='bbox 768 2902 810 2948; x_wconf 84' lang='lat' dir='ltr'><strong>ex</strong></span> <span class='ocrx_word' id='word_1_176' title='bbox 833 2886 1023 2968; x_wconf 79' lang='lat' dir='ltr'><strong>prescripto</strong></span> <span class='ocrx_word' id='word_1_177' title='bbox 1049 2886 1141 2971; x_wconf 83' lang='lat' dir='ltr'><strong>legis,</strong></span> 
     </span>
     <span class='ocr_line' id='line_1_24' title="bbox 95 2994 1180 3085; baseline 0.008 -27"><span class='ocrx_word' id='word_1_178' title='bbox 95 2995 194 3080; x_wconf 89' lang='lat' dir='ltr'><strong>ncipis,</strong></span> <span class='ocrx_word' id='word_1_179' title='bbox 209 2995 262 3061; x_wconf 89' lang='lat' dir='ltr'><strong>vel</strong></span> <span class='ocrx_word' id='word_1_180' title='bbox 273 2994 402 3080; x_wconf 89' lang='lat' dir='ltr'><strong>judicis,</strong></span> <span class='ocrx_word' id='word_1_181' title='bbox 419 2996 679 3063; x_wconf 86' lang='lat' dir='ltr'><strong>constituuntur:</strong></span> <span class='ocrx_word' id='word_1_182' title='bbox 697 2999 894 3080; x_wconf 88' lang='lat' dir='ltr'><strong>posteriores</strong></span> <span class='ocrx_word' id='word_1_183' title='bbox 913 3001 969 3084; x_wconf 92' lang='lat' dir='ltr'><strong>qui</strong></span> <span class='ocrx_word' id='word_1_184' title='bbox 986 3002 1054 3067; x_wconf 92' lang='lat' dir='ltr'><strong>solo</strong></span> <span class='ocrx_word' id='word_1_185' title='bbox 1070 3022 1144 3085; x_wconf 89' lang='lat' dir='ltr'><strong>par·</strong></span> <span class='ocrx_word' id='word_1_186' title='bbox 1178 3035 1180 3039; x_wconf 95' lang='lat'>·</span> 
     </span>
     <span class='ocr_line' id='line_1_25' title="bbox 95 3116 866 3176; baseline 0.001 -3"><span class='ocrx_word' id='word_1_187' title='bbox 95 3126 286 3176; x_wconf 86' lang='lat' dir='ltr'><strong>uconsensu</strong></span> <span class='ocrx_word' id='word_1_188' title='bbox 299 3116 518 3176; x_wconf 87' lang='lat' dir='ltr'><strong>assumuntur.</strong></span> <span class='ocrx_word' id='word_1_189' title='bbox 864 3129 866 3133; x_wconf 89' lang='lat'>·</span> 
     </span>
     <span class='ocr_line' id='line_1_26' title="bbox 95 3226 1139 3316; baseline 0.013 -29"><span class='ocrx_word' id='word_1_190' title='bbox 95 3228 194 3308; x_wconf 79' lang='lat' dir='ltr'><strong>lartio,</strong></span> <span class='ocrx_word' id='word_1_191' title='bbox 212 3226 337 3292; x_wconf 87' lang='lat' dir='ltr'><strong>arbiter</strong></span> <span class='ocrx_word' id='word_1_192' title='bbox 358 3227 671 3310; x_wconf 87' lang='lat' dir='ltr'><strong>compromissarius,</strong></span> <span class='ocrx_word' id='word_1_193' title='bbox 691 3229 772 3294; x_wconf 86' lang='lat' dir='ltr'><strong>alius</strong></span> <span class='ocrx_word' id='word_1_194' title='bbox 790 3239 840 3296; x_wconf 89' lang='lat' dir='ltr'><strong>est</strong></span> <span class='ocrx_word' id='word_1_195' title='bbox 861 3235 994 3316; x_wconf 88' lang='lat' dir='ltr'><strong>proprie</strong></span> <span class='ocrx_word' id='word_1_196' title='bbox 1014 3231 1139 3314; x_wconf 89' lang='lat' dir='ltr'><strong>dictus,</strong></span> 
     </span>
     <span class='ocr_line' id='line_1_27' title="bbox 95 3342 1142 3436; baseline 0.017 -35"><span class='ocrx_word' id='word_1_197' title='bbox 95 3342 143 3436; x_wconf 63' lang='lat' dir='ltr'><strong>,ad</strong></span> <span class='ocrx_word' id='word_1_198' title='bbox 155 3343 189 3410; x_wconf 89' lang='lat' dir='ltr'><strong>id</strong></span> <span class='ocrx_word' id='word_1_199' title='bbox 202 3344 422 3422; x_wconf 81' lang='lat' dir='ltr'><strong>constituitur,</strong></span> <span class='ocrx_word' id='word_1_200' title='bbox 436 3352 474 3410; x_wconf 91' lang='lat' dir='ltr'><strong>ut</strong></span> <span class='ocrx_word' id='word_1_201' title='bbox 488 3352 620 3409; x_wconf 90' lang='lat' dir='ltr'><strong>servato</strong></span> <span class='ocrx_word' id='word_1_202' title='bbox 630 3343 713 3429; x_wconf 88' lang='lat' dir='ltr'><strong>juris</strong></span> <span class='ocrx_word' id='word_1_203' title='bbox 730 3344 845 3413; x_wconf 90' lang='lat' dir='ltr'><strong>ordine</strong></span> <span class='ocrx_word' id='word_1_204' title='bbox 860 3367 898 3414; x_wconf 90' lang='lat' dir='ltr'><strong>ac</strong></span> <span class='ocrx_word' id='word_1_205' title='bbox 912 3349 1018 3416; x_wconf 88' lang='lat' dir='ltr'><strong>forma</strong></span> <span class='ocrx_word' id='word_1_206' title='bbox 1028 3350 1142 3436; x_wconf 86' lang='lat' dir='ltr'><strong>judicii</strong></span> 
     </span>
     <span class='ocr_line' id='line_1_28' title="bbox 95 3458 1136 3548; baseline 0.008 -24"><span class='ocrx_word' id='word_1_207' title='bbox 95 3458 188 3527; x_wconf 80' lang='lat' dir='ltr'><strong>cedat</strong></span> <span class='ocrx_word' id='word_1_208' title='bbox 202 3467 237 3525; x_wconf 90' lang='lat' dir='ltr'><strong>et</strong></span> <span class='ocrx_word' id='word_1_209' title='bbox 251 3460 463 3543; x_wconf 89' lang='lat' dir='ltr'><strong>pronuntiet:</strong></span> <span class='ocrx_word' id='word_1_210' title='bbox 477 3459 559 3524; x_wconf 90' lang='lat' dir='ltr'><strong>alius</strong></span> <span class='ocrx_word' id='word_1_211' title='bbox 571 3459 749 3542; x_wconf 89' lang='lat' dir='ltr'><strong>improprie</strong></span> <span class='ocrx_word' id='word_1_212' title='bbox 765 3459 875 3529; x_wconf 86' lang='lat' dir='ltr'><strong>dietus</strong></span> <span class='ocrx_word' id='word_1_213' title='bbox 890 3483 948 3530; x_wconf 91' lang='lat' dir='ltr'><strong>seu</strong></span> <span class='ocrx_word' id='word_1_214' title='bbox 958 3469 1136 3548; x_wconf 79' lang='lat' dir='ltr'><strong>arbitrator,</strong></span> 
     </span>
     <span class='ocr_line' id='line_1_29' title="bbox 106 3573 1141 3658; baseline 0.013 -21"><span class='ocrx_word' id='word_1_215' title='bbox 106 3573 144 3640; x_wconf 85' lang='lat' dir='ltr'><strong>ad</strong></span> <span class='ocrx_word' id='word_1_216' title='bbox 161 3575 223 3640; x_wconf 94' lang='lat' dir='ltr'><strong>boc</strong></span> <span class='ocrx_word' id='word_1_217' title='bbox 240 3575 425 3651; x_wconf 81' lang='lat' dir='ltr'><strong>assumitur,</strong></span> <span class='ocrx_word' id='word_1_218' title='bbox 436 3581 473 3637; x_wconf 90' lang='lat' dir='ltr'><strong>ut</strong></span> <span class='ocrx_word' id='word_1_219' title='bbox 486 3593 528 3638; x_wconf 83' lang='lat' dir='ltr'><strong>ex</strong></span> <span class='ocrx_word' id='word_1_220' title='bbox 543 3592 636 3658; x_wconf 82' lang='lat' dir='ltr'><strong>aquo</strong></span> <span class='ocrx_word' id='word_1_221' title='bbox 652 3582 687 3639; x_wconf 90' lang='lat' dir='ltr'><strong>et</strong></span> <span class='ocrx_word' id='word_1_222' title='bbox 699 3574 796 3654; x_wconf 92' lang='lat' dir='ltr'><strong>bono,</strong></span> <span class='ocrx_word' id='word_1_223' title='bbox 816 3579 915 3642; x_wconf 88' lang='lat' dir='ltr'><strong>etiam</strong></span> <span class='ocrx_word' id='word_1_224' title='bbox 929 3599 995 3645; x_wconf 93' lang='lat' dir='ltr'><strong>non</strong></span> <span class='ocrx_word' id='word_1_225' title='bbox 1011 3590 1141 3650; x_wconf 87' lang='lat' dir='ltr'><strong>servata</strong></span> 
     </span>
     <span class='ocr_line' id='line_1_30' title="bbox 95 3668 981 3773; baseline -0.001 -17"><span class='ocrx_word' id='word_1_226' title='bbox 95 3685 151 3770; x_wconf 80' lang='lat' dir='ltr'><strong>iai,</strong></span> <span class='ocrx_word' id='word_1_227' title='bbox 166 3692 281 3770; x_wconf 87' lang='lat' dir='ltr'><strong>forma,</strong></span> <span class='ocrx_word' id='word_1_228' title='bbox 298 3692 391 3756; x_wconf 87' lang='lat' dir='ltr'><strong>litem</strong></span> <span class='ocrx_word' id='word_1_229' title='bbox 404 3695 587 3773; x_wconf 91' lang='lat' dir='ltr'><strong>componat.</strong></span> <span class='ocrx_word' id='word_1_230' title='bbox 978 3668 981 3676; x_wconf 36' lang='lat'>⁵</span> 
     </span>
     <span class='ocr_line' id='line_1_31' title="bbox 95 3803 1138 3898; baseline 0.009 -27"><span class='ocrx_word' id='word_1_231' title='bbox 95 3803 205 3889; x_wconf 70' lang='lat' dir='ltr'><strong>barro,</strong></span> <span class='ocrx_word' id='word_1_232' title='bbox 230 3805 341 3872; x_wconf 81' lang='lat' dir='ltr'><strong>differt</strong></span> <span class='ocrx_word' id='word_1_233' title='bbox 361 3805 486 3871; x_wconf 86' lang='lat' dir='ltr'><strong>arbiter</strong></span> <span class='ocrx_word' id='word_1_234' title='bbox 512 3806 809 3888; x_wconf 90' lang='lat' dir='ltr'><strong>compromissarius</strong></span> <span class='ocrx_word' id='word_1_235' title='bbox 832 3809 981 3894; x_wconf 89' lang='lat' dir='ltr'><strong>ajudioe</strong></span> <span class='ocrx_word' id='word_1_236' title='bbox 1006 3815 1138 3898; x_wconf 90' lang='lat' dir='ltr'><strong>proprie</strong></span> 
     </span>
     <span class='ocr_line' id='line_1_32' title="bbox 95 3922 1140 4010; baseline 0.009 -23"><span class='ocrx_word' id='word_1_237' title='bbox 95 3922 232 4006; x_wconf 76' lang='lat' dir='ltr'><strong>baaaad</strong></span> <span class='ocrx_word' id='word_1_238' title='bbox 249 3932 348 4006; x_wconf 75' lang='lat' dir='ltr'><strong>ipsam</strong></span> <span class='ocrx_word' id='word_1_239' title='bbox 368 3929 627 3986; x_wconf 78' lang='lat' dir='ltr'><strong>constitutionem:</strong></span> <span class='ocrx_word' id='word_1_240' title='bbox 646 3922 805 4008; x_wconf 92' lang='lat' dir='ltr'><strong>siquidem</strong></span> <span class='ocrx_word' id='word_1_241' title='bbox 817 3925 920 4010; x_wconf 85' lang='lat' dir='ltr'><strong>judex</strong></span> <span class='ocrx_word' id='word_1_242' title='bbox 938 3928 1068 4010; x_wconf 89' lang='lat' dir='ltr'><strong>publica</strong></span> <span class='ocrx_word' id='word_1_243' title='bbox 1082 3951 1140 3997; x_wconf 77' lang='lat' dir='ltr'><strong>au-</strong></span> 
     </span>
     <span class='ocr_line' id='line_1_33' title="bbox 95 4035 1138 4125; baseline 0.012 -24"><span class='ocrx_word' id='word_1_244' title='bbox 95 4035 192 4119; x_wconf 74' lang='lat' dir='ltr'><strong>aaa,</strong></span> <span class='ocrx_word' id='word_1_245' title='bbox 216 4039 342 4106; x_wconf 84' lang='lat' dir='ltr'><strong>arbiter</strong></span> <span class='ocrx_word' id='word_1_246' title='bbox 360 4039 654 4121; x_wconf 88' lang='lat' dir='ltr'><strong>compromissarius</strong></span> <span class='ocrx_word' id='word_1_247' title='bbox 672 4041 840 4107; x_wconf 82' lang='lat' dir='ltr'><strong>voluntate</strong></span> <span class='ocrx_word' id='word_1_248' title='bbox 861 4044 1002 4125; x_wconf 88' lang='lat' dir='ltr'><strong>partium</strong></span> <span class='ocrx_word' id='word_1_249' title='bbox 1021 4050 1138 4114; x_wconf 91' lang='lat' dir='ltr'><strong>consti-</strong></span> 
     </span>
     <span class='ocr_line' id='line_1_34' title="bbox 95 4132 1137 4236; baseline 0.006 -17"><span class='ocrx_word' id='word_1_250' title='bbox 95 4164 158 4222; x_wconf 74' lang='lat' dir='ltr'><strong>ar:</strong></span> <span class='ocrx_word' id='word_1_251' title='bbox 182 4157 238 4222; x_wconf 89' lang='lat' dir='ltr'><strong>ille</strong></span> <span class='ocrx_word' id='word_1_252' title='bbox 260 4156 383 4220; x_wconf 89' lang='lat' dir='ltr'><strong>invitus</strong></span> <span class='ocrx_word' id='word_1_253' title='bbox 400 4132 472 4221; x_wconf 87' lang='lat' dir='ltr'><strong>dari</strong></span> <span class='ocrx_word' id='word_1_254' title='bbox 488 4162 615 4236; x_wconf 86' lang='lat' dir='ltr'><strong>potest,</strong></span> <span class='ocrx_word' id='word_1_255' title='bbox 634 4155 686 4219; x_wconf 94' lang='lat' dir='ltr'><strong>hic</strong></span> <span class='ocrx_word' id='word_1_256' title='bbox 706 4158 831 4222; x_wconf 92' lang='lat' dir='ltr'><strong>nonnisi</strong></span> <span class='ocrx_word' id='word_1_257' title='bbox 849 4160 972 4226; x_wconf 83' lang='lat' dir='ltr'><strong>volens.</strong></span> <span class='ocrx_word' id='word_1_258' title='bbox 989 4196 1036 4212; x_wconf 92' lang='lat'><em>-</em></span> <span class='ocrx_word' id='word_1_259' title='bbox 1053 4165 1137 4232; x_wconf 82' lang='lat' dir='ltr'><strong>Item</strong></span> 
     </span>
     <span class='ocr_line' id='line_1_35' title="bbox 95 4259 1134 4367; baseline 0.016 -35"><span class='ocrx_word' id='word_1_260' title='bbox 95 4259 141 4343; x_wconf 79' lang='lat' dir='ltr'><strong>&#39;ert</strong></span> <span class='ocrx_word' id='word_1_261' title='bbox 157 4277 255 4356; x_wconf 67' lang='lat' dir='ltr'><strong>amad</strong></span> <span class='ocrx_word' id='word_1_262' title='bbox 271 4280 473 4354; x_wconf 81' lang='lat' dir='ltr'><strong>potestatem:</strong></span> <span class='ocrx_word' id='word_1_263' title='bbox 489 4271 651 4356; x_wconf 89' lang='lat' dir='ltr'><strong>siquidem</strong></span> <span class='ocrx_word' id='word_1_264' title='bbox 666 4272 801 4337; x_wconf 87' lang='lat' dir='ltr'><strong>arbitria</strong></span> <span class='ocrx_word' id='word_1_265' title='bbox 822 4283 899 4341; x_wconf 89' lang='lat' dir='ltr'><strong>suot</strong></span> <span class='ocrx_word' id='word_1_266' title='bbox 919 4279 1025 4345; x_wconf 89' lang='lat' dir='ltr'><strong>stricti</strong></span> <span class='ocrx_word' id='word_1_267' title='bbox 1042 4281 1134 4367; x_wconf 88' lang='lat' dir='ltr'><strong>juris,</strong></span> 
     </span>
     <span class='ocr_line' id='line_1_36' title="bbox 104 4385 1137 4483; baseline 0.013 -34"><span class='ocrx_word' id='word_1_268' title='bbox 104 4391 139 4449; x_wconf 83' lang='lat' dir='ltr'><strong>ut</strong></span> <span class='ocrx_word' id='word_1_269' title='bbox 154 4391 187 4455; x_wconf 91' lang='lat' dir='ltr'><strong>in</strong></span> <span class='ocrx_word' id='word_1_270' title='bbox 209 4391 248 4454; x_wconf 90' lang='lat' dir='ltr'><strong>iis</strong></span> <span class='ocrx_word' id='word_1_271' title='bbox 269 4388 438 4453; x_wconf 90' lang='lat' dir='ltr'><strong>observari</strong></span> <span class='ocrx_word' id='word_1_272' title='bbox 461 4385 604 4452; x_wconf 87' lang='lat' dir='ltr'><strong>debeant</strong></span> <span class='ocrx_word' id='word_1_273' title='bbox 625 4390 843 4471; x_wconf 79' lang='lat' dir='ltr'><strong>compromissi</strong></span> <span class='ocrx_word' id='word_1_274' title='bbox 865 4391 973 4466; x_wconf 83' lang='lat' dir='ltr'><strong>tices:</strong></span> <span class='ocrx_word' id='word_1_275' title='bbox 998 4401 1137 4483; x_wconf 82' lang='lat' dir='ltr'><strong>amplior</strong></span> 
     </span>
     <span class='ocr_line' id='line_1_37' title="bbox 137 4500 1033 4572; baseline 0.015 -15"><span class='ocrx_word' id='word_1_276' title='bbox 137 4500 155 4560; x_wconf 90' lang='lat' dir='ltr'><strong>l.</strong></span> <span class='ocrx_word' id='word_1_277' title='bbox 998 4512 1033 4572; x_wconf 84' lang='lat' dir='ltr'><strong>lt</strong></span> 
     </span>
    </p>
   </div>
   <div class='ocr_carea' id='block_1_3' title="bbox 0 0 1364 4980">
    <p class='ocr_par' dir='ltr' id='par_1_3' title="bbox 0 0 1364 4980">
     <span class='ocr_line' id='line_1_38' title="bbox 0 0 1364 4980; baseline 0 0"><span class='ocrx_word' id='word_1_278' title='bbox 0 0 1364 4980; x_wconf 95' lang='lat' dir='ltr'><strong> </strong></span> 
     </span>
    </p>
   </div>
  </div>
 </body>
</html>
