<?xml version="1.0" encoding="UTF-8"?>
<!DOCTYPE html PUBLIC "-//W3C//DTD XHTML 1.0 Transitional//EN"
    "http://www.w3.org/TR/xhtml1/DTD/xhtml1-transitional.dtd">
<html xmlns="http://www.w3.org/1999/xhtml" xml:lang="en" lang="en">
 <head>
  <title>
</title>
<meta http-equiv="Content-Type" content="text/html;charset=utf-8" />
  <meta name='ocr-system' content='tesseract 3.04.00' />
  <meta name='ocr-capabilities' content='ocr_page ocr_carea ocr_par ocr_line ocrx_word'/>
</head>
<body>
  <div class='ocr_page' id='page_1' title='image "./tractatusdejudi00bouigoog_0510.png"; bbox 0 0 2714 4980; ppageno 0'>
   <div class='ocr_carea' id='block_1_1' title="bbox 490 271 1170 359">
    <p class='ocr_par' dir='ltr' id='par_1_1' title="bbox 490 271 1170 359">
     <span class='ocr_line' id='line_1_1' title="bbox 490 271 1170 359; baseline 0.001 -2"><span class='ocrx_word' id='word_1_1' title='bbox 490 310 569 358; x_wconf 75' lang='lat' dir='ltr'>rans</span> <span class='ocrx_word' id='word_1_2' title='bbox 592 308 750 358; x_wconf 76' lang='lat' dir='ltr'>secunus.</span> <span class='ocrx_word' id='word_1_3' title='bbox 834 271 848 297; x_wconf 71' lang='lat'><strong>⁹</strong></span> <span class='ocrx_word' id='word_1_4' title='bbox 1107 294 1170 359; x_wconf 78' lang='lat' dir='ltr'>ter</span> 
     </span>
    </p>
   </div>
   <div class='ocr_carea' id='block_1_2' title="bbox 56 410 1174 634">
    <p class='ocr_par' dir='ltr' id='par_1_2' title="bbox 56 410 1174 634">
     <span class='ocr_line' id='line_1_2' title="bbox 56 410 1174 523; baseline -0.006 -16"><span class='ocrx_word' id='word_1_5' title='bbox 56 437 167 523; x_wconf 88' lang='lat' dir='ltr'>quoad</span> <span class='ocrx_word' id='word_1_6' title='bbox 188 439 329 522; x_wconf 90' lang='lat' dir='ltr'>partium</span> <span class='ocrx_word' id='word_1_7' title='bbox 353 436 593 514; x_wconf 87' lang='lat' dir='ltr'>conscientiam,</span> <span class='ocrx_word' id='word_1_8' title='bbox 619 441 657 499; x_wconf 92' lang='lat' dir='ltr'>ut</span> <span class='ocrx_word' id='word_1_9' title='bbox 680 433 827 516; x_wconf 75' lang='lat' dir='ltr'>videtur,</span> <span class='ocrx_word' id='word_1_10' title='bbox 849 436 893 498; x_wconf 93' lang='lat' dir='ltr'>ita</span> <span class='ocrx_word' id='word_1_11' title='bbox 908 433 1030 499; x_wconf 89' lang='lat' dir='ltr'>scilicet</span> <span class='ocrx_word' id='word_1_12' title='bbox 1044 441 1082 499; x_wconf 93' lang='lat' dir='ltr'>ut</span> <span class='ocrx_word' id='word_1_13' title='bbox 1096 410 1174 517; x_wconf 84' lang='lat' dir='ltr'>ipsis</span> 
     </span>
     <span class='ocr_line' id='line_1_3' title="bbox 57 549 1172 634; baseline -0.002 -14"><span class='ocrx_word' id='word_1_14' title='bbox 57 574 125 620; x_wconf 91' lang='lat' dir='ltr'>non</span> <span class='ocrx_word' id='word_1_15' title='bbox 139 556 257 620; x_wconf 88' lang='lat' dir='ltr'>liceret</span> <span class='ocrx_word' id='word_1_16' title='bbox 274 554 349 618; x_wconf 85' lang='lat' dir='ltr'>talia</span> <span class='ocrx_word' id='word_1_17' title='bbox 368 553 582 618; x_wconf 90' lang='lat' dir='ltr'>instrumenta</span> <span class='ocrx_word' id='word_1_18' title='bbox 594 569 653 634; x_wconf 92' lang='lat' dir='ltr'>pro</span> <span class='ocrx_word' id='word_1_19' title='bbox 668 549 782 617; x_wconf 80' lang='lat' dir='ltr'>validis</span> <span class='ocrx_word' id='word_1_20' title='bbox 796 549 928 626; x_wconf 86' lang='lat' dir='ltr'>habere,</span> <span class='ocrx_word' id='word_1_21' title='bbox 946 557 1004 615; x_wconf 90' lang='lat' dir='ltr'>ant</span> <span class='ocrx_word' id='word_1_22' title='bbox 1021 551 1097 633; x_wconf 87' lang='lat' dir='ltr'>ipsis</span> <span class='ocrx_word' id='word_1_23' title='bbox 1111 552 1172 618; x_wconf 91' lang='lat' dir='ltr'>uti.</span> 
     </span>
    </p>
   </div>
   <div class='ocr_carea' id='block_1_3' title="bbox 576 802 650 879">
    <p class='ocr_par' dir='ltr' id='par_1_3' title="bbox 576 802 650 879">
     <span class='ocr_line' id='line_1_4' title="bbox 576 802 650 879; baseline 0 -16"><span class='ocrx_word' id='word_1_24' title='bbox 576 802 650 879; x_wconf 71' lang='lat' dir='ltr'>av.</span> 
     </span>
    </p>
   </div>
   <div class='ocr_carea' id='block_1_4' title="bbox 103 1024 1176 1341">
    <p class='ocr_par' dir='ltr' id='par_1_4' title="bbox 103 1024 1176 1341">
     <span class='ocr_line' id='line_1_5' title="bbox 431 1024 812 1089; baseline -0.005 -15"><span class='ocrx_word' id='word_1_25' title='bbox 431 1027 449 1073; x_wconf 83' lang='grc' dir='ltr'><strong>Α</strong></span> <span class='ocrx_word' id='word_1_26' title='bbox 465 1039 511 1089; x_wconf 81' lang='lat' dir='ltr'>quo</span> <span class='ocrx_word' id='word_1_27' title='bbox 525 1024 600 1074; x_wconf 81' lang='lat' dir='ltr'>creari</span> <span class='ocrx_word' id='word_1_28' title='bbox 614 1026 706 1086; x_wconf 80' lang='lat' dir='ltr'>possint</span> <span class='ocrx_word' id='word_1_29' title='bbox 719 1026 812 1073; x_wconf 71' lang='lat' dir='ltr'>nonnil.</span> 
     </span>
     <span class='ocr_line' id='line_1_6' title="bbox 103 1254 1176 1341; baseline 0.002 -19"><span class='ocrx_word' id='word_1_30' title='bbox 103 1259 130 1322; x_wconf 93' lang='lat' dir='ltr'>l.</span> <span class='ocrx_word' id='word_1_31' title='bbox 150 1257 299 1322; x_wconf 66' lang='lat' dir='ltr'>Noton-ios</span> <span class='ocrx_word' id='word_1_32' title='bbox 312 1273 422 1320; x_wconf 91' lang='lat' dir='ltr'>creare</span> <span class='ocrx_word' id='word_1_33' title='bbox 437 1254 553 1338; x_wconf 90' lang='lat' dir='ltr'>nequit</span> <span class='ocrx_word' id='word_1_34' title='bbox 566 1261 681 1336; x_wconf 80' lang='lat' dir='ltr'>enjnre</span> <span class='ocrx_word' id='word_1_35' title='bbox 697 1258 754 1317; x_wconf 78' lang='lat' dir='ltr'>sibi</span> <span class='ocrx_word' id='word_1_36' title='bbox 769 1261 904 1336; x_wconf 79' lang='lat' dir='ltr'>proprio,</span> <span class='ocrx_word' id='word_1_37' title='bbox 920 1257 980 1339; x_wconf 88' lang='lat' dir='ltr'>nisi</span> <span class='ocrx_word' id='word_1_38' title='bbox 991 1259 1047 1341; x_wconf 92' lang='lat' dir='ltr'>qui</span> <span class='ocrx_word' id='word_1_39' title='bbox 1061 1264 1176 1324; x_wconf 84' lang='lat' dir='ltr'>estsu-</span> 
     </span>
    </p>
   </div>
   <div class='ocr_carea' id='block_1_5' title="bbox 56 1486 1184 4371">
    <p class='ocr_par' dir='ltr' id='par_1_5' title="bbox 56 1486 1181 3549">
     <span class='ocr_line' id='line_1_7' title="bbox 56 1486 1179 1576; baseline 0.004 -22"><span class='ocrx_word' id='word_1_40' title='bbox 56 1488 192 1554; x_wconf 84' lang='lat' dir='ltr'>habens.</span> <span class='ocrx_word' id='word_1_41' title='bbox 207 1486 303 1553; x_wconf 87' lang='lat' dir='ltr'>Unde</span> <span class='ocrx_word' id='word_1_42' title='bbox 314 1487 376 1553; x_wconf 88' lang='lat' dir='ltr'>hoc</span> <span class='ocrx_word' id='word_1_43' title='bbox 385 1505 482 1552; x_wconf 90' lang='lat' dir='ltr'>sensu</span> <span class='ocrx_word' id='word_1_44' title='bbox 488 1487 575 1552; x_wconf 90' lang='lat' dir='ltr'>solus</span> <span class='ocrx_word' id='word_1_45' title='bbox 583 1487 672 1568; x_wconf 92' lang='lat' dir='ltr'>Papa</span> <span class='ocrx_word' id='word_1_46' title='bbox 682 1487 826 1552; x_wconf 87' lang='lat' dir='ltr'>notarios</span> <span class='ocrx_word' id='word_1_47' title='bbox 834 1497 1063 1571; x_wconf 86' lang='lat' dir='ltr'>crearepotest</span> <span class='ocrx_word' id='word_1_48' title='bbox 1070 1490 1179 1576; x_wconf 89' lang='lat' dir='ltr'>quoad</span> 
     </span>
     <span class='ocr_line' id='line_1_8' title="bbox 56 1602 1178 1687; baseline 0.004 -18"><span class='ocrx_word' id='word_1_49' title='bbox 56 1604 167 1672; x_wconf 82' lang='lat' dir='ltr'>iorum</span> <span class='ocrx_word' id='word_1_50' title='bbox 181 1604 451 1687; x_wconf 74' lang='lat' dir='ltr'>ecclesiasticum,</span> <span class='ocrx_word' id='word_1_51' title='bbox 471 1609 504 1668; x_wconf 90' lang='lat' dir='ltr'>et</span> <span class='ocrx_word' id='word_1_52' title='bbox 518 1602 604 1668; x_wconf 90' lang='lat' dir='ltr'>solus</span> <span class='ocrx_word' id='word_1_53' title='bbox 616 1604 803 1685; x_wconf 86' lang='lat' dir='ltr'>imperator,</span> <span class='ocrx_word' id='word_1_54' title='bbox 824 1603 878 1668; x_wconf 80' lang='lat' dir='ltr'>nel</span> <span class='ocrx_word' id='word_1_55' title='bbox 893 1623 963 1683; x_wconf 85' lang='lat' dir='ltr'>rex,</span> <span class='ocrx_word' id='word_1_56' title='bbox 981 1606 1035 1671; x_wconf 84' lang='lat' dir='ltr'>vel</span> <span class='ocrx_word' id='word_1_57' title='bbox 1047 1617 1178 1674; x_wconf 86' lang='lat' dir='ltr'>senatus</span> 
     </span>
     <span class='ocr_line' id='line_1_9' title="bbox 57 1717 1181 1806; baseline 0.007 -21"><span class='ocrx_word' id='word_1_58' title='bbox 57 1718 167 1805; x_wconf 91' lang='lat' dir='ltr'>quoad</span> <span class='ocrx_word' id='word_1_59' title='bbox 180 1720 289 1785; x_wconf 85' lang='lat' dir='ltr'>iorum</span> <span class='ocrx_word' id='word_1_60' title='bbox 298 1719 467 1796; x_wconf 76' lang='lat' dir='ltr'>saeculare,</span> <span class='ocrx_word' id='word_1_61' title='bbox 480 1720 513 1782; x_wconf 94' lang='lat' dir='ltr'>in</span> <span class='ocrx_word' id='word_1_62' title='bbox 529 1717 651 1783; x_wconf 80' lang='lat' dir='ltr'>ditione</span> <span class='ocrx_word' id='word_1_63' title='bbox 670 1737 738 1796; x_wconf 90' lang='lat' dir='ltr'>sua,</span> <span class='ocrx_word' id='word_1_64' title='bbox 760 1719 840 1784; x_wconf 91' lang='lat' dir='ltr'>nulli</span> <span class='ocrx_word' id='word_1_65' title='bbox 854 1722 1014 1803; x_wconf 86' lang='lat' dir='ltr'>superiori</span> <span class='ocrx_word' id='word_1_66' title='bbox 1028 1725 1181 1806; x_wconf 75' lang='lat' dir='ltr'>potestati</span> 
     </span>
     <span class='ocr_line' id='line_1_10' title="bbox 56 1835 1181 1922; baseline 0.004 -20"><span class='ocrx_word' id='word_1_67' title='bbox 56 1837 206 1902; x_wconf 85' lang='lat' dir='ltr'>saeculari</span> <span class='ocrx_word' id='word_1_68' title='bbox 225 1836 374 1902; x_wconf 85' lang='lat' dir='ltr'>obnoxia.</span> <span class='ocrx_word' id='word_1_69' title='bbox 400 1836 526 1901; x_wconf 87' lang='lat' dir='ltr'>«Ratio</span> <span class='ocrx_word' id='word_1_70' title='bbox 549 1842 609 1911; x_wconf 86' lang='lat' dir='ltr'>est,</span> <span class='ocrx_word' id='word_1_71' title='bbox 628 1836 704 1919; x_wconf 92' lang='lat' dir='ltr'>quia</span> <span class='ocrx_word' id='word_1_72' title='bbox 729 1835 817 1899; x_wconf 91' lang='lat' dir='ltr'>solus</span> <span class='ocrx_word' id='word_1_73' title='bbox 831 1837 986 1920; x_wconf 84' lang='lat' dir='ltr'>Princeps</span> <span class='ocrx_word' id='word_1_74' title='bbox 1007 1858 1181 1922; x_wconf 78' lang='lat' dir='ltr'>supremus</span> 
     </span>
     <span class='ocr_line' id='line_1_11' title="bbox 59 1953 1180 2040; baseline 0.004 -23"><span class='ocrx_word' id='word_1_75' title='bbox 59 1979 76 2017; x_wconf 85' lang='lat' dir='ltr'>n</span> <span class='ocrx_word' id='word_1_76' title='bbox 93 1960 206 2040; x_wconf 88' lang='lat' dir='ltr'>potest</span> <span class='ocrx_word' id='word_1_77' title='bbox 222 1953 398 2038; x_wconf 78' lang='lat' dir='ltr'>quidpiam,</span> <span class='ocrx_word' id='word_1_78' title='bbox 417 1973 435 2017; x_wconf 92' lang='lat' dir='ltr'>a</span> <span class='ocrx_word' id='word_1_79' title='bbox 451 1953 524 2036; x_wconf 85' lang='lat' dir='ltr'>jure</span> <span class='ocrx_word' id='word_1_80' title='bbox 541 1953 704 2016; x_wconf 92' lang='lat' dir='ltr'>communi</span> <span class='ocrx_word' id='word_1_81' title='bbox 725 1953 868 2018; x_wconf 91' lang='lat' dir='ltr'>omnium</span> <span class='ocrx_word' id='word_1_82' title='bbox 884 1954 1029 2036; x_wconf 81' lang='lat' dir='ltr'>gentium</span> <span class='ocrx_word' id='word_1_83' title='bbox 1051 1956 1180 2023; x_wconf 87' lang='lat' dir='ltr'>exorbi-</span> 
     </span>
     <span class='ocr_line' id='line_1_12' title="bbox 60 2066 1179 2152; baseline 0.004 -19"><span class='ocrx_word' id='word_1_84' title='bbox 60 2079 178 2152; x_wconf 85' lang='lat' dir='ltr'>«tans,</span> <span class='ocrx_word' id='word_1_85' title='bbox 201 2071 304 2134; x_wconf 86' lang='lat' dir='ltr'>veluti</span> <span class='ocrx_word' id='word_1_86' title='bbox 323 2066 539 2151; x_wconf 89' lang='lat' dir='ltr'>dispensando</span> <span class='ocrx_word' id='word_1_87' title='bbox 558 2067 767 2144; x_wconf 87' lang='lat' dir='ltr'>constituere,</span> <span class='ocrx_word' id='word_1_88' title='bbox 797 2087 854 2133; x_wconf 93' lang='lat' dir='ltr'>seu</span> <span class='ocrx_word' id='word_1_89' title='bbox 876 2070 1086 2138; x_wconf 83' lang='lat' dir='ltr'>introducere</span> <span class='ocrx_word' id='word_1_90' title='bbox 1108 2096 1114 2137; x_wconf 94' lang='lat'>:</span> <span class='ocrx_word' id='word_1_91' title='bbox 1144 2072 1179 2138; x_wconf 89' lang='lat' dir='ltr'>id</span> 
     </span>
     <span class='ocr_line' id='line_1_13' title="bbox 58 2184 1180 2269; baseline 0.004 -18"><span class='ocrx_word' id='word_1_92' title='bbox 58 2212 76 2251; x_wconf 83' lang='lat' dir='ltr'>a</span> <span class='ocrx_word' id='word_1_93' title='bbox 92 2195 204 2253; x_wconf 88' lang='lat' dir='ltr'>autern</span> <span class='ocrx_word' id='word_1_94' title='bbox 215 2186 311 2252; x_wconf 84' lang='lat' dir='ltr'>valde</span> <span class='ocrx_word' id='word_1_95' title='bbox 323 2185 508 2251; x_wconf 81' lang='lat' dir='ltr'>exorbitans</span> <span class='ocrx_word' id='word_1_96' title='bbox 519 2192 569 2250; x_wconf 90' lang='lat' dir='ltr'>est</span> <span class='ocrx_word' id='word_1_97' title='bbox 584 2204 602 2248; x_wconf 94' lang='lat' dir='ltr'>a</span> <span class='ocrx_word' id='word_1_98' title='bbox 615 2185 777 2249; x_wconf 91' lang='lat' dir='ltr'>communi</span> <span class='ocrx_word' id='word_1_99' title='bbox 784 2184 859 2269; x_wconf 88' lang='lat' dir='ltr'>jure</span> <span class='ocrx_word' id='word_1_100' title='bbox 867 2187 1023 2268; x_wconf 86' lang='lat' dir='ltr'>gentium,</span> <span class='ocrx_word' id='word_1_101' title='bbox 1036 2196 1074 2254; x_wconf 92' lang='lat' dir='ltr'>ut</span> <span class='ocrx_word' id='word_1_102' title='bbox 1085 2191 1180 2255; x_wconf 89' lang='lat' dir='ltr'>unius</span> 
     </span>
     <span class='ocr_line' id='line_1_14' title="bbox 60 2301 1175 2387; baseline 0.004 -20"><span class='ocrx_word' id='word_1_103' title='bbox 60 2304 230 2372; x_wconf 81' lang='lat' dir='ltr'>«hominis</span> <span class='ocrx_word' id='word_1_104' title='bbox 253 2303 438 2387; x_wconf 72' lang='lat' dir='ltr'>scripture,</span> <span class='ocrx_word' id='word_1_105' title='bbox 458 2320 528 2385; x_wconf 87' lang='lat' dir='ltr'>quae</span> <span class='ocrx_word' id='word_1_106' title='bbox 556 2306 605 2366; x_wconf 91' lang='lat' dir='ltr'>est</span> <span class='ocrx_word' id='word_1_107' title='bbox 629 2301 722 2365; x_wconf 89' lang='lat' dir='ltr'>testis</span> <span class='ocrx_word' id='word_1_108' title='bbox 744 2308 894 2374; x_wconf 88' lang='lat' dir='ltr'>mortuus</span> <span class='ocrx_word' id='word_1_109' title='bbox 911 2311 946 2367; x_wconf 91' lang='lat' dir='ltr'>et</span> <span class='ocrx_word' id='word_1_110' title='bbox 963 2304 1175 2386; x_wconf 89' lang='lat' dir='ltr'>inanimatus,</span> 
     </span>
     <span class='ocr_line' id='line_1_15' title="bbox 64 2413 1179 2503; baseline 0.002 -19"><span class='ocrx_word' id='word_1_111' title='bbox 64 2445 81 2484; x_wconf 75' lang='lat' dir='ltr'>a</span> <span class='ocrx_word' id='word_1_112' title='bbox 96 2423 165 2487; x_wconf 87' lang='lat' dir='ltr'>sine</span> <span class='ocrx_word' id='word_1_113' title='bbox 179 2420 260 2487; x_wconf 81' lang='lat' dir='ltr'>rivae</span> <span class='ocrx_word' id='word_1_114' title='bbox 277 2417 366 2482; x_wconf 85' lang='lat' dir='ltr'>vocis</span> <span class='ocrx_word' id='word_1_115' title='bbox 380 2417 614 2481; x_wconf 81' lang='lat' dir='ltr'>contestatione</span> <span class='ocrx_word' id='word_1_116' title='bbox 630 2424 664 2481; x_wconf 94' lang='lat' dir='ltr'>et</span> <span class='ocrx_word' id='word_1_117' title='bbox 679 2416 740 2481; x_wconf 91' lang='lat' dir='ltr'>alio</span> <span class='ocrx_word' id='word_1_118' title='bbox 755 2413 962 2497; x_wconf 92' lang='lat' dir='ltr'>adminiculo,</span> <span class='ocrx_word' id='word_1_119' title='bbox 985 2421 1082 2503; x_wconf 84' lang='lat' dir='ltr'>plena</span> <span class='ocrx_word' id='word_1_120' title='bbox 1095 2422 1179 2489; x_wconf 89' lang='lat' dir='ltr'>fides</span> 
     </span>
     <span class='ocr_line' id='line_1_16' title="bbox 61 2529 1179 2621; baseline 0.004 -22"><span class='ocrx_word' id='word_1_121' title='bbox 61 2563 78 2602; x_wconf 91' lang='grc'>«</span> <span class='ocrx_word' id='word_1_122' title='bbox 96 2538 277 2619; x_wconf 90' lang='lat' dir='ltr'>habeatur;</span> <span class='ocrx_word' id='word_1_123' title='bbox 296 2553 370 2599; x_wconf 88' lang='lat' dir='ltr'>cum</span> <span class='ocrx_word' id='word_1_124' title='bbox 392 2531 577 2617; x_wconf 88' lang='lat' dir='ltr'>hujusmodi</span> <span class='ocrx_word' id='word_1_125' title='bbox 597 2529 696 2609; x_wconf 77' lang='lat' dir='ltr'>odos,</span> <span class='ocrx_word' id='word_1_126' title='bbox 718 2551 779 2597; x_wconf 92' lang='lat' dir='ltr'>nec</span> <span class='ocrx_word' id='word_1_127' title='bbox 803 2534 972 2616; x_wconf 76' lang='lat' dir='ltr'>scripturae</span> <span class='ocrx_word' id='word_1_128' title='bbox 997 2544 1053 2601; x_wconf 90' lang='lat' dir='ltr'>aut</span> <span class='ocrx_word' id='word_1_129' title='bbox 1075 2539 1179 2621; x_wconf 83' lang='lat' dir='ltr'>sigillo</span> 
     </span>
     <span class='ocr_line' id='line_1_17' title="bbox 61 2647 1176 2737; baseline 0.004 -21"><span class='ocrx_word' id='word_1_130' title='bbox 61 2679 78 2716; x_wconf 92' lang='lat'>«</span> <span class='ocrx_word' id='word_1_131' title='bbox 96 2653 233 2737; x_wconf 85' lang='lat' dir='ltr'>alicujus</span> <span class='ocrx_word' id='word_1_132' title='bbox 248 2651 456 2734; x_wconf 79' lang='lat' dir='ltr'>magistratus</span> <span class='ocrx_word' id='word_1_133' title='bbox 469 2651 502 2712; x_wconf 91' lang='lat' dir='ltr'>in</span> <span class='ocrx_word' id='word_1_134' title='bbox 518 2649 652 2713; x_wconf 88' lang='lat' dir='ltr'>alterius</span> <span class='ocrx_word' id='word_1_135' title='bbox 665 2647 889 2731; x_wconf 68' lang='lat' dir='ltr'>prejudicium</span> <span class='ocrx_word' id='word_1_136' title='bbox 901 2650 1013 2717; x_wconf 90' lang='lat' dir='ltr'>haberi</span> <span class='ocrx_word' id='word_1_137' title='bbox 1032 2654 1176 2720; x_wconf 82' lang='lat' dir='ltr'>soleat.»</span> 
     </span>
     <span class='ocr_line' id='line_1_18' title="bbox 60 2762 1178 2858; baseline 0.003 -23"><span class='ocrx_word' id='word_1_138' title='bbox 60 2769 234 2858; x_wconf 84' lang='lat' dir='ltr'>(Pirrhing,</span> <span class='ocrx_word' id='word_1_139' title='bbox 252 2765 492 2841; x_wconf 70' lang='lat' dir='ltr'>intitulumtt,</span> <span class='ocrx_word' id='word_1_140' title='bbox 509 2762 616 2827; x_wconf 80' lang='lat' dir='ltr'>libri2</span> <span class='ocrx_word' id='word_1_141' title='bbox 633 2762 858 2841; x_wconf 84' lang='lat' dir='ltr'>decretalium,</span> <span class='ocrx_word' id='word_1_142' title='bbox 877 2785 909 2828; x_wconf 94' lang='lat' dir='ltr'>n.</span> <span class='ocrx_word' id='word_1_143' title='bbox 928 2771 960 2851; x_wconf 78' lang='lat'>83</span> <span class='ocrx_word' id='word_1_144' title='bbox 979 2775 1014 2833; x_wconf 90' lang='lat' dir='ltr'>et</span> <span class='ocrx_word' id='word_1_145' title='bbox 1024 2781 1178 2838; x_wconf 88' lang='lat' dir='ltr'>consonat</span> 
     </span>
     <span class='ocr_line' id='line_1_19' title="bbox 58 2875 1174 2968; baseline 0.001 -17"><span class='ocrx_word' id='word_1_146' title='bbox 58 2884 239 2951; x_wconf 89' lang='lat' dir='ltr'>eommunis</span> <span class='ocrx_word' id='word_1_147' title='bbox 260 2880 432 2948; x_wconf 90' lang='lat' dir='ltr'>doctorum</span> <span class='ocrx_word' id='word_1_148' title='bbox 460 2875 646 2961; x_wconf 89' lang='lat' dir='ltr'>sententia.)</span> <span class='ocrx_word' id='word_1_149' title='bbox 670 2876 779 2943; x_wconf 77' lang='lat' dir='ltr'>Asolo</span> <span class='ocrx_word' id='word_1_150' title='bbox 795 2879 884 2961; x_wconf 89' lang='lat' dir='ltr'>Papa</span> <span class='ocrx_word' id='word_1_151' title='bbox 908 2888 942 2946; x_wconf 90' lang='lat' dir='ltr'>et</span> <span class='ocrx_word' id='word_1_152' title='bbox 959 2883 1174 2968; x_wconf 91' lang='lat' dir='ltr'>Imperatore,</span> 
     </span>
     <span class='ocr_line' id='line_1_20' title="bbox 58 2995 1176 3084; baseline 0.001 -15"><span class='ocrx_word' id='word_1_153' title='bbox 58 3003 174 3069; x_wconf 91' lang='lat' dir='ltr'>stricto</span> <span class='ocrx_word' id='word_1_154' title='bbox 197 2997 339 3084; x_wconf 88' lang='lat' dir='ltr'>quodam</span> <span class='ocrx_word' id='word_1_155' title='bbox 364 3014 478 3073; x_wconf 89' lang='lat' dir='ltr'>sensu,</span> <span class='ocrx_word' id='word_1_156' title='bbox 507 3013 601 3078; x_wconf 91' lang='lat' dir='ltr'>posse</span> <span class='ocrx_word' id='word_1_157' title='bbox 619 2995 724 3058; x_wconf 88' lang='lat' dir='ltr'>creari</span> <span class='ocrx_word' id='word_1_158' title='bbox 744 2995 897 3074; x_wconf 90' lang='lat' dir='ltr'>notarios,</span> <span class='ocrx_word' id='word_1_159' title='bbox 916 2997 1032 3064; x_wconf 91' lang='lat' dir='ltr'>eadem</span> <span class='ocrx_word' id='word_1_160' title='bbox 1051 3004 1176 3071; x_wconf 88' lang='lat' dir='ltr'>natione</span> 
     </span>
     <span class='ocr_line' id='line_1_21' title="bbox 58 3111 1177 3200; baseline -0.001 -15"><span class='ocrx_word' id='word_1_161' title='bbox 58 3117 168 3185; x_wconf 81' lang='lat' dir='ltr'>firmat</span> <span class='ocrx_word' id='word_1_162' title='bbox 184 3118 375 3200; x_wconf 82' lang='lat' dir='ltr'>Fagnanus:</span> <span class='ocrx_word' id='word_1_163' title='bbox 398 3117 488 3193; x_wconf 82' lang='lat' dir='ltr'>Quia,</span> <span class='ocrx_word' id='word_1_164' title='bbox 508 3111 624 3195; x_wconf 91' lang='lat' dir='ltr'>inquit,</span> <span class='ocrx_word' id='word_1_165' title='bbox 646 3118 681 3174; x_wconf 90' lang='lat' dir='ltr'>nt</span> <span class='ocrx_word' id='word_1_166' title='bbox 700 3113 841 3174; x_wconf 81' lang='lat' dir='ltr'>credetur</span> <span class='ocrx_word' id='word_1_167' title='bbox 847 3115 925 3194; x_wconf 84' lang='lat' dir='ltr'>pelli</span> <span class='ocrx_word' id='word_1_168' title='bbox 941 3121 1084 3182; x_wconf 78' lang='lat' dir='ltr'>animetis</span> <span class='ocrx_word' id='word_1_169' title='bbox 1097 3140 1177 3183; x_wconf 74' lang='lat' dir='ltr'>nram-</span> 
     </span>
     <span class='ocr_line' id='line_1_22' title="bbox 60 3229 1173 3318; baseline 0.003 -19"><span class='ocrx_word' id='word_1_170' title='bbox 60 3243 127 3314; x_wconf 82' lang='lat' dir='ltr'>tni,</span> <span class='ocrx_word' id='word_1_171' title='bbox 154 3240 198 3296; x_wconf 87' lang='lat' dir='ltr'>est</span> <span class='ocrx_word' id='word_1_172' title='bbox 218 3238 321 3294; x_wconf 85' lang='lat' dir='ltr'>contro</span> <span class='ocrx_word' id='word_1_173' title='bbox 331 3235 401 3311; x_wconf 83' lang='lat' dir='ltr'>jns;</span> <span class='ocrx_word' id='word_1_174' title='bbox 412 3234 460 3290; x_wconf 83' lang='lat' dir='ltr'>cui</span> <span class='ocrx_word' id='word_1_175' title='bbox 481 3229 562 3290; x_wconf 84' lang='lat' dir='ltr'>solns</span> <span class='ocrx_word' id='word_1_176' title='bbox 574 3232 716 3308; x_wconf 80' lang='lat' dir='ltr'>Princeps</span> <span class='ocrx_word' id='word_1_177' title='bbox 733 3245 888 3308; x_wconf 80' lang='lat' dir='ltr'>supremas</span> <span class='ocrx_word' id='word_1_178' title='bbox 905 3238 1004 3311; x_wconf 85' lang='lat' dir='ltr'>potest</span> <span class='ocrx_word' id='word_1_179' title='bbox 1018 3237 1173 3318; x_wconf 74' lang='lat' dir='ltr'>deoqare.</span> 
     </span>
     <span class='ocr_line' id='line_1_23' title="bbox 62 3345 1176 3440; baseline 0.003 -22"><span class='ocrx_word' id='word_1_180' title='bbox 62 3355 113 3440; x_wconf 83' lang='lat' dir='ltr'>(ln</span> <span class='ocrx_word' id='word_1_181' title='bbox 128 3356 227 3434; x_wconf 87' lang='lat' dir='ltr'>eaput</span> <span class='ocrx_word' id='word_1_182' title='bbox 246 3353 331 3414; x_wconf 80' lang='lat' dir='ltr'>Sient</span> <span class='ocrx_word' id='word_1_183' title='bbox 350 3353 389 3424; x_wconf 89' lang='lat' dir='ltr'>te,</span> <span class='ocrx_word' id='word_1_184' title='bbox 412 3346 464 3409; x_wconf 91' lang='lat' dir='ltr'>tit.</span> <span class='ocrx_word' id='word_1_185' title='bbox 483 3349 528 3408; x_wconf 89' lang='lat' dir='ltr'>Ne</span> <span class='ocrx_word' id='word_1_186' title='bbox 547 3346 647 3406; x_wconf 79' lang='lat' dir='ltr'>clerica·</span> <span class='ocrx_word' id='word_1_187' title='bbox 663 3345 710 3405; x_wconf 86' lang='lat' dir='ltr'>oet</span> <span class='ocrx_word' id='word_1_188' title='bbox 728 3345 875 3424; x_wconf 74' lang='lat' dir='ltr'>monaehi,</span> <span class='ocrx_word' id='word_1_189' title='bbox 894 3345 970 3413; x_wconf 87' lang='lat' dir='ltr'>libri</span> <span class='ocrx_word' id='word_1_190' title='bbox 989 3353 1008 3416; x_wconf 89' lang='grc'>3</span> <span class='ocrx_word' id='word_1_191' title='bbox 1026 3349 1176 3420; x_wconf 86' lang='lat' dir='ltr'>decreta-</span> 
     </span>
     <span class='ocr_line' id='line_1_24' title="bbox 59 3463 291 3549; baseline -0.022 -13"><span class='ocrx_word' id='word_1_192' title='bbox 59 3473 152 3549; x_wconf 92' lang='lat' dir='ltr'>lium,</span> <span class='ocrx_word' id='word_1_193' title='bbox 170 3487 203 3532; x_wconf 94' lang='lat' dir='ltr'>n.</span> <span class='ocrx_word' id='word_1_194' title='bbox 222 3463 291 3548; x_wconf 81' lang='lat'>43.)</span> 
     </span>
    </p>

    <p class='ocr_par' dir='ltr' id='par_1_6' title="bbox 58 3579 1184 4371">
     <span class='ocr_line' id='line_1_25' title="bbox 106 3579 1178 3662; baseline 0.004 -9"><span class='ocrx_word' id='word_1_195' title='bbox 106 3587 150 3653; x_wconf 92' lang='lat'>11.</span> <span class='ocrx_word' id='word_1_196' title='bbox 173 3584 305 3649; x_wconf 85' lang='lat' dir='ltr'>Certum</span> <span class='ocrx_word' id='word_1_197' title='bbox 325 3586 375 3644; x_wconf 89' lang='lat' dir='ltr'>est</span> <span class='ocrx_word' id='word_1_198' title='bbox 398 3579 431 3645; x_wconf 87' lang='lat' dir='ltr'>vi</span> <span class='ocrx_word' id='word_1_199' title='bbox 445 3580 666 3641; x_wconf 76' lang='lat' dir='ltr'>consuetudinis</span> <span class='ocrx_word' id='word_1_200' title='bbox 685 3580 791 3643; x_wconf 88' lang='lat' dir='ltr'>creari</span> <span class='ocrx_word' id='word_1_201' title='bbox 807 3596 901 3662; x_wconf 91' lang='lat' dir='ltr'>posse</span> <span class='ocrx_word' id='word_1_202' title='bbox 916 3587 1058 3651; x_wconf 89' lang='lat' dir='ltr'>notarios</span> <span class='ocrx_word' id='word_1_203' title='bbox 1073 3607 1092 3653; x_wconf 89' lang='lat' dir='ltr'>a</span> <span class='ocrx_word' id='word_1_204' title='bbox 1110 3610 1178 3656; x_wconf 91' lang='lat' dir='ltr'>ma·</span> 
     </span>
     <span class='ocr_line' id='line_1_26' title="bbox 60 3693 1178 3790; baseline 0.004 -22"><span class='ocrx_word' id='word_1_205' title='bbox 60 3699 249 3790; x_wconf 85' lang='lat' dir='ltr'>gistratihus</span> <span class='ocrx_word' id='word_1_206' title='bbox 275 3715 428 3779; x_wconf 90' lang='lat' dir='ltr'>supremo</span> <span class='ocrx_word' id='word_1_207' title='bbox 450 3694 594 3777; x_wconf 88' lang='lat' dir='ltr'>Principi</span> <span class='ocrx_word' id='word_1_208' title='bbox 611 3693 836 3777; x_wconf 82' lang='lat' dir='ltr'>inferioribus;</span> <span class='ocrx_word' id='word_1_209' title='bbox 868 3702 903 3759; x_wconf 94' lang='lat' dir='ltr'>et</span> <span class='ocrx_word' id='word_1_210' title='bbox 931 3699 965 3762; x_wconf 94' lang='lat' dir='ltr'>in</span> <span class='ocrx_word' id='word_1_211' title='bbox 989 3705 1178 3782; x_wconf 87' lang='lat' dir='ltr'>particulari</span> 
     </span>
     <span class='ocr_line' id='line_1_27' title="bbox 60 3810 1178 3905; baseline 0 -17"><span class='ocrx_word' id='word_1_212' title='bbox 60 3828 190 3888; x_wconf 89' lang='lat' dir='ltr'>certum</span> <span class='ocrx_word' id='word_1_213' title='bbox 210 3824 270 3894; x_wconf 89' lang='lat' dir='ltr'>est,</span> <span class='ocrx_word' id='word_1_214' title='bbox 299 3815 361 3880; x_wconf 95' lang='lat' dir='ltr'>hoc</span> <span class='ocrx_word' id='word_1_215' title='bbox 377 3810 621 3878; x_wconf 90' lang='lat' dir='ltr'>consuetudinis</span> <span class='ocrx_word' id='word_1_216' title='bbox 643 3810 751 3888; x_wconf 88' lang='lat' dir='ltr'>titulo,</span> <span class='ocrx_word' id='word_1_217' title='bbox 770 3828 865 3894; x_wconf 87' lang='lat' dir='ltr'>posse</span> <span class='ocrx_word' id='word_1_218' title='bbox 884 3816 1026 3882; x_wconf 90' lang='lat' dir='ltr'>notarios</span> <span class='ocrx_word' id='word_1_219' title='bbox 1046 3819 1089 3885; x_wconf 88' lang='lat' dir='ltr'>ab</span> <span class='ocrx_word' id='word_1_220' title='bbox 1102 3823 1178 3905; x_wconf 84' lang='lat' dir='ltr'>Epi·</span> 
     </span>
     <span class='ocr_line' id='line_1_28' title="bbox 60 3924 1179 4019; baseline 0 -17"><span class='ocrx_word' id='word_1_221' title='bbox 60 3954 159 4019; x_wconf 87' lang='lat' dir='ltr'>scopo</span> <span class='ocrx_word' id='word_1_222' title='bbox 179 3931 294 3997; x_wconf 90' lang='lat' dir='ltr'>creari.</span> <span class='ocrx_word' id='word_1_223' title='bbox 313 3928 352 3994; x_wconf 94' lang='lat' dir='ltr'>Id</span> <span class='ocrx_word' id='word_1_224' title='bbox 371 3929 470 3994; x_wconf 88' lang='lat' dir='ltr'>etiam</span> <span class='ocrx_word' id='word_1_225' title='bbox 485 3925 682 3991; x_wconf 89' lang='lat' dir='ltr'>unanimiter</span> <span class='ocrx_word' id='word_1_226' title='bbox 704 3933 822 3991; x_wconf 88' lang='lat' dir='ltr'>tenent</span> <span class='ocrx_word' id='word_1_227' title='bbox 839 3924 1001 4010; x_wconf 89' lang='lat' dir='ltr'>doctores,</span> <span class='ocrx_word' id='word_1_228' title='bbox 1020 3942 1055 3998; x_wconf 94' lang='lat' dir='ltr'>et</span> <span class='ocrx_word' id='word_1_229' title='bbox 1071 3938 1179 4018; x_wconf 89' lang='lat' dir='ltr'>palam</span> 
     </span>
     <span class='ocr_line' id='line_1_29' title="bbox 58 4042 1180 4134; baseline 0.002 -16"><span class='ocrx_word' id='word_1_230' title='bbox 58 4053 140 4118; x_wconf 83' lang='lat' dir='ltr'>facit</span> <span class='ocrx_word' id='word_1_231' title='bbox 151 4054 312 4134; x_wconf 91' lang='lat' dir='ltr'>perpetua</span> <span class='ocrx_word' id='word_1_232' title='bbox 324 4045 443 4130; x_wconf 85' lang='lat' dir='ltr'>praxis.</span> <span class='ocrx_word' id='word_1_233' title='bbox 465 4044 559 4108; x_wconf 88' lang='lat' dir='ltr'>Ratio</span> <span class='ocrx_word' id='word_1_234' title='bbox 581 4049 691 4107; x_wconf 89' lang='lat' dir='ltr'>autem</span> <span class='ocrx_word' id='word_1_235' title='bbox 711 4060 770 4107; x_wconf 91' lang='lat' dir='ltr'>cur</span> <span class='ocrx_word' id='word_1_236' title='bbox 784 4042 961 4128; x_wconf 90' lang='lat' dir='ltr'>Episcopus</span> <span class='ocrx_word' id='word_1_237' title='bbox 974 4044 1009 4112; x_wconf 91' lang='lat' dir='ltr'>id</span> <span class='ocrx_word' id='word_1_238' title='bbox 1024 4053 1126 4133; x_wconf 90' lang='lat' dir='ltr'>possit</span> <span class='ocrx_word' id='word_1_239' title='bbox 1137 4055 1180 4121; x_wconf 91' lang='lat' dir='ltr'>ob</span> 
     </span>
     <span class='ocr_line' id='line_1_30' title="bbox 62 4159 1182 4253; baseline -0.002 -19"><span class='ocrx_word' id='word_1_240' title='bbox 62 4162 339 4235; x_wconf 87' lang='lat' dir='ltr'>consuetudinem</span> <span class='ocrx_word' id='word_1_241' title='bbox 354 4160 532 4237; x_wconf 83' lang='lat' dir='ltr'>inductam,</span> <span class='ocrx_word' id='word_1_242' title='bbox 551 4177 624 4223; x_wconf 91' lang='lat' dir='ltr'>cum</span> <span class='ocrx_word' id='word_1_243' title='bbox 641 4159 718 4223; x_wconf 85' lang='lat' dir='ltr'>alias</span> <span class='ocrx_word' id='word_1_244' title='bbox 733 4174 774 4222; x_wconf 83' lang='lat' dir='ltr'>ex</span> <span class='ocrx_word' id='word_1_245' title='bbox 793 4161 926 4242; x_wconf 90' lang='lat' dir='ltr'>proprio</span> <span class='ocrx_word' id='word_1_246' title='bbox 938 4160 1012 4246; x_wconf 88' lang='lat' dir='ltr'>jure</span> <span class='ocrx_word' id='word_1_247' title='bbox 1030 4185 1096 4232; x_wconf 94' lang='lat' dir='ltr'>non</span> <span class='ocrx_word' id='word_1_248' title='bbox 1108 4188 1182 4253; x_wconf 82' lang='lat' dir='ltr'>pos-</span> 
     </span>
     <span class='ocr_line' id='line_1_31' title="bbox 62 4273 1184 4371; baseline 0 -21"><span class='ocrx_word' id='word_1_249' title='bbox 62 4294 125 4363; x_wconf 88' lang='lat' dir='ltr'>set,</span> <span class='ocrx_word' id='word_1_250' title='bbox 144 4291 195 4348; x_wconf 89' lang='lat' dir='ltr'>est</span> <span class='ocrx_word' id='word_1_251' title='bbox 211 4282 286 4366; x_wconf 89' lang='lat' dir='ltr'>quia</span> <span class='ocrx_word' id='word_1_252' title='bbox 302 4278 345 4343; x_wconf 89' lang='lat' dir='ltr'>ad</span> <span class='ocrx_word' id='word_1_253' title='bbox 363 4273 582 4343; x_wconf 90' lang='lat' dir='ltr'>inducendam</span> <span class='ocrx_word' id='word_1_254' title='bbox 597 4282 710 4339; x_wconf 89' lang='lat' dir='ltr'>contra</span> <span class='ocrx_word' id='word_1_255' title='bbox 724 4273 777 4358; x_wconf 86' lang='lat' dir='ltr'>jus</span> <span class='ocrx_word' id='word_1_256' title='bbox 791 4277 1059 4346; x_wconf 89' lang='lat' dir='ltr'>consuetudinem</span> <span class='ocrx_word' id='word_1_257' title='bbox 1077 4285 1184 4371; x_wconf 84' lang='lat' dir='ltr'>legiti-</span> 
     </span>
    </p>
   </div>
   <div class='ocr_carea' id='block_1_6' title="bbox 62 4392 1182 4569">
    <p class='ocr_par' dir='ltr' id='par_1_7' title="bbox 62 4392 1182 4569">
     <span class='ocr_line' id='line_1_32' title="bbox 62 4392 1182 4486; baseline 0.003 -18"><span class='ocrx_word' id='word_1_258' title='bbox 62 4420 161 4478; x_wconf 88' lang='lat' dir='ltr'>mam,</span> <span class='ocrx_word' id='word_1_259' title='bbox 179 4397 360 4482; x_wconf 90' lang='lat' dir='ltr'>requiritur</span> <span class='ocrx_word' id='word_1_260' title='bbox 376 4401 412 4457; x_wconf 88' lang='lat' dir='ltr'>ut</span> <span class='ocrx_word' id='word_1_261' title='bbox 424 4392 623 4457; x_wconf 83' lang='lat' dir='ltr'>interveniat</span> <span class='ocrx_word' id='word_1_262' title='bbox 639 4408 813 4455; x_wconf 88' lang='lat' dir='ltr'>consensus</span> <span class='ocrx_word' id='word_1_263' title='bbox 828 4392 982 4477; x_wconf 89' lang='lat' dir='ltr'>principis</span> <span class='ocrx_word' id='word_1_264' title='bbox 998 4416 1182 4486; x_wconf 84' lang='lat' dir='ltr'>expressus,</span> 
     </span>
     <span class='ocr_line' id='line_1_33' title="bbox 174 4512 1075 4569; baseline 0.002 -2"><span class='ocrx_word' id='word_1_265' title='bbox 174 4512 193 4567; x_wconf 95' lang='lat' dir='ltr'>l.</span> <span class='ocrx_word' id='word_1_266' title='bbox 604 4524 611 4530; x_wconf 86' lang='lat'>·</span> <span class='ocrx_word' id='word_1_267' title='bbox 714 4529 717 4535; x_wconf 93' lang='lat'>·</span> <span class='ocrx_word' id='word_1_268' title='bbox 1040 4515 1075 4569; x_wconf 75' lang='lat'>32</span> 
     </span>
    </p>
   </div>
   <div class='ocr_carea' id='block_1_7' title="bbox 0 0 1362 4980">
    <p class='ocr_par' dir='ltr' id='par_1_8' title="bbox 0 0 1362 4980">
     <span class='ocr_line' id='line_1_34' title="bbox 0 0 1362 4980; baseline 0 0"><span class='ocrx_word' id='word_1_269' title='bbox 0 0 1362 4980; x_wconf 95' lang='lat' dir='ltr'> </span> 
     </span>
    </p>
   </div>
  </div>
 </body>
</html>
