2714 4980
502 316 582 368 rans
603 316 718 366 rmus.
1127 306 1167 371 83

48 443 307 532 intelligendum
321 457 392 512 esse
403 442 446 512 da
457 445 609 528 aliquibus
619 441 894 525 antummodo
911 446 1046 510 omotbm
1065 447 1170 514 causis

52 561 356 631 matrimonialibus.
376 563 472 641 Item,
495 559 574 627 dum
596 559 717 626 diciurr
740 563 782 626 cd
798 563 917 644 judices
943 563 1166 645 eccbcicsttcos,

52 679 304 765 intelbgendum
317 687 367 746 est
383 679 427 745 ad
441 681 608 746 eossolos:
623 686 695 744 tum
709 678 784 765 quia
808 679 836 744 is
856 686 906 745 est
924 681 1083 763 genuinus
1102 700 1173 747 seu·

53 814 126 883 sus3
153 805 226 864 tum
240 797 317 883 quia
330 797 634 881 interpretationem
657 795 853 862 contrariam
880 797 1005 880 pariter
1026 795 1171 929 ipdicto

28 908 152 985 {brevi
174 914 365 1000 reprobavit
396 915 473 980 Pius
507 914 573 998 v13
609 911 698 999 qnod
730 911 807 979 ride
833 913 905 980 inse
935 913 1147 999 probatum
1138 933 1172 980 ιιι

54 1033 178 1100 eximio
206 1048 307 1116 opere
339 1031 443 1116 patris
476 1030 593 1097 Martia
626 1030 789 1096 societatis
824 1030 914 1111 lesu,
955 1035 994 1097 cte
1025 1039 1173 1118 potestate

54 1152 248 1216 mmmmm
280 1153 453 1232 principum
492 1150 669 1212 dirimatis
705 1148 918 1230 impedimento
956 1151 1170 1216 constituerat.

100 1264 268 1332 Probatur
281 1267 328 1330 2⁸.
341 1264 417 1330 alin
431 1262 573 1330 decretis
583 1262 691 1347 legem
701 1263 892 1330 universalis
903 1262 1078 1349 discipline
1098 1284 1174 1331 con-

53 1381 281 1460 stituentibus,
298 1380 415 1467 quibus
429 1380 581 1448 scolene
594 1381 655 1447 sibi
671 1378 832 1466 ejusmodi
845 1400 957 1448 causas
968 1381 1146 1450 vindicarit
1163 1402 1171 1448 τ

54 1502 224 1566 Ηιιίεονιιιιι
241 1501 386 1564 reditione
403 1505 593 1582 copmatmua
607 1506 635 1563 te
641 1504 800 1582 propriam
817 1501 893 1564 cette
908 1502 1034 1583 objicere
1049 1519 1175 1565 acorem

52 1626 88 1684 st
111 1618 267 1684 mamm
289 1618 392 1696 atteri,
423 1617 656 1700 pretendentem
688 1621 958 1698 mmoopaiaitotis
983 1625 1172 1683 occosimem.

60 1735 330 1819 unsaramma
350 1721 531 1798 auctoritate
542 1736 747 1798 interdicendo
765 1737 944 1798 mandamus
963 1737 1029 1816 tibi,
1047 1743 1083 1800 ut
1100 1737 1177 1800 lunc

54 1872 148 1936 quom
157 1871 238 1918 omar
248 1851 336 1915 labes
346 1870 471 1916 umorem
484 1852 658 1914 mullatenus
668 1871 836 1934 praemotus
847 1853 1009 1930 dimittere,
1024 1855 1072 1916 vet
1082 1855 1177 1917 ultam

58 1972 176 2050 ducere,
199 1970 292 2032 dorcet
308 1970 522 2052 Episcoporum
543 1969 750 2049 rettpiosorum
770 1970 927 2032 concilium
944 1988 1065 2032 murum
1086 1975 1177 2033 istum

58 2087 282 2151 examinaverit
303 2084 439 2171 (canone
462 2086 820 2164 balaamitarum
846 2087 900 2165 35,
920 2087 1103 2170 questionis
1128 2084 1174 2171 6).

58 2203 190 2270 Pariter
203 2218 303 2285 supra
316 2202 415 2268 citato
430 2202 535 2285 capite
553 2207 648 2266 Tuom
662 2201 704 2289 (3,
722 2201 760 2267 de
775 2207 889 2269 Ordine
906 2209 1108 2286 vomitionum
1122 2206 1175 2283 10,

56 2320 172 2386 bafia
191 2316 430 2404 decretalium),
449 2324 485 2384 et
506 2320 614 2404 capite
638 2323 768 2384 Causam
793 2319 836 2406 (4,
855 2320 944 2386 tituli
963 2325 1024 2402 Qut
1037 2322 1100 2401 filit
1115 2327 1179 2387 stat

59 2439 190 2520 teptttmt
207 2438 259 2515 17,
281 2435 358 2502 libri
378 2436 398 2499 4
424 2431 666 2520 decretalium),
684 2443 718 2502 et
738 2437 844 2520 capite
868 2441 961 2502 ictor
978 2439 1009 2516 5,
1031 2438 1181 2523 praedicti

56 2553 159 2632 tituli,
173 2550 328 2620 uidemus
343 2551 519 2617 Ecclesiam
534 2550 595 2616 sibi
613 2550 760 2618 tribuere
778 2571 908 2618 causam
930 2552 973 2619 de
994 2555 1106 2620 valore
1125 2554 1180 2621 vel

55 2669 210 2736 nullitate
224 2667 505 2734 matrimoniorum
523 2687 531 2733 τ
550 2667 756 2754 plurimaque
777 2667 839 2734 alia
859 2675 971 2734 entant
989 2667 1024 2735 in
1042 2687 1179 2755 corpore

56 2785 139 2872 juris
157 2785 325 2852 rariorum
341 2784 533 2850 seculorum
546 2782 690 2862 decreta,
710 2784 830 2870 quibus
846 2787 990 2853 Ecclesia
1014 2785 1056 2854 de
1077 2790 1179 2856 causis
1226 2820 1229 2825 ·

58 2902 349 2970 matrimonialibus
364 2910 520 2988 tanquam
531 2901 574 2968 ad
587 2921 623 2968 se
637 2903 879 2987 pertinentibus
904 2921 1057 2988 suprema
1072 2913 1180 2974 aucto·

52 3021 160 3087 ritate
179 3018 340 3086 decernit.
358 3016 456 3101 Quod
470 3025 582 3085 autem
598 3037 652 3084 eas
664 3019 726 3085 sibi
739 3017 813 3104 jure
827 3022 971 3104 proprio,
989 3041 1054 3087 non
1068 3029 1179 3089 autem

48 3143 218 3223 tanquam
232 3134 394 3222 exaliqua
409 3135 593 3219 principum
610 3137 828 3216 concessione,
844 3143 883 3203 nt
898 3136 1031 3223 quidam
1047 3137 1179 3206 betero-

59 3255 142 3324 dcxi
159 3255 372 3334 somniarunt,
403 3252 636 3333 vindicaverit,
666 3261 769 3339 patet,
794 3264 866 3322 tum
885 3257 1097 3345 excoquat
1119 3259 1179 3331 ha

59 3372 205 3460 jusmodi
232 3373 322 3456 leges
347 3386 422 3437 suas
444 3370 661 3455 applicaverit
684 3371 831 3455 ipsismet
853 3373 1054 3459 principibus
1082 3375 1179 3445 valde

62 3488 293 3567 renitentibus,
311 3495 410 3575 atque
426 3507 466 3555 eo
485 3489 557 3571 ipso
570 3488 604 3552 in
621 3495 815 3572 pratensam
828 3490 918 3558 illam
938 3497 1179 3563 concessionem

61 3608 196 3675 minime
223 3604 509 3683 consentientibus,
526 3610 597 3670 tum
611 3622 652 3669 ex
669 3602 921 3689 ipso'dictarum
943 3609 1056 3694 legum
1078 3614 1176 3698 stylo.

55 3725 101 3791 ·ln
117 3722 279 3791 decretali
296 3725 437 3803 Curram,
456 3721 551 3787 verbi
572 3721 684 3804 gratia,
699 3720 874 3790 Alexandri
889 3726 939 3791 III
958 3725 1077 3815 (capite
1094 3737 1125 3808 7,
1141 3731 1181 3798 ti·

63 3840 125 3906 tuli
145 3842 209 3920 Qua
226 3839 288 3919 filit
308 3840 372 3903 sict
395 3841 522 3921 lepittmi
545 3837 597 3916 17,
619 3837 732 3904 libri-i
755 3838 995 3928 decretalium),
1021 3844 1180 3927 agebatur

62 3955 161 4023 dmnl
175 3953 219 4022 de
231 3956 437 4040 legitimitate
451 3952 622 4041 cujusdam
644 3954 850 4036 matrimonii,
865 3964 898 4023 et
912 3957 954 4025 de
972 3963 1180 4044 possessioni-

68 4072 128 4141 bus
140 4092 182 4140 cx
198 4073 255 4138 illa
266 4072 471 4156 legitimitate
488 4073 542 4137 vel
555 4072 704 4138 nullitate
722 4072 951 4158 pendentibus.
970 4077 1074 4147 Porro
1099 4081 1183 4150 Pon·

70 4191 147 4258 tiiex
161 4190 329 4276 llpiscopis
338 4189 472 4275 quidem
486 4191 657 4257 committit
669 4189 828 4277 judicium
839 4193 882 4260 de
890 4212 986 4262 causa
997 4199 1179 4286 principali,

72 4305 164 4387 idest,
180 4307 225 4375 de
238 4307 351 4374 valore
365 4307 577 4393 matrimonii3
597 4309 806 4395 questionem
824 4329 907 4378 vero
920 4312 963 4381 de
981 4321 1184 4401 possessioni·
1229 4387 1231 4392 .

77 4421 131 4492 bus
146 4426 191 4493 ad
202 4443 317 4510 iugem
330 4425 467 4492 remittit
485 4447 493 4492 ι
510 4429 573 4491 Nor
584 4429 771 4492 uttmdmtes
783 4433 862 4511 qaod
875 4435 917 4496 aa
931 4445 1180 4522 repempeatmet,
