2714 4980
588 341 667 388 mas
689 340 803 388 rarus.
1191 323 1254 386 165

97 494 128 533 κ
171 469 229 537 snb
245 468 349 555 ipsius
364 465 604 554 jurisdictione,
626 464 778 545 dominio,
799 465 854 531 vel
870 462 1023 531 districtu
1038 463 1256 531 ecclesiastico

97 610 129 648 ι(
171 587 222 654 vel
234 585 408 671 temporali
421 583 550 650 existat.
568 584 821 650 conservatores
837 589 947 648 autem
962 580 1148 667 hujusmodi
1162 589 1256 648 extra

97 726 132 763 r<
170 701 326 779 civitates,
351 719 411 767 seu
427 697 587 766 dioeceses
609 698 781 785 inquibus
804 698 927 764 fuerint
948 695 1108 781 deputati,
1139 704 1253 765 contra

96 841 134 881 κ
171 836 386 904 quoscumque
405 814 602 901 procedere,
629 823 686 881 aut
704 816 828 900 aliquos
849 814 938 881 ultra
956 834 1055 880 unam
1079 813 1210 881 diaetam
1232 834 1252 880 a

96 957 135 997 α
171 932 230 1000 fine
253 931 433 1000 dioecesum
457 931 651 999 eorumdem
670 930 802 998 trahere
827 949 892 997 non
918 938 1127 1014 praesumant.
1158 931 1253 997 Vices

99 1073 138 1110 «
173 1067 295 1136 quoque
318 1067 392 1114 suas
421 1048 655 1135 (citationibus,
688 1049 925 1113 sententiarum
952 1044 1253 1114 denuntiationibus

98 1189 141 1226 α
173 1164 336 1233 dumtaxat
357 1146 514 1251 exceptis,
542 1185 624 1254 quas
640 1185 701 1251 per
723 1165 802 1230 alios
826 1165 956 1230 valeant
982 1160 1149 1250 exercere)
1170 1164 1251 1231 nulli

101 1304 142 1345 <vr
174 1283 370 1350 committere
398 1283 532 1366 possint,
561 1281 622 1347 nisi
649 1281 710 1346 hoo
734 1280 780 1346 eis
802 1280 1008 1364 competierit
1032 1298 1074 1345 ex
1093 1278 1252 1346 beneficio

105 1421 141 1457 α
171 1398 374 1467 litterarum:
401 1398 460 1466 sad
481 1418 541 1464 nec
556 1405 647 1477 tunc,
668 1398 728 1463 nisi
743 1403 830 1463 intra
847 1397 995 1463 civitates
1015 1416 1074 1463 seu
1092 1395 1251 1464 dioeceses

107 1537 144 1574 «
174 1516 330 1604 inquibus
343 1516 493 1600 deputati
509 1515 645 1593 fuerint,
658 1522 694 1581 et
708 1516 855 1599 personis
869 1519 996 1579 tantum
1015 1532 1086 1598 quae
1101 1514 1252 1597 superius

111 1650 145 1686 «
173 1641 237 1698 sunt
253 1651 428 1717 expressae.
447 1633 492 1698 Ut
510 1639 621 1698 autem
641 1638 890 1698 conservatores
904 1631 1024 1696 limites
1042 1630 1103 1695 sibi
1121 1630 1249 1697 traditae

113 1766 141 1797 α
170 1751 331 1829 potestatis
344 1748 437 1836 (quos
450 1747 645 1841 frequenter
661 1744 836 1831 excedunt)
851 1754 943 1812 metu
956 1765 1061 1831 poenae
1077 1745 1251 1831 diligenter

112 1878 142 1917 <³
164 1864 346 1945 observent,
374 1864 581 1932 decernimus
604 1870 642 1930 ut
669 1866 697 1930 si
718 1863 761 1930 de
781 1865 861 1942 aliis,
879 1882 977 1948 quam
1003 1862 1045 1929 de
1070 1863 1249 1930 manifestis

111 1993 139 2031 ‘‹
158 1979 282 2069 iniuriis
302 1990 338 2048 et
361 1982 523 2049 violentiis
538 1981 680 2048 scienter
703 2001 738 2047 se
763 1982 1008 2060 intromiserint,
1034 1999 1092 2047 seu
1118 1979 1160 2046 ad
1184 1981 1246 2046 alia

109 2106 133 2143 <¹
154 2111 226 2179 quae
246 2097 437 2186 judicialem
450 2095 636 2182 indaginem
651 2098 796 2182 exigunt,
813 2114 905 2162 suam
927 2094 1136 2165 extenderint
1151 2103 1246 2181 pote·

114 2221 135 2258 “
151 2217 289 2292 statem,
304 2233 345 2280 eo
357 2213 428 2298 ipso
439 2231 611 2297 perunum
624 2231 744 2277 annum
757 2212 799 2277 ab
815 2210 917 2278 officio
932 2230 991 2277 suo
1006 2212 1070 2277 sint
1085 2213 1241 2296 suspensi.

107 2335 127 2373 ‘<
145 2323 232 2396 Pars
252 2349 333 2397 vero
349 2347 420 2414 quae
442 2328 503 2396 hoc
526 2327 600 2394 fieri
618 2327 818 2413 procurabit,
842 2328 1035 2394 sententiam
1056 2347 1244 2395 excommu-

107 2450 125 2490 ‘l
145 2445 325 2515 nicationis
345 2447 516 2512 incurrat:
537 2464 556 2511 a
581 2463 645 2531 qua
663 2465 728 2513 non
747 2445 848 2530 possit
867 2444 992 2511 absolvi
1005 2445 1066 2512 nisi
1081 2446 1121 2525 ei,
1144 2465 1242 2533 quem

107 2560 192 2630 “sic
205 2563 359 2648 fatigavit
371 2560 529 2641 indebite,
545 2560 652 2647 primo
664 2561 838 2655 satisfaciat
851 2561 1054 2645 integraliter
1066 2560 1109 2629 da
1119 2582 1241 2649 expen-

106 2675 200 2748 “Sis
237 2678 388 2748 Officium
413 2684 524 2745 autem
551 2696 832 2765 quorumcumque
856 2683 1139 2756 conservatorum,
1169 2680 1240 2764 ipso

108 2782 221 2867 “iure
239 2794 349 2883 quoad
364 2815 430 2861 non
450 2799 559 2878 coepta
576 2795 707 2878 negotia
727 2812 789 2877 per
809 2793 936 2859 obitum
960 2791 1167 2861 concedentis
1182 2814 1240 2862 vo-

104 2897 259 2978 “lumus
273 2912 437 2995 expirare.
457 2910 550 2976 Circa
566 2929 702 2976 munera
718 2929 809 2988 vero,
827 2917 862 2975 et
874 2927 1043 2995 expensas,
1060 2928 1238 2979 assessores

101 3027 182 3094 “Rc
197 3029 357 3107 notarios,
373 3035 407 3093 et
421 3045 579 3112 personas
593 3026 771 3092 testimonii
787 3044 882 3091 causa
897 3023 1070 3103 vocandas,
1085 3024 1141 3090 illa
1154 3045 1238 3110 prae·

95 3142 107 3179 v
119 3140 287 3231 cipimus
300 3144 333 3208 in
347 3142 534 3228 hujusmodi
554 3141 839 3209 conservatoribus
854 3160 914 3226 per
934 3141 1040 3207 omnia
1054 3141 1232 3221 observari,

94 3257 217 3339 '‘¹111ae
244 3261 282 3326 in
303 3258 462 3345 delegatis
488 3257 657 3344 judicibus
685 3258 874 3325 constitutio
897 3277 915 3325 a
939 3259 1038 3325 Nobis
1061 3278 1161 3343 super
1186 3257 1236 3325 his

94 3373 237 3444 'edita
253 3373 415 3442 decrevit.
438 3373 605 3460 Quidquid
616 3358 728 3440 mrtem
744 3381 858 3440 contra
872 3375 1035 3460 praemissa
1050 3376 1104 3442 vel
1121 3395 1233 3445 eorum

108 3488 283 3582 aliquod
299 3491 453 3558 attentari
474 3491 656 3576 contigerit,
674 3492 804 3558 omnino
826 3491 1034 3559 decernimus
1049 3493 1177 3563 irritum
1199 3503 1234 3560 et

107 3590 287 3677 itrane.»
309 3606 356 3695 (C.
373 3609 439 3673 Hoc
456 3613 665 3675 contitutiooe
682 3610 734 3686 15,
752 3608 841 3674 tituli
857 3610 909 3689 ll,
928 3607 1019 3695 ind.)

130 3716 203 3793 Ex
215 3725 280 3790 boc
294 3730 389 3790 textu
401 3725 550 3810 sequitur
564 3743 628 3790 non
640 3742 735 3809 posse
752 3724 787 3790 in
803 3733 1066 3792 conservatorem
1081 3725 1231 3809 deputari

94 3839 294 3927 fflplicem
316 3841 523 3926 canonicum;
548 3860 609 3907 nec
623 3841 785 3907 vicarium
803 3843 992 3926 ‘generalem
1012 3841 1171 3927 Episcopi,
1190 3861 1230 3907 eo

94 3954 202 4024 uod
222 3958 303 4022 licet
327 3954 518 4041 dignitatem
540 3954 697 4035 obtineat,
725 3965 916 4024 nontamen
934 3964 1146 4041 perpetuam;
1167 3975 1230 4023 noc

94 4064 239 4139 'riores
258 4073 491 4139 conventuales
510 4080 544 4138 et
564 4075 749 4156 superiores
770 4072 1020 4138 mendicantium
1036 4071 1167 4148 locales,
1190 4080 1229 4139 ut

93 4161 314 4255 [sselaratum
347 4209 365 4254 a
394 4188 425 4253 S.
448 4189 707 4274 congregatione·
726 4196 867 4256 testatur
894 4188 1034 4255 Barbosa
1056 4188 1103 4277 (de
1122 4189 1226 4269 Officio

93 4282 262 4389 Episcopi,
284 4305 380 4391 alleg.
401 4307 475 4385 106,
499 4327 532 4371 n.
560 4305 625 4393 15).
652 4308 782 4373 Caeterae
807 4303 979 4370 decretalis
1000 4304 1224 4403 dispositiones

97 4418 328 4504 eIplioatione
351 4442 416 4489 non
440 4422 596 4509 indigent.
621 4421 816 4491 ludendum
838 4420 1038 4492 solummodo
1064 4418 1224 4505 estquod
