2714 4980
461 318 649 367 moruus
672 318 715 364 DE
738 315 887 363 tumulis.

638 606 719 684 511.

502 845 650 893 Notariorum
673 844 742 892 uariae
770 843 869 903 speeies.

162 1096 189 1162 I.
209 1093 371 1178 Distingui
383 1099 519 1177 possunt
536 1092 570 1156 in
582 1092 725 1157 notarios
749 1088 813 1155 lori
831 1087 1056 1167 ecclesiastici,
1080 1087 1144 1155 iuri
1156 1087 1226 1162 laici,

119 1216 154 1277 et
168 1211 335 1296 utriusque
357 1208 530 1274 soricum
543 1224 660 1290 nempe
680 1203 802 1291 duplex
819 1202 955 1283 mundo,
974 1223 1016 1269 ex
1031 1201 1144 1269 divina
1156 1201 1230 1267 insti

118 1324 255 1400 tutione,
273 1323 384 1406 praesit
399 1323 597 1400 auotoritas,
624 1328 762 1407 utruque
782 1328 893 1406 potest
908 1321 943 1385 in
964 1340 1024 1387 suo
1048 1319 1123 1387 foro
1138 1300 1230 1386 certus

116 1456 270 1523 personas
278 1437 476 1503 constituere
489 1444 523 1502 et
534 1435 707 1521 deputare,
716 1456 853 1522 quarum
865 1437 988 1519 scripta
996 1435 1103 1502 fidem
1111 1436 1229 1501 inoiant.

116 1555 150 1621 si
166 1555 239 1640 quis
254 1574 334 1621 vero
349 1554 391 1620 ub
407 1554 623 1620 ecclesiastica
636 1554 731 1620 simul
750 1561 785 1619 et
799 1553 943 1618 saeoulari
961 1559 1129 1638 potestate
1147 1551 1187 1618 ad
1199 1548 1229 1617 id

111 1664 210 1755 ‚officii
223 1666 402 1752 deputetur
417 1673 452 1732 et
467 1666 678 1752 approbetur,
699 1669 762 1733 erit
778 1667 947 1751 utriusque
962 1666 1028 1733 fori
1044 1666 1196 1732 notorius.

158 1783 203 1849 11.
234 1784 440 1848 Notariorum
467 1782 532 1848 fori
556 1783 763 1850 ecclesiastici
796 1782 919 1868 duplex
946 1781 1059 1848 classis
1091 1804 1099 1848 :
1126 1784 1230 1847 notarii

115 1916 231 1981 nempe
249 1901 415 1981 apostolici,
436 1917 495 1964 seu
510 1897 624 1965 nSede
640 1898 821 1982 Apostolica
843 1897 961 1976 creati,
986 1904 1022 1962 et
1046 1899 1165 1964 notarii
1179 1915 1230 1963 os

114 2020 262 2081 tororum
274 2013 522 2080 Ordinnriorum
542 2037 548 2081 :
565 2034 639 2079 nom
657 2015 705 2102 (ut
717 2015 804 2080 infru
819 2011 960 2099 dicetur)
976 2022 1102 2098 potest,
1120 2033 1230 2081 excon-

114 2129 288 2197 suetudine
315 2133 441 2208 saltem,
465 2131 605 2218 quilibet
620 2132 799 2217 Episcopus
821 2131 965 2198 notarios
980 2150 1043 2215 pro
1059 2139 1131 2200 toto
1146 2130 1231 2216 juris

115 2245 267 2313 dictionis
279 2267 346 2313 suae
361 2248 528 2314 territorio
544 2267 669 2313 creare.

160 2365 219 2430 111.
248 2364 313 2448 Ipsi
339 2383 420 2431 vero
451 2364 618 2449 apostolici
646 2365 782 2442 notarii,
809 2365 842 2428 in
871 2363 954 2430 duos
981 2362 1108 2448 gradus
1134 2363 1230 2430 distri·

114 2477 261 2544 buuntur
279 2501 286 2545 :
307 2487 383 2546 sunt
401 2480 489 2547 eninr
504 2481 558 2547 vel
573 2480 809 2565 protonotarii,
831 2481 884 2546 vel
911 2481 1110 2564 simpliciter
1125 2479 1229 2550 notarii

115 2594 293 2679 apostolici.
325 2597 374 2660 De
398 2603 538 2682 utroque
562 2595 667 2680 gradu
694 2594 826 2662 dicetur
850 2597 885 2660 in
913 2603 1063 2664 tractatu
1083 2602 1122 2664 de
1147 2603 1227 2664 Gonu

115 2730 252 2775 romanu.

161 2827 215 2892 IV.
233 2827 358 2913 Iterum
375 2828 592 2894 Protouoturii
614 2828 666 2894 ulii
686 2833 762 2893 sunt
775 2831 813 2893 de
823 2850 946 2894 numero
970 2838 1224 2916 participantium,

115 2941 168 3009 ulii
182 2961 286 3008 secus.
305 2943 383 3025 Quae
399 2941 563 3008 distinctio
584 2962 643 3008 suo
657 2945 782 3028 pariter
798 2946 872 3011 loco
883 2947 917 3010 in
936 2946 1030 3012 dioto
1045 2954 1185 3015 tractatu
1197 2947 1226 3010 il·

115 3056 318 3125 lustrabitur.

635 3337 651 3408 i
675 3333 733 3396 ΠΙ.

325 3567 360 3612 Au
388 3565 492 3613 Attuarii
519 3574 542 3613 et
559 3567 698 3616 Concellarii
717 3568 778 3617 idern
804 3571 851 3619 sint
876 3585 903 3620 ae
922 3574 1023 3625 Notarii.

162 3811 194 3871 l⁰
212 3807 323 3874 Solent
338 3811 488 3893 passima
504 3815 676 3882 canonistis
688 3833 749 3899 pro
767 3821 956 3904 synonymis
968 3823 1223 3896 adbiberiuctus·

115 3925 156 3989 rii
169 3932 202 3990 et
216 3926 400 3991 cancellarii
413 3927 582 3996 vocabula.

157 4044 192 4105 2⁰
222 4043 382 4108 Itemt
329 4051 382 4108 uct
384 4046 490 4111 uarios
513 4066 588 4113 oum
616 4053 748 4118 notoriis
772 4054 1004 4129 confundunt:
1036 4064 1221 4131 «Dicuntur

115 4174 277 4242 «quoque
292 4160 408 4225 notorii
425 4169 566 4244 actuarii,
590 4184 651 4231 seu
664 4169 809 4252 magistri
824 4180 991 4257 uotorum,
1006 4196 1062 4248 ex
1083 4201 1124 4248 eo
1145 4177 1219 4268 quod

115 4277 223 4336 «uota
204 4248 409 4357 ajudioruliu
438 4286 473 4343 et
500 4295 688 4361 processum
717 4287 893 4355 conficiunt
920 4300 955 4358 et
992 4299 1216 4383 consignant.»

115 4385 314 4472 (Leurenius
331 4396 440 4456 Forum
454 4398 569 4478 eccles„
589 4399 623 4463 in
644 4402 778 4471 titulum
797 4408 851 4486 22,
868 4408 944 4477 libri
964 4412 1214 4495 tdecretaliun,
