2714 4980
200 304 264 367 eit
544 315 732 364 anserinus
755 319 800 364 ns
821 316 969 364 runicus.

198 442 256 508 sed
275 441 413 508 civiliter
428 437 599 504 dumtaxat
621 447 748 522 agatur.
768 438 862 528 (Vide
885 438 1097 514 Leureninm,
1112 435 1186 501 loco
1209 436 1304 511 citato,

197 579 230 644 q.
252 555 341 642 186.)
358 555 435 622 Mihi
448 563 557 621 tamen
572 553 644 620 duae
659 556 785 639 priores
799 556 1008 638 exceptiones
1025 572 1095 619 non
1113 553 1192 618 satis
1209 549 1308 617 viden·

195 684 251 743 tur
264 676 420 755 fundatae,
440 695 514 741 cnm
527 676 625 741 toties
638 677 735 741 citata
752 676 925 742 decretalis
938 679 1022 738 Licet
1040 675 1090 762 (de
1106 675 1214 754 Officio
1236 677 1309 736 Viae

197 801 256 874 rii,
280 794 314 857 in
335 790 381 877 6),
410 810 562 876 expresse
583 791 756 875 prohibeat
778 812 819 857 ne
842 792 989 858 vicarius
1013 791 1179 874 generalis
1200 789 1308 874 absque

196 911 327 994 speciali
344 907 497 973 mandato
516 908 671 991 Episcopi
684 914 819 989 inquiret
834 911 872 972 de
884 911 1055 989 ntiquonnm
1070 909 1253 970 messana.

239 1027 391 1108 Qnmsrlo
413 1027 479 1091 28⁸.
503 1061 550 1072 —
570 1028 618 1088 An
624 1031 723 1106 possit
732 1026 841 1106 absque
850 1027 973 1106 speciali
990 1027 1141 1087 mandato
1153 1041 1311 1105 capnoscere

123 1194 135 1217 ,
194 1164 299 1207 consen
316 1145 440 1206 civiles?
463 1177 510 1188 -
530 1139 806 1224 Respondendum
828 1140 1032 1216 affirmative,
1059 1158 1172 1225 neque
1191 1139 1259 1205 ulla
1276 1137 1309 1204 de

194 1259 255 1325 hoc
270 1267 421 1324 movetur
436 1256 617 1322 difficultas.
639 1257 733 1345 (Vide
759 1257 970 1336 Lenrenium,
996 1257 1070 1324 loco
1088 1258 1161 1335 cit,
1180 1275 1214 1340 q.
1234 1254 1308 1340 tas.)

193 1377 234 1443 Et
246 1395 308 1461 per
324 1394 435 1440 causas
453 1375 564 1440 civiles
577 1375 803 1458 intelliguntur
816 1376 997 1458 generatim
1018 1393 1136 1440 omnes
1149 1391 1255 1440 causae
1267 1392 1311 1440 ec

193 1492 390 1570 clesiasticae,
411 1508 482 1575 quae
495 1490 680 1555 criminales
691 1510 756 1555 non
774 1496 860 1555 sunt.

236 1609 389 1690 Qnmsmo
411 1609 478 1674 29⁸.
503 1644 549 1656 -
571 1611 650 1672 Nem
663 1613 763 1689 possit
777 1625 948 1688 capnoscere
961 1608 999 1669 de
1016 1607 1186 1669 validitate
1205 1609 1312 1688 dispen-

193 1731 319 1789 sationis
338 1725 473 1805 inctaenb
487 1726 654 1805 Episcopo?
665 1759 711 1771 -
722 1720 954 1806 Respondetur
967 1722 1136 1805 negative.
1152 1723 1228 1787 Non
1240 1724 1312 1788 enim

191 1847 300 1924 potest
313 1839 450 1905 inferior
466 1837 626 1923 impedire
640 1845 836 1922 potestatem
854 1817 1033 1921 superioris
1047 1836 1156 1924 (juxta
1177 1838 1312 1905 Glemen

192 1959 291 2022 tinam
305 1979 343 2021 ne
353 1962 452 2035 lione,
471 1959 508 2020 cie
522 1954 645 2040 Eteri).
663 1957 704 2020 Et
718 1954 805 2021 idem
821 1956 897 2021 satis
912 1961 1004 2038 patet
1018 1974 1059 2020 ex
1073 1954 1152 2040 jure
1169 1957 1310 2021 naturali.

234 2074 385 2154 Qumsrlo
408 2075 474 2138 30⁸.
492 2110 537 2120 -
549 2076 597 2136 An
609 2078 704 2154 possit
718 2075 827 2154 absque
844 2075 968 2154 speciali
984 2075 1133 2136 mandato
1151 2089 1313 2154 coqnosoere

191 2194 228 2254 de
244 2192 413 2271 obreptione
422 2191 470 2251 nel
481 2191 668 2270 subreptione
682 2191 917 2270 dispensationis
934 2195 988 2251 ont
1005 2194 1119 2270 proiice
1130 2188 1313 2267 Pontifieic?

190 2342 236 2354 -
252 2303 530 2389 Respondendum
551 2305 720 2388 negative,
747 2304 822 2387 qnia
845 2301 880 2367 id
901 2304 1016 2387 nequit
1038 2304 1111 2386 ipse
1142 2304 1313 2387 Episcopus

192 2421 234 2488 de
261 2421 335 2506 jure
361 2421 536 2499 ordinario,
559 2419 618 2486 sed
640 2418 810 2485 dumtaxat
832 2426 986 2504 tanquam
1011 2417 1106 2485 Sedis
1130 2419 1312 2504 apostolice

192 2537 373 2622 delegatus,
398 2537 492 2623 juxta
514 2537 757 2621 dispositionem
777 2534 975 2602 Tridentinae
996 2535 1118 2620 synodi
1147 2538 1239 2625 (sess.
1267 2537 1311 2612 li,

192 2676 223 2723 c.
242 2654 286 2740 5).

234 2773 386 2853 Quinsrro
408 2773 476 2835 31³.
502 2807 547 2817 -
570 2773 721 2849 (incanam
743 2771 972 2850 inteiiipendnnn
988 2775 1030 2832 sit
1051 2790 1115 2834 non
1128 2791 1224 2852 posse
1240 2775 1314 2836 Vien-

191 2895 271 2952 riinn
283 2889 461 2969 qenerniem,
477 2888 585 2967 obsqne
605 2888 729 2968 speciali
751 2889 896 2966 inanitate
916 2889 1070 2967 Episcopi,
1088 2888 1152 2949 sibi
1170 2891 1246 2952 dare
1257 2889 1313 2950 aab

193 3007 358 3068 siitntnnni
383 3038 429 3050 -
461 3004 491 3065 l.
522 3003 593 3066 Non
614 3019 708 3084 posse
733 3001 896 3066 vicarium
919 3000 1110 3084 generalem
1135 3003 1202 3068 sibi
1229 3003 1313 3068 aliun

193 3119 325 3202 proprie
345 3117 555 3195 substituere,
572 3116 659 3182 idest
674 3135 748 3180 cum
766 3115 882 3182 eadem
898 3116 1027 3182 omnino
1042 3125 1217 3200 potestate
1230 3135 1313 3204 quarn

194 3235 263 3318 ipse
279 3233 390 3312 hahet,
409 3241 502 3298 extra
519 3233 775 3299 controversiam
797 3239 848 3297 est
872 3229 961 3314 apud
981 3229 1162 3319 doctores3
1188 3235 1245 3320 qui
1265 3233 1312 3298 lne

194 3350 358 3434 praecipue
372 3350 498 3415 ratione
515 3349 686 3413 nituntur:
708 3371 723 3408 a
740 3347 865 3426 Nullus
894 3347 1033 3413 inferior
1048 3350 1217 3435 principe,
1237 3350 1311 3416 Vica-

199 3466 313 3530 «rium
325 3466 371 3530 ita
386 3466 585 3532 constituere
609 3471 728 3547 potest,
747 3471 787 3529 ut
801 3471 909 3530 totum
924 3462 1065 3530 officinm
1081 3484 1184 3531 suum
1199 3485 1254 3532 sen
1265 3480 1310 3549 pn

196 3589 379 3647 «testatem
398 3579 593 3645 ordinariam
611 3579 752 3666 (qualem
774 3578 874 3645 habet
897 3579 1046 3645 Viearius
1067 3582 1235 3664 generalis
1251 3577 1309 3662 lipi-

200 3697 330 3783 aesopi)
345 3699 376 3764 ei
392 3698 590 3775 committat,
614 3697 676 3760 nisi
695 3695 731 3761 id
751 3716 770 3762 a
789 3697 875 3780 lege,
897 3705 954 3762 aut
968 3697 1129 3781 principis
1154 3696 1305 3769 beneficio,

197 3841 213 3878 n
230 3817 261 3882 ei
276 3833 465 3880 concessum
480 3813 532 3877 sit.
556 3812 676 3892 Quare,
696 3819 734 3877 ut
748 3811 794 3876 ait
808 3811 961 3897 Layman,
978 3830 1040 3876 neo
1056 3812 1132 3897 ipse
1150 3814 1307 3899 Episcopo

198 3955 215 3994 «
230 3931 369 3997 officinm
390 3949 486 3996 suurn
508 3928 708 4005 ordinarium
730 3929 827 3994 alteri
849 3929 1054 3994 committere
1075 3924 1201 4012 posset,
1218 3920 1306 3995 nisiid

187 4057 214 4112 'a
227 4051 259 4114 ei
276 4049 383 4132 alege
404 4053 488 4113 esset
512 4065 710 4113 concessum.
732 4071 746 4107 a
766 4046 966 4133 (Leurenius,
988 4048 1028 4110 de
1048 4050 1185 4112 Vienniis
1204 4050 1302 4129 apin,

197 4185 268 4249 cap.
285 4168 317 4243 3,
334 4182 368 4249 q.
390 4161 479 4249 198.)
1206 4185 1209 4189 ⁴
1351 4164 1353 4269 l

241 4284 272 4346 2.
298 4282 330 4345 Si
343 4289 453 4346 tamen
465 4282 648 4364 specialiter
664 4280 866 4348 concedatur
888 4279 1017 4345 vicario
1032 4282 1194 4364 generali,
1211 4287 1245 4346 ut
1256 4273 1303 4342 nli
1351 4282 1353 4321 ¹

194 4396 371 4467 substituat
383 4396 533 4480 aliquem,
551 4381 585 4462 et
604 4396 762 4463 decernat
777 4395 872 4461 simul
888 4396 1079 4480 Episcopus,
1097 4405 1138 4464 ut
1151 4397 1222 4463 talis
1240 4390 1302 4460 sub
1351 4470 1353 4479 Ι
