<?xml version="1.0" encoding="UTF-8"?>
<!DOCTYPE html PUBLIC "-//W3C//DTD XHTML 1.0 Transitional//EN"
    "http://www.w3.org/TR/xhtml1/DTD/xhtml1-transitional.dtd">
<html xmlns="http://www.w3.org/1999/xhtml" xml:lang="en" lang="en">
 <head>
  <title>
</title>
<meta http-equiv="Content-Type" content="text/html;charset=utf-8" />
  <meta name='ocr-system' content='tesseract 3.04.00' />
  <meta name='ocr-capabilities' content='ocr_page ocr_carea ocr_par ocr_line ocrx_word'/>
</head>
<body>
  <div class='ocr_page' id='page_1' title='image "./tractatusdejudi00bouigoog_0494.png"; bbox 0 0 2714 4980; ppageno 0'>
   <div class='ocr_carea' id='block_1_1' title="bbox 490 286 1181 349">
    <p class='ocr_par' dir='ltr' id='par_1_1' title="bbox 490 286 1181 349">
     <span class='ocr_line' id='line_1_1' title="bbox 490 286 1181 349; baseline 0 -3"><span class='ocrx_word' id='word_1_1' title='bbox 490 300 570 348; x_wconf 74' lang='lat' dir='ltr'>rius</span> <span class='ocrx_word' id='word_1_2' title='bbox 591 300 750 346; x_wconf 73' lang='lat' dir='ltr'>securos.</span> <span class='ocrx_word' id='word_1_3' title='bbox 1121 286 1181 349; x_wconf 80' lang='lat'>481</span> 
     </span>
    </p>
   </div>
   <div class='ocr_carea' id='block_1_2' title="bbox 55 423 1195 4202">
    <p class='ocr_par' dir='ltr' id='par_1_2' title="bbox 64 423 1183 625">
     <span class='ocr_line' id='line_1_2' title="bbox 66 423 1183 509; baseline -0.001 -17"><span class='ocrx_word' id='word_1_4' title='bbox 66 445 100 509; x_wconf 91' lang='lat' dir='ltr'>q.</span> <span class='ocrx_word' id='word_1_5' title='bbox 111 424 205 509; x_wconf 84' lang='lat'>687.)</span> <span class='ocrx_word' id='word_1_6' title='bbox 219 425 309 491; x_wconf 83' lang='lat' dir='ltr'>Idem</span> <span class='ocrx_word' id='word_1_7' title='bbox 326 423 426 489; x_wconf 80' lang='lat' dir='ltr'>tradit</span> <span class='ocrx_word' id='word_1_8' title='bbox 438 423 615 489; x_wconf 86' lang='lat' dir='ltr'>Cardinalis</span> <span class='ocrx_word' id='word_1_9' title='bbox 627 423 668 490; x_wconf 91' lang='lat' dir='ltr'>de</span> <span class='ocrx_word' id='word_1_10' title='bbox 680 425 768 488; x_wconf 81' lang='lat' dir='ltr'>Luca</span> <span class='ocrx_word' id='word_1_11' title='bbox 782 424 978 509; x_wconf 71' lang='lat' dir='ltr'>(deluat-ictis,</span> <span class='ocrx_word' id='word_1_12' title='bbox 993 423 1142 491; x_wconf 82' lang='lat' dir='ltr'>discursu</span> <span class='ocrx_word' id='word_1_13' title='bbox 1153 429 1183 502; x_wconf 85' lang='lat'>5,</span> 
     </span>
     <span class='ocr_line' id='line_1_3' title="bbox 64 540 1183 625; baseline 0.001 -21"><span class='ocrx_word' id='word_1_14' title='bbox 64 562 100 605; x_wconf 81' lang='lat' dir='ltr'>n.</span> <span class='ocrx_word' id='word_1_15' title='bbox 127 540 172 625; x_wconf 84' lang='grc'>1.)</span> <span class='ocrx_word' id='word_1_16' title='bbox 1176 550 1183 563; x_wconf 87' lang='grc'><em>’</em></span> 
     </span>
    </p>

    <p class='ocr_par' dir='ltr' id='par_1_3' title="bbox 55 654 1195 2227">
     <span class='ocr_line' id='line_1_4' title="bbox 112 654 1185 738; baseline -0.002 -16"><span class='ocrx_word' id='word_1_17' title='bbox 112 661 148 722; x_wconf 84' lang='grc' dir='ltr'>3ο</span> <span class='ocrx_word' id='word_1_18' title='bbox 174 655 402 722; x_wconf 83' lang='lat' dir='ltr'>Abstrahendo</span> <span class='ocrx_word' id='word_1_19' title='bbox 422 654 704 738; x_wconf 88' lang='lat' dir='ltr'>apartieularibus</span> <span class='ocrx_word' id='word_1_20' title='bbox 723 655 869 719; x_wconf 81' lang='lat' dir='ltr'>locorum</span> <span class='ocrx_word' id='word_1_21' title='bbox 893 655 1185 721; x_wconf 80' lang='lat' dir='ltr'>consuetudinibus</span> 
     </span>
     <span class='ocr_line' id='line_1_5' title="bbox 65 769 1190 852; baseline 0 -16"><span class='ocrx_word' id='word_1_22' title='bbox 65 773 155 837; x_wconf 86' lang='lat' dir='ltr'>cirea</span> <span class='ocrx_word' id='word_1_23' title='bbox 173 771 309 837; x_wconf 92' lang='lat' dir='ltr'>modum</span> <span class='ocrx_word' id='word_1_24' title='bbox 328 772 396 836; x_wconf 74' lang='lat' dir='ltr'>hare</span> <span class='ocrx_word' id='word_1_25' title='bbox 412 770 570 835; x_wconf 80' lang='lat' dir='ltr'>voeabula</span> <span class='ocrx_word' id='word_1_26' title='bbox 590 769 847 852; x_wconf 89' lang='lat' dir='ltr'>interpretandi,</span> <span class='ocrx_word' id='word_1_27' title='bbox 866 770 1037 835; x_wconf 79' lang='lat' dir='ltr'>videretur</span> <span class='ocrx_word' id='word_1_28' title='bbox 1047 772 1190 836; x_wconf 89' lang='lat' dir='ltr'>notarios</span> 
     </span>
     <span class='ocr_line' id='line_1_6' title="bbox 62 884 1190 968; baseline -0.001 -17"><span class='ocrx_word' id='word_1_29' title='bbox 62 889 154 952; x_wconf 92' lang='lat' dir='ltr'>inter</span> <span class='ocrx_word' id='word_1_30' title='bbox 168 896 203 952; x_wconf 90' lang='lat' dir='ltr'>et</span> <span class='ocrx_word' id='word_1_31' title='bbox 220 887 383 953; x_wconf 85' lang='lat' dir='ltr'>actuarios</span> <span class='ocrx_word' id='word_1_32' title='bbox 394 906 452 951; x_wconf 92' lang='lat' dir='ltr'>seu</span> <span class='ocrx_word' id='word_1_33' title='bbox 466 885 692 961; x_wconf 78' lang='lat' dir='ltr'>cancellari0S‚</span> <span class='ocrx_word' id='word_1_34' title='bbox 709 884 860 950; x_wconf 87' lang='lat' dir='ltr'>eamdem</span> <span class='ocrx_word' id='word_1_35' title='bbox 880 905 918 949; x_wconf 82' lang='lat' dir='ltr'>aa</span> <span class='ocrx_word' id='word_1_36' title='bbox 936 905 1039 968; x_wconf 84' lang='lat' dir='ltr'>genus</span> <span class='ocrx_word' id='word_1_37' title='bbox 1055 887 1142 950; x_wconf 91' lang='lat' dir='ltr'>inter</span> <span class='ocrx_word' id='word_1_38' title='bbox 1154 892 1190 951; x_wconf 88' lang='lat' dir='ltr'>et</span> 
     </span>
     <span class='ocr_line' id='line_1_7' title="bbox 62 1000 1188 1087; baseline -0.001 -19"><span class='ocrx_word' id='word_1_39' title='bbox 62 1004 195 1087; x_wconf 86' lang='lat' dir='ltr'>species</span> <span class='ocrx_word' id='word_1_40' title='bbox 218 1023 293 1068; x_wconf 90' lang='lat' dir='ltr'>suas</span> <span class='ocrx_word' id='word_1_41' title='bbox 309 1002 527 1067; x_wconf 78' lang='lat' dir='ltr'>differentiam</span> <span class='ocrx_word' id='word_1_42' title='bbox 550 1000 769 1066; x_wconf 85' lang='lat' dir='ltr'>intercedere.</span> <span class='ocrx_word' id='word_1_43' title='bbox 788 1003 868 1066; x_wconf 88' lang='lat' dir='ltr'>Nam</span> <span class='ocrx_word' id='word_1_44' title='bbox 890 1021 931 1066; x_wconf 81' lang='lat' dir='ltr'>ex</span> <span class='ocrx_word' id='word_1_45' title='bbox 945 1021 1008 1067; x_wconf 89' lang='lat' dir='ltr'>usu</span> <span class='ocrx_word' id='word_1_46' title='bbox 1032 1002 1188 1086; x_wconf 88' lang='lat' dir='ltr'>loquendi</span> 
     </span>
     <span class='ocr_line' id='line_1_8' title="bbox 64 1115 1191 1203; baseline 0 -20"><span class='ocrx_word' id='word_1_47' title='bbox 64 1120 172 1201; x_wconf 84' lang='lat' dir='ltr'>magis</span> <span class='ocrx_word' id='word_1_48' title='bbox 186 1117 349 1183; x_wconf 89' lang='lat' dir='ltr'>ordinario</span> <span class='ocrx_word' id='word_1_49' title='bbox 369 1117 418 1203; x_wconf 85' lang='lat' dir='ltr'>(ut</span> <span class='ocrx_word' id='word_1_50' title='bbox 432 1115 576 1199; x_wconf 77' lang='lat' dir='ltr'>videtur)</span> <span class='ocrx_word' id='word_1_51' title='bbox 590 1118 725 1181; x_wconf 86' lang='lat' dir='ltr'>actuarii</span> <span class='ocrx_word' id='word_1_52' title='bbox 736 1115 906 1194; x_wconf 85' lang='lat' dir='ltr'>vocabulo,</span> <span class='ocrx_word' id='word_1_53' title='bbox 924 1137 989 1182; x_wconf 92' lang='lat' dir='ltr'>non</span> <span class='ocrx_word' id='word_1_54' title='bbox 1003 1125 1132 1182; x_wconf 90' lang='lat' dir='ltr'>tantum</span> <span class='ocrx_word' id='word_1_55' title='bbox 1142 1118 1191 1183; x_wconf 90' lang='lat' dir='ltr'>in·</span> 
     </span>
     <span class='ocr_line' id='line_1_9' title="bbox 62 1231 1187 1318; baseline 0 -20"><span class='ocrx_word' id='word_1_56' title='bbox 62 1236 226 1318; x_wconf 78' lang='lat' dir='ltr'>telligitur</span> <span class='ocrx_word' id='word_1_57' title='bbox 236 1235 292 1318; x_wconf 93' lang='lat' dir='ltr'>qui</span> <span class='ocrx_word' id='word_1_58' title='bbox 302 1240 413 1316; x_wconf 88' lang='lat' dir='ltr'>potest</span> <span class='ocrx_word' id='word_1_59' title='bbox 427 1240 500 1297; x_wconf 86' lang='lat' dir='ltr'>aeta</span> <span class='ocrx_word' id='word_1_60' title='bbox 516 1231 660 1297; x_wconf 88' lang='lat' dir='ltr'>scribere</span> <span class='ocrx_word' id='word_1_61' title='bbox 672 1251 743 1316; x_wconf 86' lang='lat' dir='ltr'>quae</span> <span class='ocrx_word' id='word_1_62' title='bbox 759 1231 860 1297; x_wconf 89' lang='lat' dir='ltr'>fidem</span> <span class='ocrx_word' id='word_1_63' title='bbox 876 1232 1038 1315; x_wconf 77' lang='lat' dir='ltr'>publicam</span> <span class='ocrx_word' id='word_1_64' title='bbox 1054 1233 1187 1312; x_wconf 83' lang='lat' dir='ltr'>faciant,</span> 
     </span>
     <span class='ocr_line' id='line_1_10' title="bbox 63 1348 1192 1434; baseline -0.002 -18"><span class='ocrx_word' id='word_1_65' title='bbox 63 1351 128 1417; x_wconf 91' lang='lat' dir='ltr'>sed</span> <span class='ocrx_word' id='word_1_66' title='bbox 139 1351 274 1434; x_wconf 90' lang='lat' dir='ltr'>insuper</span> <span class='ocrx_word' id='word_1_67' title='bbox 287 1351 344 1433; x_wconf 84' lang='lat' dir='ltr'>qui</span> <span class='ocrx_word' id='word_1_68' title='bbox 359 1352 396 1412; x_wconf 85' lang='lat' dir='ltr'>de</span> <span class='ocrx_word' id='word_1_69' title='bbox 414 1353 494 1429; x_wconf 81' lang='lat' dir='ltr'>sueto</span> <span class='ocrx_word' id='word_1_70' title='bbox 509 1352 672 1430; x_wconf 82' lang='lat' dir='ltr'>deputatus</span> <span class='ocrx_word' id='word_1_71' title='bbox 692 1353 753 1430; x_wconf 77' lang='lat' dir='ltr'>fuit</span> <span class='ocrx_word' id='word_1_72' title='bbox 780 1348 822 1414; x_wconf 89' lang='lat' dir='ltr'>ad</span> <span class='ocrx_word' id='word_1_73' title='bbox 844 1349 1078 1414; x_wconf 81' lang='lat' dir='ltr'>conscribenda</span> <span class='ocrx_word' id='word_1_74' title='bbox 1106 1348 1192 1433; x_wconf 82' lang='lat' dir='ltr'>ejus-</span> 
     </span>
     <span class='ocr_line' id='line_1_11' title="bbox 63 1464 1195 1553; baseline -0.005 -20"><span class='ocrx_word' id='word_1_75' title='bbox 63 1466 158 1534; x_wconf 87' lang='lat' dir='ltr'>modi</span> <span class='ocrx_word' id='word_1_76' title='bbox 185 1472 259 1532; x_wconf 84' lang='lat' dir='ltr'>aeta</span> <span class='ocrx_word' id='word_1_77' title='bbox 282 1466 317 1531; x_wconf 94' lang='lat' dir='ltr'>iu</span> <span class='ocrx_word' id='word_1_78' title='bbox 336 1465 444 1548; x_wconf 90' lang='lat' dir='ltr'>aliqua</span> <span class='ocrx_word' id='word_1_79' title='bbox 463 1465 552 1528; x_wconf 84' lang='lat' dir='ltr'>curia</span> <span class='ocrx_word' id='word_1_80' title='bbox 582 1472 640 1528; x_wconf 88' lang='lat' dir='ltr'>aut</span> <span class='ocrx_word' id='word_1_81' title='bbox 668 1465 871 1553; x_wconf 83' lang='lat' dir='ltr'>cancellaria.</span> <span class='ocrx_word' id='word_1_82' title='bbox 900 1466 963 1545; x_wconf 86' lang='lat' dir='ltr'>Qui</span> <span class='ocrx_word' id='word_1_83' title='bbox 995 1471 1104 1529; x_wconf 89' lang='lat' dir='ltr'>autem</span> <span class='ocrx_word' id='word_1_84' title='bbox 1128 1464 1195 1528; x_wconf 85' lang='lat' dir='ltr'>luit</span> 
     </span>
     <span class='ocr_line' id='line_1_12' title="bbox 62 1579 1195 1657; baseline -0.004 -8"><span class='ocrx_word' id='word_1_85' title='bbox 62 1583 239 1649; x_wconf 74' lang='lat' dir='ltr'>dumtaxat</span> <span class='ocrx_word' id='word_1_86' title='bbox 265 1589 396 1647; x_wconf 88' lang='lat' dir='ltr'>creatus</span> <span class='ocrx_word' id='word_1_87' title='bbox 424 1582 579 1657; x_wconf 89' lang='lat' dir='ltr'>notarius,</span> <span class='ocrx_word' id='word_1_88' title='bbox 607 1579 667 1645; x_wconf 88' lang='lat' dir='ltr'>sed</span> <span class='ocrx_word' id='word_1_89' title='bbox 691 1579 837 1645; x_wconf 92' lang='lat' dir='ltr'>nondum</span> <span class='ocrx_word' id='word_1_90' title='bbox 855 1580 898 1646; x_wconf 92' lang='lat' dir='ltr'>ad</span> <span class='ocrx_word' id='word_1_91' title='bbox 920 1580 1143 1647; x_wconf 82' lang='lat' dir='ltr'>exercendum</span> <span class='ocrx_word' id='word_1_92' title='bbox 1159 1581 1195 1645; x_wconf 86' lang='lat' dir='ltr'>iu</span> 
     </span>
     <span class='ocr_line' id='line_1_13' title="bbox 60 1695 1192 1783; baseline -0.002 -20"><span class='ocrx_word' id='word_1_93' title='bbox 60 1700 174 1783; x_wconf 88' lang='lat' dir='ltr'>aliqua</span> <span class='ocrx_word' id='word_1_94' title='bbox 194 1699 283 1763; x_wconf 83' lang='lat' dir='ltr'>curia</span> <span class='ocrx_word' id='word_1_95' title='bbox 310 1706 366 1762; x_wconf 89' lang='lat' dir='ltr'>aut</span> <span class='ocrx_word' id='word_1_96' title='bbox 381 1697 575 1761; x_wconf 82' lang='lat' dir='ltr'>cancellaria</span> <span class='ocrx_word' id='word_1_97' title='bbox 600 1695 738 1761; x_wconf 81' lang='lat' dir='ltr'>officium</span> <span class='ocrx_word' id='word_1_98' title='bbox 758 1715 854 1761; x_wconf 92' lang='lat' dir='ltr'>suum</span> <span class='ocrx_word' id='word_1_99' title='bbox 873 1697 1063 1780; x_wconf 86' lang='lat' dir='ltr'>deputatus,</span> <span class='ocrx_word' id='word_1_100' title='bbox 1082 1705 1192 1762; x_wconf 85' lang='lat' dir='ltr'>servat</span> 
     </span>
     <span class='ocr_line' id='line_1_14' title="bbox 60 1813 1193 1897; baseline 0 -18"><span class='ocrx_word' id='word_1_101' title='bbox 60 1816 182 1882; x_wconf 91' lang='lat' dir='ltr'>notarii</span> <span class='ocrx_word' id='word_1_102' title='bbox 196 1833 331 1897; x_wconf 82' lang='lat' dir='ltr'>nomen3</span> <span class='ocrx_word' id='word_1_103' title='bbox 348 1833 413 1879; x_wconf 93' lang='lat' dir='ltr'>non</span> <span class='ocrx_word' id='word_1_104' title='bbox 429 1821 551 1890; x_wconf 91' lang='lat' dir='ltr'>autem,</span> <span class='ocrx_word' id='word_1_105' title='bbox 572 1813 665 1897; x_wconf 80' lang='lat' dir='ltr'>juata</span> <span class='ocrx_word' id='word_1_106' title='bbox 680 1814 779 1896; x_wconf 83' lang='lat' dir='ltr'>magis</span> <span class='ocrx_word' id='word_1_107' title='bbox 792 1821 962 1896; x_wconf 88' lang='lat' dir='ltr'>receptum</span> <span class='ocrx_word' id='word_1_108' title='bbox 977 1832 1082 1892; x_wconf 85' lang='lat' dir='ltr'>usum,</span> <span class='ocrx_word' id='word_1_109' title='bbox 1097 1813 1193 1879; x_wconf 74' lang='lat' dir='ltr'>roua·</span> 
     </span>
     <span class='ocr_line' id='line_1_15' title="bbox 66 1927 1192 2011; baseline -0.001 -17"><span class='ocrx_word' id='word_1_110' title='bbox 66 1937 126 1994; x_wconf 88' lang='lat' dir='ltr'>tur</span> <span class='ocrx_word' id='word_1_111' title='bbox 149 1929 313 1994; x_wconf 82' lang='lat' dir='ltr'>actuarius</span> <span class='ocrx_word' id='word_1_112' title='bbox 337 1947 399 1992; x_wconf 88' lang='lat' dir='ltr'>nec</span> <span class='ocrx_word' id='word_1_113' title='bbox 421 1928 651 2010; x_wconf 77' lang='lat' dir='ltr'>cancellarius3</span> <span class='ocrx_word' id='word_1_114' title='bbox 672 1947 714 1991; x_wconf 90' lang='lat' dir='ltr'>ne</span> <span class='ocrx_word' id='word_1_115' title='bbox 739 1947 813 1992; x_wconf 86' lang='lat' dir='ltr'>cum</span> <span class='ocrx_word' id='word_1_116' title='bbox 828 1928 943 2005; x_wconf 90' lang='lat' dir='ltr'>altero,</span> <span class='ocrx_word' id='word_1_117' title='bbox 961 1930 1017 2011; x_wconf 89' lang='lat' dir='ltr'>qui</span> <span class='ocrx_word' id='word_1_118' title='bbox 1042 1927 1084 1993; x_wconf 92' lang='lat' dir='ltr'>de</span> <span class='ocrx_word' id='word_1_119' title='bbox 1103 1929 1192 1994; x_wconf 85' lang='lat' dir='ltr'>lacto</span> 
     </span>
     <span class='ocr_line' id='line_1_16' title="bbox 65 2042 1188 2128; baseline -0.001 -18"><span class='ocrx_word' id='word_1_120' title='bbox 65 2044 250 2128; x_wconf 87' lang='lat' dir='ltr'>deputatus</span> <span class='ocrx_word' id='word_1_121' title='bbox 274 2050 372 2127; x_wconf 90' lang='lat' dir='ltr'>atque</span> <span class='ocrx_word' id='word_1_122' title='bbox 400 2044 497 2107; x_wconf 81' lang='lat' dir='ltr'>auriae</span> <span class='ocrx_word' id='word_1_123' title='bbox 519 2043 614 2108; x_wconf 85' lang='lat' dir='ltr'>alicui</span> <span class='ocrx_word' id='word_1_124' title='bbox 641 2043 696 2109; x_wconf 85' lang='lat' dir='ltr'>vel</span> <span class='ocrx_word' id='word_1_125' title='bbox 721 2043 919 2108; x_wconf 80' lang='lat' dir='ltr'>cancellariae</span> <span class='ocrx_word' id='word_1_126' title='bbox 941 2042 1092 2109; x_wconf 83' lang='lat' dir='ltr'>addictus</span> <span class='ocrx_word' id='word_1_127' title='bbox 1114 2044 1188 2125; x_wconf 86' lang='lat' dir='ltr'>fuit,</span> 
     </span>
     <span class='ocr_line' id='line_1_17' title="bbox 55 2158 304 2227; baseline -0.012 -1"><span class='ocrx_word' id='word_1_128' title='bbox 55 2158 304 2227; x_wconf 80' lang='lat' dir='ltr'>eonfundatur.</span> 
     </span>
    </p>

    <p class='ocr_par' dir='ltr' id='par_1_4' title="bbox 58 2271 1191 3174">
     <span class='ocr_line' id='line_1_18' title="bbox 109 2271 1190 2358; baseline 0 -16"><span class='ocrx_word' id='word_1_129' title='bbox 109 2278 150 2342; x_wconf 88' lang='lat' dir='ltr'>In</span> <span class='ocrx_word' id='word_1_130' title='bbox 163 2275 227 2340; x_wconf 85' lang='lat' dir='ltr'>hoo</span> <span class='ocrx_word' id='word_1_131' title='bbox 244 2293 344 2357; x_wconf 89' lang='lat' dir='ltr'>porro</span> <span class='ocrx_word' id='word_1_132' title='bbox 354 2293 451 2339; x_wconf 90' lang='lat' dir='ltr'>sensu</span> <span class='ocrx_word' id='word_1_133' title='bbox 464 2273 602 2358; x_wconf 89' lang='lat' dir='ltr'>quilibet</span> <span class='ocrx_word' id='word_1_134' title='bbox 618 2271 782 2354; x_wconf 88' lang='lat' dir='ltr'>legitimus</span> <span class='ocrx_word' id='word_1_135' title='bbox 799 2275 963 2339; x_wconf 88' lang='lat' dir='ltr'>actuarius</span> <span class='ocrx_word' id='word_1_136' title='bbox 978 2283 1011 2340; x_wconf 86' lang='lat' dir='ltr'>et</span> <span class='ocrx_word' id='word_1_137' title='bbox 1029 2276 1190 2342; x_wconf 85' lang='lat' dir='ltr'>cancella·</span> 
     </span>
     <span class='ocr_line' id='line_1_19' title="bbox 62 2388 1191 2476; baseline 0.001 -19"><span class='ocrx_word' id='word_1_138' title='bbox 62 2395 134 2458; x_wconf 87' lang='lat' dir='ltr'>rina</span> <span class='ocrx_word' id='word_1_139' title='bbox 149 2400 202 2456; x_wconf 91' lang='lat' dir='ltr'>est</span> <span class='ocrx_word' id='word_1_140' title='bbox 215 2392 313 2456; x_wconf 85' lang='lat' dir='ltr'>simul</span> <span class='ocrx_word' id='word_1_141' title='bbox 334 2398 368 2455; x_wconf 90' lang='lat' dir='ltr'>et</span> <span class='ocrx_word' id='word_1_142' title='bbox 383 2390 444 2455; x_wconf 84' lang='lat' dir='ltr'>hoe</span> <span class='ocrx_word' id='word_1_143' title='bbox 458 2391 530 2471; x_wconf 91' lang='lat' dir='ltr'>ipso</span> <span class='ocrx_word' id='word_1_144' title='bbox 548 2390 711 2471; x_wconf 87' lang='lat' dir='ltr'>notarius;</span> <span class='ocrx_word' id='word_1_145' title='bbox 736 2388 895 2473; x_wconf 84' lang='lat' dir='ltr'>siquidem</span> <span class='ocrx_word' id='word_1_146' title='bbox 906 2398 978 2455; x_wconf 86' lang='lat' dir='ltr'>acta</span> <span class='ocrx_word' id='word_1_147' title='bbox 1008 2393 1191 2476; x_wconf 79' lang='lat' dir='ltr'>peripsum</span> 
     </span>
     <span class='ocr_line' id='line_1_20' title="bbox 61 2503 1186 2592; baseline 0.002 -18"><span class='ocrx_word' id='word_1_148' title='bbox 61 2511 187 2592; x_wconf 81' lang='lat' dir='ltr'>scripta</span> <span class='ocrx_word' id='word_1_149' title='bbox 211 2506 313 2572; x_wconf 81' lang='lat' dir='ltr'>iidem</span> <span class='ocrx_word' id='word_1_150' title='bbox 334 2507 470 2583; x_wconf 81' lang='lat' dir='ltr'>faciunt,</span> <span class='ocrx_word' id='word_1_151' title='bbox 496 2503 586 2589; x_wconf 91' lang='lat' dir='ltr'>quod</span> <span class='ocrx_word' id='word_1_152' title='bbox 608 2505 787 2568; x_wconf 78' lang='lat' dir='ltr'>notariatus</span> <span class='ocrx_word' id='word_1_153' title='bbox 808 2505 982 2571; x_wconf 88' lang='lat' dir='ltr'>essentiam</span> <span class='ocrx_word' id='word_1_154' title='bbox 1006 2511 1186 2576; x_wconf 85' lang='lat' dir='ltr'>constituit.</span> 
     </span>
     <span class='ocr_line' id='line_1_21' title="bbox 58 2620 1190 2708; baseline 0.002 -17"><span class='ocrx_word' id='word_1_155' title='bbox 58 2624 185 2691; x_wconf 79' lang='lat' dir='ltr'>Atvero</span> <span class='ocrx_word' id='word_1_156' title='bbox 208 2644 273 2689; x_wconf 92' lang='lat' dir='ltr'>non</span> <span class='ocrx_word' id='word_1_157' title='bbox 291 2624 362 2689; x_wconf 85' lang='lat' dir='ltr'>viee</span> <span class='ocrx_word' id='word_1_158' title='bbox 377 2641 474 2686; x_wconf 86' lang='lat' dir='ltr'>versa</span> <span class='ocrx_word' id='word_1_159' title='bbox 492 2620 630 2705; x_wconf 84' lang='lat' dir='ltr'>quilibet</span> <span class='ocrx_word' id='word_1_160' title='bbox 644 2622 789 2684; x_wconf 88' lang='lat' dir='ltr'>notarius</span> <span class='ocrx_word' id='word_1_161' title='bbox 803 2622 877 2686; x_wconf 84' lang='lat' dir='ltr'>&#39;erit</span> <span class='ocrx_word' id='word_1_162' title='bbox 902 2629 959 2686; x_wconf 93' lang='lat' dir='ltr'>aut</span> <span class='ocrx_word' id='word_1_163' title='bbox 984 2623 1050 2689; x_wconf 88' lang='lat' dir='ltr'>dici</span> <span class='ocrx_word' id='word_1_164' title='bbox 1066 2627 1190 2708; x_wconf 90' lang='lat' dir='ltr'>poterit</span> 
     </span>
     <span class='ocr_line' id='line_1_22' title="bbox 60 2736 1188 2826; baseline -0.001 -18"><span class='ocrx_word' id='word_1_165' title='bbox 60 2743 242 2825; x_wconf 83' lang='lat' dir='ltr'>actuarius;</span> <span class='ocrx_word' id='word_1_166' title='bbox 272 2739 431 2826; x_wconf 91' lang='lat' dir='ltr'>siquidem</span> <span class='ocrx_word' id='word_1_167' title='bbox 450 2739 525 2804; x_wconf 89' lang='lat' dir='ltr'>talis</span> <span class='ocrx_word' id='word_1_168' title='bbox 539 2736 722 2802; x_wconf 86' lang='lat' dir='ltr'>censendus</span> <span class='ocrx_word' id='word_1_169' title='bbox 745 2756 811 2801; x_wconf 92' lang='lat' dir='ltr'>nou</span> <span class='ocrx_word' id='word_1_170' title='bbox 836 2745 897 2816; x_wconf 88' lang='lat' dir='ltr'>est,</span> <span class='ocrx_word' id='word_1_171' title='bbox 915 2741 977 2804; x_wconf 91' lang='lat' dir='ltr'>nisi</span> <span class='ocrx_word' id='word_1_172' title='bbox 1000 2760 1041 2805; x_wconf 82' lang='lat' dir='ltr'>ex</span> <span class='ocrx_word' id='word_1_173' title='bbox 1057 2741 1188 2826; x_wconf 76' lang='lat' dir='ltr'>adJecta</span> 
     </span>
     <span class='ocr_line' id='line_1_23' title="bbox 59 2838 1188 2943; baseline 0 -19"><span class='ocrx_word' id='word_1_174' title='bbox 59 2861 123 2943; x_wconf 89' lang='lat' dir='ltr'>ipsi</span> <span class='ocrx_word' id='word_1_175' title='bbox 137 2858 228 2924; x_wconf 86' lang='lat' dir='ltr'>dieta</span> <span class='ocrx_word' id='word_1_176' title='bbox 244 2857 469 2940; x_wconf 86' lang='lat' dir='ltr'>deputatione.</span> <span class='ocrx_word' id='word_1_177' title='bbox 491 2838 576 2937; x_wconf 81' lang='lat' dir='ltr'>Ergo</span> <span class='ocrx_word' id='word_1_178' title='bbox 591 2854 771 2918; x_wconf 87' lang='lat' dir='ltr'>notariatus</span> <span class='ocrx_word' id='word_1_179' title='bbox 787 2853 957 2920; x_wconf 89' lang='lat' dir='ltr'>habendus</span> <span class='ocrx_word' id='word_1_180' title='bbox 969 2865 1019 2921; x_wconf 89' lang='lat' dir='ltr'>est</span> <span class='ocrx_word' id='word_1_181' title='bbox 1033 2864 1188 2942; x_wconf 88' lang='lat' dir='ltr'>tanquam</span> 
     </span>
     <span class='ocr_line' id='line_1_24' title="bbox 60 2969 1187 3060; baseline -0.001 -19"><span class='ocrx_word' id='word_1_182' title='bbox 60 2995 176 3060; x_wconf 85' lang='lat' dir='ltr'>genus,</span> <span class='ocrx_word' id='word_1_183' title='bbox 204 2974 265 3039; x_wconf 92' lang='lat' dir='ltr'>sub</span> <span class='ocrx_word' id='word_1_184' title='bbox 281 2991 347 3057; x_wconf 93' lang='lat' dir='ltr'>quo</span> <span class='ocrx_word' id='word_1_185' title='bbox 366 2972 502 3037; x_wconf 83' lang='lat' dir='ltr'>actuarii</span> <span class='ocrx_word' id='word_1_186' title='bbox 521 2989 580 3035; x_wconf 88' lang='lat' dir='ltr'>seu</span> <span class='ocrx_word' id='word_1_187' title='bbox 607 2969 792 3034; x_wconf 81' lang='lat' dir='ltr'>cancellarii</span> <span class='ocrx_word' id='word_1_188' title='bbox 818 2971 1014 3051; x_wconf 84' lang='lat' dir='ltr'>peculiarem</span> <span class='ocrx_word' id='word_1_189' title='bbox 1045 2975 1187 3040; x_wconf 89' lang='lat' dir='ltr'>notario-</span> 
     </span>
     <span class='ocr_line' id='line_1_25' title="bbox 62 3091 543 3174; baseline -0.021 -15"><span class='ocrx_word' id='word_1_190' title='bbox 62 3113 138 3159; x_wconf 91' lang='lat' dir='ltr'>rum</span> <span class='ocrx_word' id='word_1_191' title='bbox 159 3092 303 3174; x_wconf 85' lang='lat' dir='ltr'>speeiem</span> <span class='ocrx_word' id='word_1_192' title='bbox 328 3091 543 3154; x_wconf 81' lang='lat' dir='ltr'>constituunt.</span> 
     </span>
    </p>

    <p class='ocr_par' dir='ltr' id='par_1_5' title="bbox 59 3199 1186 3622">
     <span class='ocr_line' id='line_1_26' title="bbox 105 3199 1185 3290; baseline -0.002 -17"><span class='ocrx_word' id='word_1_193' title='bbox 105 3207 339 3290; x_wconf 77' lang='lat' dir='ltr'>4⁰1txcogitari</span> <span class='ocrx_word' id='word_1_194' title='bbox 354 3211 465 3287; x_wconf 85' lang='lat' dir='ltr'>posset</span> <span class='ocrx_word' id='word_1_195' title='bbox 481 3211 515 3268; x_wconf 92' lang='lat' dir='ltr'>et</span> <span class='ocrx_word' id='word_1_196' title='bbox 530 3201 620 3267; x_wconf 92' lang='lat' dir='ltr'>aliud</span> <span class='ocrx_word' id='word_1_197' title='bbox 636 3199 809 3266; x_wconf 81' lang='lat' dir='ltr'>discrimen</span> <span class='ocrx_word' id='word_1_198' title='bbox 827 3223 834 3267; x_wconf 93' lang='lat'>:</span> <span class='ocrx_word' id='word_1_199' title='bbox 851 3203 939 3286; x_wconf 91' lang='lat' dir='ltr'>quod</span> <span class='ocrx_word' id='word_1_200' title='bbox 956 3223 1076 3288; x_wconf 90' lang='lat' dir='ltr'>nempe</span> <span class='ocrx_word' id='word_1_201' title='bbox 1097 3215 1185 3271; x_wconf 80' lang='lat' dir='ltr'>uotu-</span> 
     </span>
     <span class='ocr_line' id='line_1_27' title="bbox 59 3315 1186 3406; baseline -0.001 -17"><span class='ocrx_word' id='word_1_202' title='bbox 59 3332 103 3388; x_wconf 79' lang='lat' dir='ltr'>rti</span> <span class='ocrx_word' id='word_1_203' title='bbox 131 3323 373 3389; x_wconf 85' lang='lat' dir='ltr'>constituantur</span> <span class='ocrx_word' id='word_1_204' title='bbox 391 3318 434 3384; x_wconf 92' lang='lat' dir='ltr'>ad</span> <span class='ocrx_word' id='word_1_205' title='bbox 450 3318 551 3384; x_wconf 86' lang='lat' dir='ltr'>fidem</span> <span class='ocrx_word' id='word_1_206' title='bbox 574 3315 757 3380; x_wconf 86' lang='lat' dir='ltr'>faciendam</span> <span class='ocrx_word' id='word_1_207' title='bbox 782 3318 890 3402; x_wconf 87' lang='lat' dir='ltr'>quoad</span> <span class='ocrx_word' id='word_1_208' title='bbox 913 3321 1067 3404; x_wconf 84' lang='lat' dir='ltr'>quaelihet</span> <span class='ocrx_word' id='word_1_209' title='bbox 1090 3342 1186 3406; x_wconf 82' lang='lat' dir='ltr'>gene-</span> 
     </span>
     <span class='ocr_line' id='line_1_28' title="bbox 60 3423 1182 3520; baseline -0.003 -13"><span class='ocrx_word' id='word_1_210' title='bbox 60 3442 159 3506; x_wconf 89' lang='lat' dir='ltr'>ratim</span> <span class='ocrx_word' id='word_1_211' title='bbox 173 3447 246 3504; x_wconf 88' lang='lat' dir='ltr'>acta</span> <span class='ocrx_word' id='word_1_212' title='bbox 264 3458 272 3502; x_wconf 91' lang='lat'>:</span> <span class='ocrx_word' id='word_1_213' title='bbox 289 3443 421 3500; x_wconf 82' lang='lat' dir='ltr'>actuarii</span> <span class='ocrx_word' id='word_1_214' title='bbox 434 3444 468 3500; x_wconf 93' lang='lat' dir='ltr'>et</span> <span class='ocrx_word' id='word_1_215' title='bbox 483 3434 664 3498; x_wconf 83' lang='lat' dir='ltr'>cancellarii</span> <span class='ocrx_word' id='word_1_216' title='bbox 679 3441 846 3498; x_wconf 78' lang='lat' dir='ltr'>restrictiva</span> <span class='ocrx_word' id='word_1_217' title='bbox 860 3435 968 3520; x_wconf 89' lang='lat' dir='ltr'>quoad</span> <span class='ocrx_word' id='word_1_218' title='bbox 994 3423 1071 3504; x_wconf 54' lang='lat' dir='ltr'>acta¹</span> <span class='ocrx_word' id='word_1_219' title='bbox 1085 3442 1182 3506; x_wconf 84' lang='lat' dir='ltr'>curiae</span> 
     </span>
     <span class='ocr_line' id='line_1_29' title="bbox 59 3548 644 3622; baseline -0.017 0"><span class='ocrx_word' id='word_1_220' title='bbox 59 3559 129 3622; x_wconf 84' lang='lat' dir='ltr'>sive</span> <span class='ocrx_word' id='word_1_221' title='bbox 146 3553 346 3620; x_wconf 74' lang='lat' dir='ltr'>cancellariae</span> <span class='ocrx_word' id='word_1_222' title='bbox 364 3552 417 3615; x_wconf 86' lang='lat' dir='ltr'>cui</span> <span class='ocrx_word' id='word_1_223' title='bbox 434 3548 644 3614; x_wconf 82' lang='lat' dir='ltr'>addicuntur.</span> 
     </span>
    </p>

    <p class='ocr_par' dir='ltr' id='par_1_6' title="bbox 55 3664 1184 4202">
     <span class='ocr_line' id='line_1_30' title="bbox 106 3664 1180 3753; baseline 0.001 -18"><span class='ocrx_word' id='word_1_224' title='bbox 106 3675 141 3736; x_wconf 86' lang='lat'>5⁰</span> <span class='ocrx_word' id='word_1_225' title='bbox 156 3668 220 3735; x_wconf 84' lang='lat' dir='ltr'>Sed</span> <span class='ocrx_word' id='word_1_226' title='bbox 234 3666 393 3753; x_wconf 88' lang='lat' dir='ltr'>quidquid</span> <span class='ocrx_word' id='word_1_227' title='bbox 407 3668 448 3731; x_wconf 89' lang='lat' dir='ltr'>sit</span> <span class='ocrx_word' id='word_1_228' title='bbox 461 3665 502 3730; x_wconf 90' lang='lat' dir='ltr'>de</span> <span class='ocrx_word' id='word_1_229' title='bbox 516 3665 564 3728; x_wconf 87' lang='lat' dir='ltr'>his</span> <span class='ocrx_word' id='word_1_230' title='bbox 587 3684 606 3727; x_wconf 89' lang='lat' dir='ltr'>a</span> <span class='ocrx_word' id='word_1_231' title='bbox 621 3664 713 3728; x_wconf 90' lang='lat' dir='ltr'>nohis</span> <span class='ocrx_word' id='word_1_232' title='bbox 728 3664 904 3748; x_wconf 82' lang='lat' dir='ltr'>indigitatis</span> <span class='ocrx_word' id='word_1_233' title='bbox 931 3666 1180 3750; x_wconf 78' lang='lat' dir='ltr'>discriminibus,</span> 
     </span>
     <span class='ocr_line' id='line_1_31' title="bbox 57 3778 1183 3878; baseline -0.003 -24"><span class='ocrx_word' id='word_1_234' title='bbox 57 3788 127 3854; x_wconf 91' lang='lat' dir='ltr'>duo</span> <span class='ocrx_word' id='word_1_235' title='bbox 148 3794 240 3852; x_wconf 82' lang='lat' dir='ltr'>certa</span> <span class='ocrx_word' id='word_1_236' title='bbox 258 3791 334 3849; x_wconf 90' lang='lat' dir='ltr'>sunt</span> <span class='ocrx_word' id='word_1_237' title='bbox 353 3807 360 3848; x_wconf 91' lang='lat'>:</span> <span class='ocrx_word' id='word_1_238' title='bbox 369 3790 484 3865; x_wconf 84' lang='lat' dir='ltr'>primo,</span> <span class='ocrx_word' id='word_1_239' title='bbox 501 3778 608 3863; x_wconf 90' lang='lat' dir='ltr'>quoad</span> <span class='ocrx_word' id='word_1_240' title='bbox 624 3779 835 3862; x_wconf 84' lang='lat' dir='ltr'>intelligenda</span> <span class='ocrx_word' id='word_1_241' title='bbox 847 3780 1007 3865; x_wconf 84' lang='lat' dir='ltr'>eJ‘usmodi</span> <span class='ocrx_word' id='word_1_242' title='bbox 1025 3785 1183 3878; x_wconf 81' lang='lat' dir='ltr'>voeabula</span> 
     </span>
     <span class='ocr_line' id='line_1_32' title="bbox 56 3893 1184 3980; baseline -0.004 -10"><span class='ocrx_word' id='word_1_243' title='bbox 56 3902 212 3970; x_wconf 85' lang='lat' dir='ltr'>standum</span> <span class='ocrx_word' id='word_1_244' title='bbox 226 3900 373 3966; x_wconf 87' lang='lat' dir='ltr'>locorum</span> <span class='ocrx_word' id='word_1_245' title='bbox 392 3893 682 3962; x_wconf 83' lang='lat' dir='ltr'>consuetudinibus</span> <span class='ocrx_word' id='word_1_246' title='bbox 696 3916 703 3958; x_wconf 92' lang='lat'>:</span> <span class='ocrx_word' id='word_1_247' title='bbox 720 3900 858 3975; x_wconf 77' lang='lat' dir='ltr'>seeundo,</span> <span class='ocrx_word' id='word_1_248' title='bbox 872 3897 1018 3980; x_wconf 84' lang='lat' dir='ltr'>legitime</span> <span class='ocrx_word' id='word_1_249' title='bbox 1028 3902 1184 3966; x_wconf 88' lang='lat' dir='ltr'>constitu·</span> 
     </span>
     <span class='ocr_line' id='line_1_33' title="bbox 55 4009 1184 4095; baseline -0.002 -11"><span class='ocrx_word' id='word_1_250' title='bbox 55 4029 131 4084; x_wconf 90' lang='lat' dir='ltr'>tum</span> <span class='ocrx_word' id='word_1_251' title='bbox 155 4016 337 4081; x_wconf 85' lang='lat' dir='ltr'>actuarium</span> <span class='ocrx_word' id='word_1_252' title='bbox 355 4022 390 4078; x_wconf 89' lang='lat' dir='ltr'>et</span> <span class='ocrx_word' id='word_1_253' title='bbox 408 4011 648 4087; x_wconf 82' lang='lat' dir='ltr'>cancellarium,</span> <span class='ocrx_word' id='word_1_254' title='bbox 667 4009 782 4074; x_wconf 86' lang='lat' dir='ltr'>saltem</span> <span class='ocrx_word' id='word_1_255' title='bbox 797 4011 905 4095; x_wconf 90' lang='lat' dir='ltr'>quoad</span> <span class='ocrx_word' id='word_1_256' title='bbox 925 4022 996 4078; x_wconf 87' lang='lat' dir='ltr'>acta</span> <span class='ocrx_word' id='word_1_257' title='bbox 1015 4015 1111 4080; x_wconf 87' lang='lat' dir='ltr'>curiae</span> <span class='ocrx_word' id='word_1_258' title='bbox 1125 4034 1184 4082; x_wconf 89' lang='lat' dir='ltr'>seu</span> 
     </span>
     <span class='ocr_line' id='line_1_34' title="bbox 55 4125 1008 4202; baseline -0.009 0"><span class='ocrx_word' id='word_1_259' title='bbox 55 4133 263 4202; x_wconf 78' lang='lat' dir='ltr'>cancellariae</span> <span class='ocrx_word' id='word_1_260' title='bbox 279 4130 332 4195; x_wconf 89' lang='lat' dir='ltr'>cui</span> <span class='ocrx_word' id='word_1_261' title='bbox 345 4127 555 4202; x_wconf 89' lang='lat' dir='ltr'>addicuntur,</span> <span class='ocrx_word' id='word_1_262' title='bbox 579 4125 645 4191; x_wconf 81' lang='lat' dir='ltr'>vim</span> <span class='ocrx_word' id='word_1_263' title='bbox 662 4127 863 4191; x_wconf 90' lang='lat' dir='ltr'>notariorum</span> <span class='ocrx_word' id='word_1_264' title='bbox 875 4127 1008 4195; x_wconf 88' lang='lat' dir='ltr'>habere.</span> 
     </span>
    </p>
   </div>
   <div class='ocr_carea' id='block_1_3' title="bbox 0 0 1362 4980">
    <p class='ocr_par' dir='ltr' id='par_1_7' title="bbox 0 0 1362 4980">
     <span class='ocr_line' id='line_1_35' title="bbox 0 0 1362 4980; baseline 0 4"><span class='ocrx_word' id='word_1_265' title='bbox 0 0 1362 4980; x_wconf 95' lang='lat' dir='ltr'> </span> 
     </span>
    </p>
   </div>
  </div>
 </body>
</html>
