2714 4980
547 315 734 367 morosos
755 317 800 366 ΒΕ
822 315 969 366 tumens

653 602 786 674 CAPUT
800 604 860 672 111.

497 870 543 918 Db]
564 868 676 920 dauns
699 869 1010 921 damnatissimus.

199 1121 203 1130 ’
241 1138 486 1225 Distinguendae
509 1144 586 1205 sunt
604 1156 709 1206 causae
726 1137 976 1208 matrimoniales
993 1138 1126 1225 proptio
1142 1136 1255 1221 dioto,
1274 1140 1309 1208 ab

194 1257 370 1343 improprie
389 1256 496 1324 dietis.
515 1256 653 1340 Quando
667 1259 701 1323 in
715 1257 926 1343 quaesdonem
939 1257 1030 1323 uenit
1044 1263 1238 1325 eontraotus
1250 1276 1309 1325 ma

192 1375 381 1441 trimonialis
407 1375 510 1454 valor,
529 1381 586 1441 aut
601 1372 724 1460 aliquid
746 1372 828 1460 juris
846 1391 888 1440 ex
901 1373 1003 1459 ipsius
1016 1373 1130 1441 valore
1146 1375 1204 1442 rel
1220 1376 1310 1443 nulli*

192 1473 262 1558 tate
276 1491 391 1571 fluens,
404 1497 455 1557 est
471 1509 566 1558 eausa
582 1489 822 1575 matrimonialis
846 1489 979 1574 proprie
997 1488 1108 1557 diota:
1126 1488 1310 1576 Cuiusmodi

193 1615 255 1686 est,
273 1607 368 1674 verbi
383 1608 497 1692 gratia,
518 1607 653 1693 questio
668 1615 780 1673 utrum
803 1605 871 1672 tale
893 1605 1166 1692 impedimentum
1179 1610 1224 1675 sit
1242 1604 1309 1675 dili

192 1706 294 1805 mens,
315 1745 451 1793 unvero
470 1724 640 1791 dumtaxat
666 1723 866 1811 impediens;
887 1731 945 1790 aut
965 1725 1063 1790 otiam
1079 1739 1122 1790 an
1134 1725 1309 1812 aliquidsit

191 1859 297 1909 neone
315 1861 432 1909 verum
450 1841 741 1928 impedimentum
758 1860 800 1906 an
815 1839 856 1906 de
875 1840 965 1907 farto
982 1843 1049 1908 tale
1071 1842 1308 1911 matrimonium

192 1972 268 2026 oum
281 1959 517 2044 impedimento
531 1959 689 2026 nullitatis
705 1965 910 2024 contractum
937 1957 1055 2044 fuerit3
1072 1976 1114 2025 an
1127 1979 1171 2025 ex
1185 1961 1248 2027 tali
1261 1960 1308 2028 rel

191 2077 252 2144 tali
265 2077 388 2144 motivo
401 2076 527 2142 lioitum
542 2076 584 2141 sit
599 2095 678 2141 vero
694 2074 898 2141 matrimonio
914 2073 1097 2159 conjunctis
1110 2074 1305 2164 brordan,

191 2212 234 2258 an
248 2194 330 2262 tales
347 2194 407 2259 filii
429 2194 492 2259 sint
506 2211 611 2258 neone
625 2191 774 2276 legitimi,
794 2210 870 2258 oum
888 2210 927 2258 ea
943 2191 1133 2276 legitimitas
1154 2202 1308 2281 sequatur

191 2312 233 2380 ex
248 2310 423 2398 quastione
435 2309 477 2376 de
489 2309 590 2395 ipsius
607 2309 804 2375 matrimonii
819 2309 940 2388 valore,
954 2314 1019 2375 eto.
1032 2308 1074 2374 At
1088 2317 1215 2393 prater
1228 2310 1308 2398 ejus·

189 2429 280 2496 inodi
294 2428 498 2516 quaestiones,
521 2445 592 2514 quae
612 2428 667 2494 vel
682 2426 769 2493 eirea
788 2427 986 2494 matrim0nii
1003 2425 1220 2495 substantiam
1238 2407 1308 2497 rer-

190 2548 315 2627 santnr,
336 2546 391 2614 vel
406 2546 493 2612 eirea
506 2545 718 2630 obligationes
736 2548 771 2609 et
789 2541 864 2630 jura
877 2562 896 2609 a
911 2542 1091 2610 substantia
1113 2547 1308 2615 matrimonii

159 2681 161 2684 ⁴
188 2664 371 2732 necessario
385 2662 616 2749 dependentia,
632 2666 708 2727 sunt
720 2666 755 2727 et
770 2661 849 2741 aliae,
868 2660 1130 2747 quaerespioiunt
1143 2663 1308 2732 ramasse

187 2783 374 2851 lemnitates
388 2780 578 2848 substantiae
590 2787 625 2846 et
638 2765 742 2845 valori
751 2779 1157 2847 matrimoniiextrinseoas
1176 2803 1186 2849 z
1208 2780 1308 2870 eujus·

188 2895 279 2969 modi
298 2907 374 2968 sunt
389 2900 584 2987 quaestiones
600 2896 642 2964 de
652 2896 746 2977 dote,
766 2894 809 2962 de
824 2895 1027 2978 haereditate,
1045 2895 1089 2964 de
1103 2917 1226 2987 pompa
1244 2920 1308 2970 tna·

188 3019 374 3100 trimoniali,
388 3025 453 3086 ete.
471 3018 525 3084 Eae
540 3034 640 3101 porro
659 3015 771 3084 vocari
785 3021 921 3099 possunt
935 3033 1039 3083 eausa
1057 3018 1308 3088 matrimoniales

186 3137 363 3231 improprie
378 3135 486 3202 dietae.
503 3135 577 3216 Quo
594 3138 787 3220 prenotato,
805 3133 857 3199 sit.

179 3272 197 3324 .’
233 3255 431 3321 Paonosumo
446 3252 486 3318 Ι·.
502 3287 549 3302 -
567 3254 672 3316 Causa
689 3269 789 3315 omues
811 3253 1048 3318 matrimoniales
1060 3255 1188 3338 proprie
1206 3258 1302 3338 diota,

189 3372 288 3455 quood
303 3373 499 3435 matrimonia
509 3367 658 3449 fideliam,
674 3369 715 3434 ad
728 3371 828 3450 foram
839 3369 1068 3436 ecclesiasticum
1079 3373 1307 3459 exalusiaeper·

188 3490 296 3578 tinent.
312 3524 359 3537 -
370 3483 538 3554 Probatur
553 3488 598 3552 1⁰.
615 3485 663 3552 Ex
678 3504 801 3554 canone
825 3486 868 3552 42
889 3485 1038 3554 sessionis
1062 3489 1102 3554 24
1126 3489 1307 3558 Tridentini

187 3597 315 3675 aoncilii
334 3626 341 3671 :
363 3607 482 3688 Siquis
503 3604 620 3668 dixerit
643 3621 748 3666 cousus
772 3607 1011 3669 matrimoniales
1027 3624 1088 3671 ooo
1107 3616 1246 3690 spectaro
1267 3610 1307 3674 od

177 3727 298 3816 jqdices
312 3722 532 3802 aeclesiasticos,
547 3721 708 3786 anatona
720 3725 772 3786 sit.
790 3721 878 3787 Dum
889 3719 934 3787 ibi
944 3715 1066 3788 dieitur
1078 3741 1186 3789 causas
1200 3728 1307 3792 matri

184 3842 339 3920 mmiaies,
355 3837 444 3906 idem
460 3835 707 3923 intelligendum
727 3842 777 3905 est
793 3858 831 3904 aa
847 3840 873 3904 si
890 3839 1033 3924 positum
1051 3841 1178 3922 fuisset,
1194 3860 1306 3911 causas

184 3957 436 4028 matrimoniales
457 3975 567 4022 omues.
585 3954 718 4022 Constat
732 3974 774 4022 ex
789 3976 830 4024 eo
848 3935 937 4042 quod
953 3974 1015 4040 per
1032 3957 1167 4026 modun
1186 3977 1306 4047 propo·

181 4077 303 4145 sitionis
314 4073 505 4142 universalis
516 4072 695 4140 enuntiatio
708 4071 777 4138 fiat.
794 4073 928 4140 Constat
939 4081 1101 4160 praterea
1117 4093 1158 4143 ex
1171 4079 1305 4147 authen·

183 4196 249 4262 tica
274 4190 545 4277 interpretatione
560 4190 611 4256 Pii
629 4189 686 4269 VI,
705 4190 762 4276 qni
778 4190 812 4254 in
828 4188 923 4256 breui
937 4190 1122 4276 dogmatico
1136 4192 1179 4260 ad
1200 4197 1305 4262 Motu·

181 4313 308 4381 lensem
322 4310 518 4397 Episcopum
532 4305 671 4387 directo,
693 4306 851 4392 reprobat
868 4309 1175 4394 interpretationem
1192 4333 1303 4382 sensus

179 4427 371 4523 universalis
392 4425 621 4505 restrictiram,
643 4443 707 4511 qua
725 4423 849 4491 sedicet
870 4427 1130 4498 contenderetur
1145 4449 1301 4500 canonem
