2714 4980
119 303 184 372 224
466 317 654 372 rmcmrus
677 321 722 370 nn
743 319 893 373 Jonrous.

115 432 281 528 depactis
298 454 432 510 trucetas
448 456 492 511 cst
508 451 643 527 mobilia·
655 452 742 512 modo
757 456 791 512 tu
809 451 871 510 loco
889 454 1004 513 ccistat
1021 452 1228 531 marcoardo,

116 582 177 628 arou
192 583 261 626 uero
281 566 443 627 dumtaxat
463 568 655 629 transeundo.
673 601 720 613 -
733 583 754 628 ‘a
774 567 939 647 Quaeritur
957 585 1000 630 an
1012 566 1104 631 Reus
1126 567 1231 632 sortia·

18 754 21 759 ,
66 675 69 678 ’
114 701 137 743 a
150 687 206 744 tur
226 679 335 744 forum
354 680 452 745 etiam
473 682 598 746 ratione
618 681 667 744 rei
685 682 821 759 mobilis,
843 689 902 746 aut
919 701 954 749 se
974 683 1161 748 moventis?
1176 683 1229 748 Re·

115 819 136 858 a
150 795 294 879 spondeo
309 794 540 879 distinguendo
560 819 567 862 :
589 797 644 863 vel
660 799 745 862 enim
763 816 817 863 res
829 798 866 862 in
882 797 954 863 loco
969 799 1091 864 saltem
1105 797 1228 882 aliquod

86 946 89 950 <
119 934 135 975 a
149 919 279 995 tompus
290 931 501 995 permansura
514 920 574 990 est,
593 914 649 978 vel
666 910 742 978 non'.
761 914 792 979 Si
805 921 952 995 primum,
972 934 1085 981 coram
1097 915 1226 982 locims·

118 1029 287 1111 «gistratu
303 1027 373 1112 ejus
386 1047 552 1111 possessor
574 1031 741 1103 conveniri
762 1034 883 1111 potest.
901 1030 999 1095 Patet
1019 1050 1063 1096 ex
1079 1030 1223 1114 generali

119 1167 135 1208 a
149 1151 218 1210 tate
232 1152 394 1210 textuum.
408 1145 531 1231 (Cupite
541 1146 668 1223 ultimo,
681 1146 769 1212 tituli
781 1149 812 1224 2,
825 1145 904 1211 libri
915 1148 934 1211 2
946 1145 1163 1213 decretalium
1173 1167 1221 1230 ;-

117 1285 134 1324 a
149 1261 221 1345 lege
236 1261 337 1339 finali,
358 1281 388 1327 c.
405 1266 462 1326 Ubi
475 1268 508 1325 tu
521 1282 584 1326 rem
594 1268 689 1343 actia·
704 1264 832 1346 -lege
849 1265 936 1343 Quod
947 1265 1068 1344 leuatur
1082 1267 1137 1341 38,
1152 1263 1220 1329 ltu

118 1376 262 1462 alpurc.)
284 1400 291 1442 :
312 1378 376 1442 Ubi
391 1379 459 1443 siue
477 1377 661 1444 discrimine
678 1380 764 1444 inter
774 1397 829 1443 res
840 1377 977 1445 mobiles
994 1386 1031 1443 et
1044 1379 1215 1455 immobiles,

117 1517 135 1558 a
147 1496 181 1559 in
196 1514 267 1560 rem
280 1495 364 1559 actio
379 1493 516 1579 jubetur
531 1493 688 1560 adversus
710 1494 930 1577 possidentem
950 1497 1078 1561 moveri
1094 1496 1129 1559 in
1143 1495 1214 1572 locis,

116 1613 181 1677 ain
201 1611 319 1696 quibus
335 1629 397 1687 res,
417 1618 554 1695 propter
570 1629 649 1695 quas
660 1588 881 1688 contenditur,
899 1611 1085 1677 constitutae
1105 1618 1183 1677 sunt.

161 1750 177 1788 a
204 1728 236 1792 Si
254 1731 425 1807 secuudum,
449 1726 485 1793 id
509 1735 570 1806 est,
588 1728 617 1791 si
636 1727 742 1792 resin
760 1725 834 1792 loco
845 1733 894 1791 est
910 1725 1116 1793 solummodo
1134 1735 1216 1793 tram

117 1869 133 1906 a
150 1845 276 1923 eundo,
303 1845 445 1929 exempli
480 1845 594 1928 gretia,
622 1844 650 1909 si
672 1846 862 1927 peregrinus
887 1863 962 1909 cum
988 1862 1074 1929 equo
1095 1850 1217 1908 transeut

118 1962 327 2038 «civitatem,
349 1980 447 2046 quem
470 1961 575 2025 incola
593 1959 742 2044 ejusdem
762 1961 903 2026 civitatis
918 1959 1008 2026 dicat
1023 1959 1066 2026 ad
1085 1979 1120 2026 se
1137 1959 1216 2045 perti-

118 2102 134 2138 «
147 2098 237 2156 nere,
259 2084 400 2160 negante
419 2076 454 2142 id
471 2077 664 2160 peregrino,
689 2077 748 2141 tali
773 2096 850 2141 casu
870 2078 932 2141 iste
953 2077 1083 2142 ratione
1103 2077 1150 2141 rei
1165 2075 1216 2140 siu

118 2223 134 2259 a
148 2198 256 2262 forum
280 2216 346 2262 non
367 2196 542 2260 sortitur...
562 2194 655 2259 Ratio
671 2177 821 2278 estquis
838 2212 892 2258 res
906 2211 973 2258 non
990 2203 1145 2260 censetur
1160 2212 1217 2277 pro
1233 2213 1236 2222 ·

119 2341 133 2370 a
150 2315 220 2397 prie
242 2330 312 2378 esse
331 2313 365 2375 in
389 2312 463 2376 loco
483 2329 544 2395 per
566 2329 664 2395 quem
685 2307 889 2376 solummodo
915 2310 1044 2374 transit.
1071 2310 1217 2393 Excipitur

119 2453 136 2490 a
150 2428 274 2512 duplex
283 2447 375 2493 casus
394 2450 400 2492 :
419 2428 544 2512 primus
555 2433 616 2503 est,
633 2427 661 2490 si
673 2445 727 2492 res
737 2425 864 2491 mobilis
877 2423 1117 2491 antecedenter
1131 2426 1216 2491 aloco

119 2569 135 2607 a
150 2564 211 2630 per
232 2545 358 2610 furtum
377 2545 544 2610 subtracta
558 2542 622 2608 fuit
640 2561 647 2604 :
666 2543 735 2607 haec
755 2542 890 2607 enimin
905 2543 978 2606 loeo
998 2543 1153 2606 transitus
1166 2540 1217 2605 rin

119 2661 252 2728 «dicari
275 2668 395 2745 potest,
422 2681 486 2727 non
509 2668 577 2725 tam
604 2664 743 2742 propter
760 2659 892 2723 titulum
911 2658 961 2723 rei
978 2657 1064 2737 sitae,
1081 2674 1217 2742 quanm

119 2803 136 2840 a
151 2780 237 2843 tione
253 2776 374 2843 delicti.
384 2779 486 2855 Alter,
499 2778 527 2842 si
537 2778 587 2842 rei
601 2793 766 2862 possessor
779 2774 823 2840 de
836 2775 914 2858 fuga
927 2781 1102 2857 suspectus
1111 2775 1160 2854 sit,
1168 2789 1216 2837 nec

119 2919 136 2959 a
149 2895 321 2960 immobilia
334 2895 470 2977 habeat3
488 2915 562 2959 rmm
578 2913 617 2959 eo
633 2900 756 2958 eventu
767 2910 821 2956 res
831 2893 866 2957 in
878 2891 951 2957 loco
968 2893 1126 2956 transitus
1141 2895 1215 2954 recte

119 3017 385 3096 «sequestratur,
406 3009 510 3076 donec
530 3028 625 3075 causa
644 3008 713 3072 haec
727 3027 746 3072 a
758 3006 870 3091 judice
888 3006 948 3073 Rei
961 3014 1181 3091 cognoscatur.
1202 3025 1214 3062 u

119 3126 431 3215 (Schmclzgrueber,
448 3127 481 3190 in
495 3127 548 3191 tit.
568 3128 599 3203 2,
618 3124 675 3190 lib.
694 3127 713 3188 2
730 3122 870 3202 decret,
887 3143 920 3188 n.
941 3121 1010 3207 52.)

631 3389 646 3461 5
671 3384 726 3448 IV.

318 3607 352 3656 De
366 3608 519 3669 competentia
530 3606 635 3669 iudicum
651 3605 826 3655 territorislium
842 3604 932 3654 rationo
947 3604 1036 3656 delicti.

161 3827 206 3892 Ut
226 3823 346 3890 delicte
366 3824 412 3891 ibi
433 3825 578 3891 coerceri
598 3832 632 3890 et
648 3825 756 3908 puniri
774 3825 897 3909 possint
917 3824 975 3890 ubi
995 3806 1126 3908 patrata
1148 3831 1224 3900 sunt,

116 3942 234 4010 suadet
249 3942 378 4008 omnino
396 3943 480 4007 ratio
495 3942 572 4008 boni
587 3943 710 4025 publici
728 3965 735 4008 :
756 3949 827 4007 tum
839 3943 913 4028 quia
927 3943 961 4006 in
976 3942 1050 4009 loco
1065 3946 1137 4029 ipso
1151 3959 1223 4009 con·

116 4061 202 4127 missi
227 4058 378 4124 facinoris
398 4059 525 4124 facilius
545 4058 657 4124 haberi
680 4067 816 4142 possunt
834 4059 924 4122 circo
945 4059 1071 4125 factum
1087 4067 1121 4126 et
1134 4058 1225 4126 varias

116 4174 187 4260 ejus
203 4175 463 4241 circumstantias
480 4175 687 4258 probationes
700 4183 736 4241 et
749 4175 931 4240 testimonia
950 4196 957 4239 :
973 4182 1047 4240 tum
1061 4177 1136 4261 quia
1147 4173 1223 4259 regio

116 4294 149 4356 in
171 4310 234 4375 qua
256 4293 422 4373 patratum
438 4292 562 4356 crimen
576 4298 635 4369 cst,
655 4311 673 4356 e
689 4311 792 4375 pravo
810 4290 866 4356 illo
882 4291 1033 4374 exemplo
1053 4299 1223 4375 pateretur,

117 4407 177 4473 uisi
191 4405 313 4473 ibidem
328 4406 474 4473 uindicta
488 4407 618 4490 publica
640 4406 828 4474 scandalum
854 4413 1094 4490 compensaret,
1113 4415 1146 4474 et
1160 4403 1225 4471 iaci
