2714 4980
552 352 631 400 rans
653 352 767 399 ratur.
1154 333 1217 399 too

105 487 159 545 tur
169 476 331 563 judicium
342 476 595 543 ecclesiasticum
610 477 758 544 nullitate
766 475 926 556 laborare,
945 495 1036 542 exeo
1047 475 1115 542 solo
1128 475 1218 561 quod

104 593 201 661 Actor
213 592 267 660 vel
281 592 368 659 Reus
384 591 506 689 surdus
520 601 631 660 mutus
646 594 759 659 fuerit.

145 710 231 776 Item
254 708 419 793 praedictis
442 706 640 794 adjungebat
656 710 816 794 legislatio
841 709 1042 775 iustinianea
1060 711 1213 792 prodigos,

103 844 158 891 eos
172 825 295 892 scilicet
314 825 370 910 qui
386 825 428 892 ob
443 825 559 890 vitium
573 824 810 910 prodigalitatis
830 844 964 890 suorum
979 824 1139 890 bonorum
1162 843 1218 908 ge·

102 941 205 1009 stione
223 939 390 1006 interdicti
407 946 493 1006 sunt.
511 939 609 1022 Quod
622 939 755 1025 quidem
769 942 896 1021 vitium,
913 940 992 1006 licet
1009 941 1044 1005 in
1057 941 1126 1006 solo
1144 939 1218 1006 toro

102 1057 248 1123 saeculari
265 1058 467 1141 recognitum
482 1064 517 1123 et
534 1058 790 1141 pronuntiatum,
813 1056 855 1123 de
872 1056 946 1142 jure
967 1057 1065 1122 etiam
1078 1057 1219 1121 naturali

101 1172 261 1259 impedire
274 1171 374 1239 debet
385 1193 426 1238 ne
435 1192 474 1238 eo
482 1173 634 1239 laborans
642 1179 707 1238 stet
716 1172 880 1258 injudicio
890 1174 1107 1238 ecclesiastico
1118 1172 1215 1238 civili.

102 1290 185 1356 Talis
201 1291 288 1355 enim
303 1309 368 1356 non
388 1295 495 1373 potest
511 1288 694 1372 prudenter
719 1290 872 1373 praesumi
886 1289 1000 1354 babilis
1017 1287 1060 1353 ad
1075 1307 1133 1354 sua
1144 1287 1218 1373 jura

101 1397 133 1461 in
146 1396 284 1464 materia
294 1395 380 1461 civili
392 1415 500 1461 coram
508 1394 618 1483 judice
630 1397 848 1463 ecclesiastico
862 1405 953 1463 reete
965 1395 1192 1482 prosequenda
1207 1417 1215 1461 :

101 1512 148 1579 bn
168 1517 280 1577 autem
300 1511 388 1577 idem
408 1509 584 1578 dicendum
599 1513 640 1578 sit
655 1512 764 1599 quoad
784 1512 945 1599 judicium
966 1512 1218 1579 ecclesiasticum

101 1628 132 1694 in
138 1627 277 1697 materia
291 1628 458 1707 criminali,
470 1628 515 1693 ita
527 1636 564 1694 ut
574 1647 680 1715 neque
696 1629 730 1693 in
740 1629 796 1693 illa
810 1628 967 1714 prodigus
980 1630 1081 1714 possit
1093 1627 1229 1695 Actoris.

102 1745 152 1813 rel
163 1745 227 1812 Rei
244 1763 416 1829 personam
440 1744 609 1821 sustinere,
632 1744 708 1809 mihi
726 1763 791 1809 non
808 1745 921 1831 liquet.

143 1863 189 1928 11.
215 1866 261 1927 De
274 1865 419 1947 Pupillis.
433 1862 555 1927 —Nec
567 1865 739 1927 convenire
753 1883 814 1928 nec
825 1865 991 1930 conveniri
1004 1870 1139 1947 possunt
1150 1863 1217 1930 sine

101 1978 297 2047 authoritate
331 1978 458 2045 tutoris.
490 1980 539 2042 lta
566 1978 723 2062 legislatio
750 1979 966 2055 iustinianea,
997 1978 1038 2044 ab
1071 1979 1215 2044 Ecclesia

100 2093 209 2180 moad
238 2094 320 2159 banc
351 2102 480 2178 partem
509 2102 655 2177 recepta.
688 2094 849 2161 Indicatos
882 2103 992 2161 textus
1021 2093 1097 2159 vide
1130 2092 1219 2180 apud

98 2208 390 2294 Scbmalzgrueber
412 2210 455 2298 (in
481 2210 614 2275 titulum
629 2214 665 2275 cle
684 2214 824 2292 Iudiciis,
842 2211 918 2277 libri
946 2214 965 2276 2
992 2211 1216 2289 decretalium,

95 2344 126 2393 n.
142 2324 216 2411 25).
237 2327 281 2392 Ea
293 2345 372 2392 vero
389 2325 556 2408 dispositio
570 2326 730 2392 fundatur
746 2329 819 2412 lege
836 2327 989 2405 naturali,
1009 2333 1047 2392 ut
1067 2328 1143 2392 satis
1163 2346 1219 2412 pa·

95 2447 163 2526 tet;
178 2440 270 2507 unde
285 2440 445 2508 censenda
465 2443 593 2507 omnino
604 2450 653 2507 est
664 2442 841 2508 hodiedum
850 2444 974 2528 vigere.
991 2444 1096 2508 Datur
1110 2450 1220 2508 tamen

95 2558 252 2642 exceptio
265 2558 372 2645 quoad
387 2578 499 2625 causas
515 2560 707 2637 criminales,
724 2559 887 2646 inquibus
902 2558 1057 2627 delictum
1072 2578 1137 2624 non
1150 2576 1221 2643 pos

95 2682 145 2745 tet
160 2676 261 2741 aliter
275 2675 418 2758 probari.
431 2677 469 2739 In
484 2674 532 2741 his
547 2676 669 2742 scilicet
682 2678 779 2743 etiam
795 2678 938 2762 pupillus
953 2684 1107 2763 tanquam
1121 2674 1220 2741 Actor

95 2791 296 2861 admittitur.
316 2792 416 2858 Verbi
431 2793 544 2876 gratia
560 2792 587 2856 si
601 2810 686 2875 puer
700 2812 808 2858 coram
822 2794 981 2877 Episcopo
995 2792 1148 2858 clericum
1163 2793 1222 2857 cri·

95 2910 193 2979 minis
208 2914 340 2973 accuset
355 2916 390 2975 et
402 2908 496 2994 juxta
505 2910 595 2993 leges
606 2910 714 2991 puniri
729 2929 804 2975 eum
819 2910 974 2994 postulet,
994 2928 1109 2993 graves
1125 2909 1220 2975 simul

95 3026 246 3093 indicans
261 3025 377 3090 asserti
390 3025 606 3111 probationes,
625 3034 734 3109 potest
755 3027 931 3110 Episcopus
952 3025 1112 3109 pupillum
1130 3024 1218 3091 hunc

95 3162 158 3229 pro
170 3141 290 3207 Actora
306 3140 427 3207 babere
448 3147 481 3209 et
496 3161 685 3229 processum
699 3142 874 3208 instruere.
889 3144 967 3225 Quae
984 3142 1133 3224 exceptio
1147 3139 1222 3206 fun·

95 3257 306 3327 daturetiam
320 3255 394 3342 jure
409 3258 566 3342 naturali;
587 3258 710 3325 bonum
724 3278 842 3343 nempe
858 3259 1027 3343 publicum
1042 3259 1143 3343 exigit
1160 3258 1223 3323 cri-

95 3378 186 3444 mina
204 3376 326 3460 plecti;
353 3377 413 3441 nisi
435 3383 545 3441 autem
569 3377 604 3440 in
626 3376 687 3441 boc
712 3397 786 3442 casu
811 3367 1066 3446 admitterentur
1090 3377 1216 3461 pupilli,

95 3492 208 3581 aliqua
225 3492 357 3558 crimina
375 3493 532 3576 impunita
548 3502 767 3560 remanerent.

143 3608 207 3673 III.
217 3611 433 3673 Demiroridus
452 3612 493 3674 25
507 3617 607 3675 eoois.
618 3646 664 3658 -
676 3608 947 3693 Distinguendum
958 3617 1008 3675 est
1019 3611 1105 3676 inter
1117 3631 1221 3676 consor

97 3726 288 3807 spirituales,
309 3742 380 3809 quar
396 3744 513 3808 nempe
530 3733 654 3791 attenta
669 3745 783 3792 earum
799 3728 930 3791 materia
945 3724 987 3789 ad
1000 3725 1142 3812 judicem
1167 3746 1221 3792 ec-

100 3838 319 3907 clesiasticum
332 3840 507 3925 pertinent,
520 3842 613 3907 verbi
629 3842 744 3927 gratia,
763 3862 874 3907 causas
890 3843 931 3908 de
947 3842 1158 3920 matrimonio,
1178 3839 1220 3908 de

100 3954 273 4032 beneficio,
293 3955 335 4021 de
354 3954 428 4042 jure
452 3965 643 4041 patronatus
658 3966 691 4024 et
711 3958 787 4023 alias
807 3956 984 4045 ejusmodi3
1007 3959 1093 4022 inter
1110 3978 1220 4024 causas

100 4071 302 4155 temporales
323 4075 533 4153 spiritualibus
555 4092 709 4153 comam,-
732 4081 765 4137 et
788 4092 899 4137 causas
923 4092 1001 4137 mere
1030 4075 1215 4154 ternporolcs

103 4202 175 4269 quae
195 4184 400 4266 pertinerent
416 4184 457 4249 ad
471 4184 615 4271 jndicem
626 4186 825 4265 saecularem,
840 4187 900 4251 nisi
911 4185 1099 4252 dirimendae
1112 4196 1220 4254 esseut

105 4320 124 4364 a
145 4298 338 4385 magistratu
354 4301 582 4377 ¹ecclesiastico
605 4311 742 4391 propter
769 4303 974 4391 privilegium
999 4303 1073 4386 fori,
1096 4305 1130 4373 id
1156 4312 1216 4386 est,

108 4414 180 4499 quia
192 4415 280 4483 Reus
291 4424 342 4484 est
352 4416 501 4484 clericus.
