2714 4980
115 290 180 355 ata
457 309 645 357 maranus
667 309 711 356 nn
733 309 880 357 tunicula.

117 433 477 498 «communicatione...
493 433 577 498 Item
594 434 628 496 in
641 432 864 499 contrahenda
883 435 1200 501 excommunicatione.

117 548 231 613 «Item
244 547 276 612 in
293 548 498 631 prastntione
510 546 686 632 juramenti
702 548 745 613 de
762 548 931 613 calumnia.
956 571 973 610 u

161 669 192 728 7.
218 664 256 727 In
271 661 436 744 praedictis
453 662 578 728 casibus
597 671 791 746 procurator
820 665 934 748 neqrnt
961 662 1091 730 admitti
1110 663 1205 749 absque

115 776 267 843 ranndntn
282 779 455 860 specialem
470 780 667 844 mentionem
678 779 720 844 dc
734 779 796 844 illis
806 778 964 863 inciente;
978 781 1025 844 ita
1038 789 1076 845 nt
1089 800 1148 847 non
1159 780 1208 845 sui-

115 892 204 958 natat
218 893 373 970 clausula,
389 911 454 976 qua
470 894 503 956 in
522 893 673 959 mandato
697 895 841 977 generali
865 895 1067 959 constituens
1093 893 1206 970 dicarat,
1240 874 1243 879 ’

116 1026 151 1073 sc
171 1004 371 1072 constituisse
386 1027 481 1072 suum
495 1017 743 1091 procuratorem
758 1008 800 1074 nd
814 1028 926 1075 omues
941 1028 1065 1086 causas,
1085 1012 1209 1074 etiamad

116 1144 166 1188 eas
190 1144 255 1206 qaoe
278 1127 403 1206 smaialr
423 1129 599 1189 martimum
624 1133 819 1207 requirerent.
845 1125 980 1191 Constat
1005 1144 1049 1191 ex
1077 1123 1209 1190 decretali

116 1239 274 1305 Bonifatii
283 1241 375 1305 VIII:
395 1245 504 1321 Quiad
514 1245 701 1322 aqeudumct
712 1244 941 1322 defendendum,
956 1241 1210 1322 acaeuaauraat

117 1361 218 1417 aucuia
235 1354 363 1440 (etiamsi
384 1359 561 1420 mandatum
581 1364 707 1438 caiaaat
724 1353 862 1439 speciale)
882 1362 1078 1420 constituitur
1092 1374 1211 1439 macuta·

120 1475 178 1548 lor,
196 1490 237 1532 cu
254 1474 286 1532 ui
302 1473 510 1551 neutralitatis
530 1473 710 1553 hujusmodi,
732 1473 920 1552 autaliquem
940 1473 1115 1547 articulum,
1130 1475 1211 1552 inqu

119 1587 245 1667 speciale
255 1589 430 1649 mandatum
444 1591 591 1667 extollar,
606 1589 730 1649 admitti
744 1607 803 1649 uou
817 1588 912 1650 debat.
926 1584 1016 1671 (Cap.
1030 1589 1092 1665 Qui
1100 1587 1212 1666 udatur

120 1703 192 1764 alum
205 1701 237 1777 4,
255 1701 307 1764 tit.
333 1703 383 1778 19,
401 1699 423 1764 l.
444 1703 475 1777 l,
493 1700 528 1763 in
543 1697 590 1783 6.)
608 1701 766 1765 Ratio-est
784 1702 859 1784 quia
876 1701 930 1765 lex
944 1699 1069 1764 frustra
1088 1698 1213 1786 requiro

121 1823 174 1881 ret
197 1815 336 1900 speciale
359 1814 548 1880 mandatum
576 1835 636 1902 pro
663 1817 824 1900 aliquibus
850 1817 963 1894 causa,
986 1816 1015 1880 si
1036 1816 1213 1881 constituens

121 1927 263 1996 adhibita
279 1930 413 2014 praefntn
431 1931 575 2013 generali
586 1931 740 2009 clausula,
755 1939 866 2014 posset
882 1933 980 1996 etiam
997 1929 1043 1996 nd
1057 1949 1113 1996 ens
1125 1944 1215 1995 causas

121 2055 368 2130 procuratorem
382 2067 477 2112 suum
489 2047 647 2113 idoncum
661 2047 801 2114 afficere.

167 2166 198 2229 8.
224 2163 256 2226 Si
277 2168 386 2228 tamen
407 2164 441 2227 in
462 2162 615 2228 mandato
640 2164 866 2246 procuratorio
891 2165 1118 2246 exprimantur
1142 2159 1218 2244 aliqui

122 2297 165 2344 ex
182 2277 308 2342 casibus
326 2278 383 2362 qui
404 2278 544 2361 speciale
567 2278 756 2343 mandatnm
777 2279 960 2362 requirunt,
984 2284 1020 2343 ct
1045 2277 1220 2343 constituens

122 2391 234 2470 addat,
259 2401 294 2457 et
313 2395 355 2456 ad
373 2395 453 2456 alias
474 2413 575 2456 amnas
592 2413 698 2456 causas
717 2413 784 2474 aaa
801 2394 929 2474 spauuc
947 2393 1126 2455 raaudaturu
1143 2393 1221 2468 autur

123 2516 201 2587 reat,
221 2507 376 2574 etiamad
391 2509 470 2574 alios
483 2528 577 2574 casus
591 2528 657 2573 non
671 2527 842 2593 expressos
860 2505 988 2573 admitti
1007 2505 1109 2572 debet
1127 2518 1221 2588 proau-

124 2632 225 2692 rator.
242 2625 373 2690 Constat
389 2644 430 2690 ex
445 2625 649 2691 modocitato
663 2627 769 2709 capite
781 2629 842 2705 Qui
855 2627 1069 2705 adaquatum,
1084 2617 1221 2706 inquosla

125 2739 275 2806 decernit
291 2741 473 2807 Bonifatius
495 2742 572 2807 vlll
594 2763 601 2806 :
622 2744 682 2806 saa
696 2746 723 2804 si
738 2743 851 2822 aliquis
868 2743 916 2802 val
935 2742 1033 2820 aliqui
1049 2742 1089 2802 dc
1107 2737 1222 2802 articulis

125 2861 253 2943 apoeiala
271 2862 448 2922 mandatum
465 2861 654 2939 extuantibus
673 2857 837 2939 specificati
857 2859 996 2936 fuissent,
1024 2858 1141 2939 aaijacta
1160 2855 1223 2916 clat-

125 2977 194 3038 sula
205 2977 350 3056 quaerati,
372 2976 441 3038 tuuc¹
453 2976 495 3037 ad
508 2994 568 3037 unu
584 2993 738 3054 cupreum
748 2978 840 3034 ctiam
852 2975 1043 3035 admittatur.
1059 2971 1127 3037 llos
1136 2976 1223 3035 una

114 3111 192 3166 non
213 3089 404 3158 extenditur
418 3090 462 3157 ad
476 3109 569 3155 casus
591 3107 657 3154 non
679 3106 863 3174 expressos,
887 3087 943 3172 qni
964 3093 1080 3152 essent·
1092 3091 1222 3168 masura

129 3205 444 3290 casibuscxprcssis3
464 3204 524 3272 sed
538 3202 784 3288 intelligendum
796 3210 845 3269 est
856 3201 1028 3267 dumtaxat
1038 3198 1082 3265 dc
1093 3198 1224 3265 similitu

129 3323 185 3389 vcl
201 3321 392 3388 minoribus.
415 3322 547 3389 Constat
568 3340 610 3386 ax
626 3320 732 3402 capite
754 3322 845 3384 Sedes
866 3319 938 3406 (15,
961 3320 999 3381 alc
1021 3310 1188 3398 Rescripta)
1201 3311 1224 3374 ul

130 3440 331 3506 clementina
346 3443 414 3504 Nau
424 3446 526 3522 potest
541 3438 584 3524 (2,
601 3441 639 3501 dc
651 3431 925 3518 Procuratorilrus).

176 3559 208 3622 9.
234 3556 434 3620 Procurator
449 3553 510 3618 sibi
528 3553 626 3617 alium
660 3554 907 3634 procuratorem
923 3545 1124 3617 substituere
1140 3541 1224 3627 pout

130 3679 205 3758 post
218 3673 310 3738 litem
333 3677 641 3736 contestatamtnon
654 3672 834 3742 vernante,
848 3665 909 3729 nisi
920 3670 1007 3729 esset
1021 3661 1120 3734 datus
1131 3663 1162 3726 in
1174 3668 1224 3723 rem

132 3805 232 3864 suam,
249 3787 302 3853 uel
315 3787 377 3852 nisi
391 3786 473 3852 hanc
486 3783 751 3850 substitutionem
765 3781 826 3864 ipsi
838 3780 1024 3866 penniscrit
1039 3778 1223 3843 constituent·

133 3901 184 3968 Ita
198 3920 351 3986 expresse
367 3899 514 3967 decreuit
529 3898 717 3965 Boniiacius
729 3899 815 3975 vlit,
832 3896 884 3960 his
901 3894 1011 3960 verbis
1027 3915 1036 3958 ε
1054 3898 1136 3958 Licet
1150 3892 1225 3953 autri

135 4037 155 4079 a
173 4025 367 4100 procuratore
394 4025 464 4100 post
493 4020 579 4088 litam
602 4023 799 4078 contestatum
821 4018 919 4095 possit
950 4009 1029 4097 (cum
1053 4013 1183 4072 domiuus
1199 3997 1226 4058 *ἦ

132 4136 203 4209 ,litis
224 4130 356 4217 effectus)
372 4137 443 4197 olari
459 4136 540 4196 alius
552 4139 752 4215 procurator;
766 4137 857 4193 autea
873 4136 971 4190 rauca
983 4145 1045 4189 unu
1054 4131 1164 4209 potest,
1184 4112 1227 4180 alil
1239 4216 1242 4221 Ι

137 4255 172 4314 iu
186 4270 248 4313 ram
264 4271 349 4314 uram
369 4256 411 4314 sit
431 4253 537 4329 datus,
562 4252 610 4312 uel
631 4268 652 4311 a
670 4251 790 4313 dautur
809 4245 1010 4309 substituendi
1030 4246 1127 4306 ulium
1150 4237 1226 4324 (aaa

139 4375 220 4429 carra
237 4386 297 4429 uou
317 4386 458 4450 acprassa
476 4362 622 4450 persona)
643 4367 701 4427 sibi
723 4367 816 4443 fuerit
838 4379 973 4424 canusso
990 4366 1132 4442 putatas.
1156 4348 1223 4436 loll·
