2714 4980
137 312 178 381 28
476 332 663 381 morasus
687 334 730 382 na
752 335 899 382 inurens.

134 458 215 537 ticli,
232 463 309 525 tum'
321 461 341 524 'a
354 462 516 542 potestate
530 457 731 526 decernendi
755 458 797 526 de
817 457 895 537 lide,
907 467 985 525 'tam
995 457 1017 524 'a
1030 468 1193 544 potestate
1208 461 1252 528 le*

134 575 282 661 gislotiva
295 577 382 642 circa
399 575 612 660 disciplinam,
624 583 697 644 tum
707 598 726 643 a
735 585 898 662 potestate
913 593 1070 644 censuras·
1081 577 1251 654 ferendiin

134 692 241 759 certas
251 691 421 759 criminum
432 692 567 776 species.
692 730 696 737 ·

179 810 229 876 De
242 808 301 876 hac
318 829 398 895 ergo
411 808 582 896 judiciaria
595 811 744 877 Ecclesia
759 818 920 896 potestate
942 821 1094 880 movetur
1116 812 1251 898 quaestio

133 908 222 993 nuno
238 928 445 1008 excutienda,
463 934 574 995 utram
586 948 704 995 revera
718 929 760 995 ad
775 930 950 996 Ecclesiam
962 921 1036 1016 jure
1055 931 1200 1015 proprio,
1218 939 1252 997 et

134 1043 298 1110 achristo
322 1065 392 1113 aon·
410 1044 453 1111 ab
479 1045 662 1112 hominibus
684 1054 834 1131 accepto,
856 1047 1032 1131 pertineat.
1060 1048 1146 1112 Dum
1170 1065 1251 1112 vero

133 1155 305 1229 coactivam
317 1156 384 1226 cim
398 1160 549 1226 Ecclesia
567 1164 827 1242 memoravimus,
845 1170 999 1248 tanquam
1010 1140 1196 1248 judiciaria.
1203 1164 1252 1247 ip

132 1277 199 1343 sius
210 1278 381 1362 potestatis
394 1277 599 1344 essentialem
616 1287 755 1363 partem,
769 1282 890 1346 iterum
905 1281 956 1346 usi
969 1299 1080 1345 sumus
1091 1280 1251 1346 vocabulo

132 1394 230 1459 uariis
244 1392 382 1460 obnoxio
395 1394 721 1477 interpretationibus
737 1418 744 1461 ε
761 1396 860 1482 aliqui
869 1415 986 1480 nempe
995 1397 1061 1462 vim
1072 1398 1250 1462 coactivam

131 1505 283 1576 Ecclesia
300 1508 334 1575 ia
351 1514 515 1594 potestate
533 1517 685 1578 censuras
699 1513 818 1580 aliasve
833 1531 947 1597 panas
960 1531 1050 1580 mere
1066 1513 1250 1597 spirituales

66 1707 69 1715 Ι
132 1624 342 1705 decernendi,
354 1633 451 1712 atque
467 1629 553 1696 Reos
571 1627 757 1712 hujusmodi
767 1646 938 1712 panarum
950 1625 1197 1696 comminatione
1207 1628 1251 1694 ad

132 1719 334 1809 subeundam
344 1749 379 1808 et
393 1742 621 1830 exequendam
639 1746 833 1817 sententiam
847 1743 1065 1831 compellendi
1081 1753 1185 1811 totam
1199 1764 1252 1810 re-

131 1858 272 1942 ponunt
285 1859 467 1926 flammis
480 1868 591 1928 autem
611 1859 783 1928 doctorum
798 1861 914 1927 schola
934 1860 1082 1934 doctrina
1097 1860 1250 1927 Ecclesia

130 1958 265 2061 insuper
280 1958 424 2043 ¹uindicat
440 1996 552 2044 veram
567 1985 765 2061 potestatem
780 1980 886 2063 poenis
907 1979 1004 2045 etiam
1023 1977 1249 2063 corporalibus

130 2097 166 2157 et
178 2093 413 2178 temporalibus
427 2095 462 2161 in
476 2094 560 2161 Reos
571 2100 606 2162 et
619 2094 762 2161 rebelles
771 2093 1064 2162 animadvertendi.

131 2208 148 2249 2‘·
175 2208 306 2276 Etiamsi
321 2210 464 2276 Ecclesia
480 2218 590 2295 posset
607 2218 736 2277 tantum
758 2228 820 2295 per
841 2230 994 2277 censuras
1012 2219 1047 2277 et
1063 2211 1249 2295 spirituales

130 2342 243 2411 panas
254 2325 446 2410 procedere,
461 2326 496 2391 in
507 2345 587 2392 vero
603 2327 713 2412 aliquo
725 2346 823 2394 sensu
833 2325 900 2394 cim
913 2323 1248 2395 coacticomhabereta

130 2439 308 2508 dum-enim
322 2441 426 2529 judex
445 2444 690 2523 ecclesiasticus,
709 2444 773 2510 sub
795 2464 893 2529 pana
909 2444 1249 2511 excommunicationis

131 2536 238 2646 (uerbi
260 2557 374 2645 gratia)
397 2563 547 2647 precipit
570 2562 667 2628 alicui
687 2560 790 2640 fideli,
812 2567 851 2626 ut
871 2580 981 2627 coram
1003 2560 1161 2626 tribunali
1188 2579 1247 2626 suo

128 2674 325 2759 compareat,
334 2677 374 2742 in
385 2696 462 2743 eum
472 2680 538 2745 vim
547 2676 723 2764 qnamdam
732 2683 1061 2762 cogentemerercet3
1077 2675 1247 2761 siquidem

128 2790 190 2857 hoc
203 2790 301 2859 modo
314 2791 522 2880 adjudicium
533 2802 677 2874 vocatus,
690 2794 767 2861 licet
780 2792 912 2860 abunde
927 2793 1058 2869 invitus,
1073 2791 1248 2859 efficaciter

87 2891 93 2904 ⁵
127 2914 237 2975 umen
249 2908 292 2975 ad
305 2909 528 2977 sesistendum
542 2911 735 2998 plerumque
747 2908 922 2977 adducitur
935 2931 942 2975 :
955 2908 1087 2994 quavis
1101 2909 1246 2975 coactiva

127 3027 309 3110 presertim
327 3026 440 3094 efficax
454 3047 524 3095 esse
545 3030 639 3109 solet,
659 3027 739 3095 dum
755 3027 940 3094 contumaci·
957 3025 1077 3091 clerico
1098 3025 1246 3091 imminet

127 3160 223 3227 pana
238 3141 449 3228 depositionis
464 3145 505 3210 ub
522 3144 637 3224 officio,
656 3144 710 3212 vel
727 3142 919 3228 privationis
933 3141 1095 3218 beneficii,
1109 3142 1164 3206 rel
1187 3139 1245 3208 de·.

126 3258 335 3344 gradationis.
352 3261 435 3327 ilinc
447 3263 496 3327 vis
506 3252 563 3328 illa
574 3281 635 3347 per
652 3280 805 3328 censuras
818 3269 854 3327 et
866 3279 980 3345 panas
990 3259 1176 3343 spirituales
1191 3279 1244 3328 co·.

126 3353 216 3462 gens,
236 3376 383 3444 absolute
399 3376 513 3445 sufficit
532 3377 576 3445 ad
589 3379 729 3465 aliquam
746 3397 858 3444 reram
875 3376 1082 3464 judiciariam
1102 3384 1244 3460 potesta·

126 3500 194 3562 tem
212 3493 485 3562 constituendam.
510 3479 648 3563 Probari
669 3514 750 3581 ergo
770 3503 881 3580 potest
902 3495 1051 3560 Ecclesia
1071 3491 1244 3578 judiciaria

124 3609 279 3698 potestas,
309 3610 529 3708 abstrahendo
555 3613 597 3680 ab
620 3613 676 3679 illa
704 3612 808 3679 altera
832 3613 1020 3697 quastione,
1046 3615 1158 3696 utrum
1181 3610 1244 3694 ipsi

124 3737 289 3816 competat
301 3728 356 3816 jus
370 3748 431 3814 per
447 3731 634 3815 corporales
643 3739 679 3797 et
688 3730 887 3815 temporales
901 3746 1025 3814 poenas,
1045 3735 1080 3793 et
1090 3746 1156 3793 uon
1172 3735 1243 3793 tans

124 3845 194 3918 tum
209 3847 703 3935 perspirituales,procedendi.
1216 3869 1217 3872 ¹

133 4000 137 4006 ·
167 3966 213 4032 Ut
225 3984 304 4050 ergo
313 3966 396 4031 tanti
410 3968 567 4032 momenti
579 3966 789 4053 quaestionem
801 3963 1245 4049 enucleatiusexpediamus,

81 4101 83 4104 ’
124 4083 247 4149 cam-ia
263 4080 388 4168 duplex
403 4083 595 4150 vmembr-um
607 4082 762 4151 duximus
782 4078 1016 4147 scindendam:
1034 4084 1067 4146 1⁰
1089 4080 1240 4148 Ecclesia

22 4582 84 4680 h

121 4199 300 4283 generatim
314 4198 515 4268 vindicamus
536 4218 650 4267 reram
672 4197 879 4285 judiciariam
897 4202 1112 4282 potestatem,
1133 4197 1169 4265 id
1190 4206 1241 4265 est

122 4314 233 4382 iorum
247 4317 483 4385 contentiosum
495 4329 576 4384 cum
588 4317 696 4404 aliqua
713 4317 747 4381 vi
762 4314 923 4400 coactiva3
944 4314 1012 4382 aive
1025 4314 1129 4380 eatis
1147 4315 1241 4380 intel-

120 4432 256 4520 li'gemla⁴
267 4431 823 4522 sit-dascln-spintaalibuspcnis
836 4430 1022 4498 tile-elim
1031 4429 1075 4510 (lt
1088 4431 1241 4518 ⁰⁰1'P0114
