2714 4980
508 277 695 327 cucumis
718 282 763 328 DE
783 280 932 331 lonicus.

696 536 740 601 ΙΙ.

179 770 295 833 Qatoom
308 775 392 820 tectos
400 773 455 821 aim
464 772 526 835 lepis
534 773 657 836 ceojmts
666 775 822 831 commento,
833 777 921 840 quood
928 780 1082 839 proteum
1091 775 1239 840 quarm

663 865 785 918 boboam.

203 1100 372 1166 Praemissa
385 1099 582 1166 documenta
600 1101 838 1184 percurrendo,
857 1103 966 1186 potuit
985 1104 1094 1170 lector
1111 1102 1256 1170 advertere

164 1221 197 1284 1⁰
215 1216 416 1304 prohibitum
431 1234 562 1300 semper
578 1216 676 1283 fuisse
694 1218 821 1285 clericis
836 1237 878 1285 ne
894 1220 928 1284 in
946 1221 1053 1285 causis
1066 1218 1258 1306 sanguin's(id

162 1339 214 1400 est
233 1331 366 1418 quando
382 1331 506 1397 crimen
527 1338 635 1399 morte
653 1340 711 1400 aut
731 1334 936 1401 mutilatione
958 1335 1170 1419 plectendum
1186 1332 1257 1418 essct)

162 1449 315 1517 advocati
339 1449 601 1531 procuratorisve
627 1468 764 1516 munere
792 1458 905 1516 contra
929 1470 1025 1516 reum
1055 1450 1258 1535 iungerentm.

163 1569 277 1652 Neque
294 1566 328 1630 in
342 1565 403 1631 hoc
419 1583 563 1650 unquam
579 1564 748 1650 disciplina
767 1567 980 1633 variationem
998 1585 1094 1651 passa
1108 1567 1259 1652 reperitm.

170 1687 205 1750 2⁰
218 1684 297 1749 Eam
308 1681 407 1746 inisse
423 1689 618 1765 perpetuam
634 1683 788 1748 Ecclesia
802 1680 1015 1771 tendentium,
1031 1684 1096 1749 imo
1109 1689 1146 1749 et
1160 1701 1263 1767 genera·

164 1801 231 1866 lem
245 1798 403 1882 regulam,
420 1799 502 1864 utin
517 1799 644 1863 catenis
656 1799 755 1864 etiam
770 1800 883 1877 causis,
898 1817 1007 1865 coram
1021 1799 1170 1865 saecuiari
1179 1796 1263 1884 judee

165 1915 339 1994 ventilatis,
360 1912 517 1997 praedicto
534 1912 637 1982 officio
649 1914 852 1981 abstinerent
869 1915 1182 2001 clerici‚maj01ibus
1200 1912 1265 1980 ordi·

165 2032 262 2098 nibus
277 2031 431 2115 insigniti.
450 2033 486 2097 3ο
501 2031 647 2113 viguisse
662 2038 775 2097 tamen
792 2033 908 2109 uanas,
926 2031 1023 2096 variis
1040 2031 1232 2116 temporibus
1242 2035 1266 2094 ct

166 2149 257 2227 locis,
271 2147 313 2213 ad
326 2148 446 2212 dictam
457 2146 605 2230 regulam
619 2148 839 2231 exceptiones.
855 2149 891 2212 4⁰
900 2146 1016 2228 Quoad
1031 2148 1192 2213 minorum
1202 2143 1266 2212 ordi·

168 2283 247 2331 num
264 2264 411 2344 clericos,
427 2269 463 2329 et
477 2266 561 2330 circa
577 2263 728 2329 advocati
743 2261 1034 2347 procuratorisque
1049 2282 1168 2329 munus
1182 2279 1265 2328 caran

168 2379 387 2447 ecclesiastico
409 2379 522 2464 judice
544 2378 776 2457 exercendum,
798 2398 865 2445 non
886 2397 1063 2445 occurrere
1091 2384 1266 2445 constantem

169 2497 313 2584 pristinis
326 2497 529 2581 temporibus
543 2494 757 2579 disciplinam.
774 2497 815 2561 Et
832 2493 895 2560 hoc
909 2493 1044 2579 quidem
1056 2494 1101 2561 de
1116 2495 1266 2582 quastione

172 2613 325 2680 historice
341 2611 548 2677 considerata
562 2614 681 2676 cursim
694 2617 911 2694 praenotatum
922 2611 1094 2677 voluimus.
1109 2614 1200 2678 Nunc
1209 2625 1268 2674 roro

175 2727 460 2796 determinandum
480 2734 630 2793 remanet
651 2726 730 2812 quid
747 2725 829 2811 juris
858 2728 1035 2792 communis
1058 2727 1156 2793 hodie
1172 2722 1269 2793 censcu'

177 2844 309 2924 debeat,
323 2865 362 2912 ac
375 2842 514 2929 proinde
525 2839 717 2929 quibusnam
730 2861 771 2909 ex
788 2843 932 2908 textibus
942 2841 994 2928 jus
1007 2842 1091 2908 illud
1104 2842 1271 2927 depromen-

177 2961 256 3030 dum
272 2964 325 3028 sit.

221 3082 367 3148 Dicimus
380 3098 452 3146 esse
469 3077 730 3164 depromendum
745 3097 786 3143 ex
801 3076 929 3144 duabus
946 3077 1168 3147 decretalibus
1186 3077 1271 3144 cteta

180 3205 214 3266 ct
228 3200 473 3264 uomsmercotts
487 3215 584 3281 supra
599 3196 727 3279 relatis;
745 3195 909 3261 contraria
919 3202 1028 3261 autem
1042 3193 1117 3281 jura
1129 3196 1157 3261 si
1167 3207 1272 3280 qucoc

182 3321 316 3380 currant
339 3315 373 3377 in
397 3313 617 3378 monumentis
641 3311 874 3389 ecclesiasticis,
891 3331 952 3395 pro
972 3311 1125 3379 obsoletis
1148 3328 1215 3377 esse
1233 3307 1273 3372 be

181 3423 309 3509 benda;
323 3432 380 3490 aut
394 3425 508 3490 saltem
525 3443 590 3490 non
604 3424 716 3489 valere
729 3424 791 3489 nisi
802 3432 956 3509 tanquam
968 3422 1021 3508 jus
1035 3423 1234 3508 particulare,
1245 3433 1274 3482 cx

183 3542 352 3626 privilegio
369 3559 487 3623 nempe
505 3541 558 3606 vel
576 3540 811 3607 consuetudine
826 3540 944 3605 alicubi
959 3539 1045 3606 forte
1059 3538 1225 3605 inductum
1236 3529 1274 3597 vel

182 3664 361 3725 retentum.
381 3659 462 3723 Nam
479 3661 511 3722 1⁰
525 3657 591 3723 duo
604 3657 659 3722 illa
673 3655 806 3722 decreta
821 3656 956 3722 fuerunt
969 3674 988 3720 a
1004 3657 1161 3740 Gregorio
1174 3655 1216 3721 IX
1225 3657 1276 3716 tar

185 3795 280 3862 qnam
293 3775 383 3859 leges
400 3775 547 3857 vigentes
564 3774 598 3838 in
615 3773 708 3839 libris
719 3771 937 3839 decretalibus
950 3773 1082 3850 inserta,
1098 3780 1135 3837 et
1151 3771 1193 3838 de
1209 3768 1276 3835 fam

184 3900 267 3958 tunc
284 3893 351 3958 uim
363 3891 445 3975 legis
463 3890 688 3956 ecclesiasticae
699 3890 891 3954 universalis
902 3889 1099 3954 babuerunt.
1117 3892 1151 3954 2⁰
1167 3883 1278 3954 miden

185 4010 254 4074 tina
268 4006 412 4091 synodus
432 4004 566 4073 decreta
578 4007 633 4072 illa
656 4026 720 4072 non
736 4006 930 4084 immutavit,
956 4005 1015 4071 sed
1033 4004 1239 4077 confirmauit,
1252 3997 1279 4058 ui

187 4143 286 4207 supra
296 4123 532 4189 adnotavimus.
548 4125 583 4187 30
598 4121 681 4187 Ante
698 4128 818 4204 etpost
836 4119 1056 4185 Tridentinam
1072 4119 1230 4205 synodum
1242 4127 1280 4176 οδ·

188 4240 323 4303 nonistae
339 4239 534 4304 unanimiter
552 4257 593 4304 ex
609 4237 670 4304 iilia
688 4235 816 4304 duabus
831 4235 1062 4313 decretalibus
1080 4242 1230 4320 tanquam
1241 4225 1281 4312 jus

189 4371 357 4419 commune
382 4352 663 4433 constituentibus,
687 4352 949 4419 determinarunt
971 4360 1006 4416 et
1019 4350 1205 4418 docuerunt
1220 4332 1281 4432 quid
