2714 4980
178 306 215 368 12
518 319 707 369 mlcrlrus
729 323 774 369 mr
796 321 943 371 sumnus.

171 446 240 512 sitis
254 446 395 532 quinque
411 443 578 510 recensitis
592 442 843 524 conditionibus,
860 446 1001 514 adfuisse
1014 451 1146 534 proprie
1160 449 1287 517 dictum

168 563 327 652 J'ndicium
343 564 384 631 ab
398 563 548 657 omnibns
560 565 776 650 intelligatur3
792 584 855 630 nec
867 572 917 631 est
930 565 1018 631 ullus
1033 567 1181 650 scriptor,
1198 567 1287 633 nllus

167 679 250 768 juris
265 681 402 763 peritus,
422 680 480 765 qui
492 681 636 763 postulet
651 679 774 767 aliquid
790 679 962 765 demnptae
975 678 1089 766 judicii
1101 680 1212 747 forme
1226 679 1286 747 od-

167 793 234 881 jici,
248 801 287 860 ut
296 793 456 881 judicium
472 796 605 879 proprie
622 795 747 862 dictum
766 795 830 861 dici
845 796 963 862 merito
981 797 1082 880 possit
1099 803 1134 862 et
1148 795 1282 862 debeat.

171 910 238 976 lusi
261 928 340 994 ergo
361 885 665 977 velimus‘indebite
684 912 790 996 loqui,
808 918 842 977 et
859 910 1029 976 arbitrario
1050 929 1180 976 sensum
1199 912 1286 978 illins

171 1027 259 1093 vocis
268 1034 461 1112 pervertere
473 1036 507 1094 et
517 1028 699 1106 immutare,
712 1046 887 1112 agnoscere
898 1026 1066 1105 debemus,
1078 1028 1113 1092 in
1123 1029 1287 1094 sententia

107 1149 110 1157 '
171 1142 315 1230 praefatis
335 1140 574 1209 conditionibus
594 1143 725 1222 vestita,
741 1148 844 1210 totam
857 1144 996 1228 reperiri
1015 1142 1152 1210 forensis
1169 1143 1285 1228 judicii

171 1260 345 1325 essentiam
355 1259 424 1325 sive
434 1267 595 1326 naturam.
609 1258 706 1342 Quod
717 1259 848 1345 quidem
862 1278 927 1325 non
942 1258 1080 1343 impedit
1090 1261 1168 1344 quin
1180 1259 1285 1343 alege

172 1376 296 1460 possint
311 1377 381 1442 alie
396 1384 495 1462 atque
514 1377 584 1443 aliae
605 1394 666 1460 pro
686 1377 782 1443 variis
800 1377 942 1442 materiis
958 1375 1125 1460 prescribi
1140 1374 1285 1442 formali·

170 1496 267 1572 tates,
281 1492 399 1579 quibus
410 1493 533 1559 omissis
545 1492 674 1558 irritum
687 1500 721 1558 et
732 1492 851 1558 nullius
862 1490 996 1558 effectus
1003 1491 1162 1578 judicium
1177 1491 1285 1558 decla·

171 1616 288 1675 retur:
310 1614 446 1676 atvero
468 1617 563 1688 tunc,
587 1608 761 1695 judicium,
783 1610 989 1695 quantumvis
1010 1629 1029 1674 a
1048 1607 1123 1693 jure
1142 1609 1283 1692 positivo

170 1724 330 1803 irritetur,
344 1725 474 1792 minime
491 1745 510 1790 a
524 1733 643 1791 natura
656 1731 691 1791 et
704 1726 866 1791 essentiali
882 1723 1065 1792 conditione
1077 1723 1191 1810 judicii
1203 1723 1284 1790 defi·

169 1839 226 1905 cit.
251 1839 293 1905 llt
316 1847 407 1907 certe
431 1839 553 1925 judicia
577 1841 675 1906 etiam
699 1842 734 1905 in
760 1840 878 1927 quibus
905 1859 1017 1906 omnes
1044 1839 1127 1926 juris
1152 1841 1283 1924 positivi

168 1954 381 2037 formalitates
398 1964 548 2023 accurate
569 1966 704 2024 servata
723 1957 874 2035 fuerunt,
897 1956 1070 2042 aliquando
1089 1977 1108 2024 a
1125 1956 1283 2023 tribunali

167 2073 329 2156 superiori
347 2078 501 2158 tanquam
515 2070 636 2157 injusta
651 2081 741 2140 etex
760 2092 872 2139 errore
888 2072 1007 2158 judicis
1021 2073 1147 2156 prolata
1161 2072 1283 2138 rescin-

167 2182 314 2254 duntur:
331 2207 428 2254 nemo
443 2195 554 2254 tamen
565 2196 615 2255 est
631 2190 687 2275 qui
700 2197 798 2274 neget
814 2208 853 2255 ea
870 2208 949 2255 vera
960 2189 1060 2254 fuisse
1073 2187 1203 2273 judicia,
1221 2195 1282 2253 aut

165 2301 222 2388 qui
232 2300 348 2369 eadem
359 2304 423 2369 alio
435 2302 565 2370 nomine
580 2312 688 2372 vocet.

128 2512 132 2519 ι
211 2423 244 2486 9.
261 2419 310 2485 Ex
324 2422 494 2504 premissis
512 2430 623 2489 autem
641 2422 745 2489 facilis
758 2420 897 2491 efficitur
913 2420 955 2489 ad
970 2430 1095 2489 rectam
1114 2431 1149 2488 et
1166 2422 1281 2506 genui-

165 2554 240 2602 nam
253 2536 390 2604 iorensis
398 2536 512 2623 judicii
525 2537 749 2605 definitionem
764 2557 904 2624 gressus.
922 2540 967 2604 lla
977 2557 1094 2623 nempe
1110 2556 1172 2622 pro
1187 2558 1281 2604 accu-

165 2660 237 2719 rata
249 2654 352 2739 recipi
364 2652 499 2721 debebit
513 2653 672 2733 definitio,
689 2673 761 2740 quae
777 2673 890 2721 omnes
905 2662 939 2720 ct
952 2656 1035 2722 solas
1049 2673 1148 2738 snpra
1163 2673 1280 2721 recen·

164 2770 242 2837 sitas
261 2771 403 2858 quinque
427 2771 630 2839 conditiones
652 2773 739 2838 clare
763 2773 934 2858 exprimet.
958 2770 1068 2855 Quod,
1092 2773 1180 2838 inter
1200 2772 1280 2839 alias

164 2903 236 2972 que
254 2888 430 2972 excogitari
444 2895 592 2972 possent,
609 2895 765 2973 prestare
784 2889 861 2954 satis
880 2887 1012 2954 videtur
1026 2887 1094 2954 haec
1110 2887 1250 2954 formula
1267 2908 1275 2952 ε

157 2999 293 3093 jndicio,
309 3000 431 3095 dejure
444 3003 486 3072 ab
502 3003 615 3073 dotare
627 3015 738 3072 ecotro
753 3003 851 3072 licum
859 3014 1024 3094 protenso,
1033 3002 1200 3094 promisso
1211 3002 1280 3072 des·

164 3116 522 3209 coelimontano.
540 3123 607 3188 Per
618 3141 672 3187 eas
685 3117 1072 3211 vooesscatcotiodejcrc
1084 3121 1280 3206 exprimitur

161 3233 272 3327 primo
286 3238 464 3305 essentialis
476 3236 633 3333 conditio,
652 3246 691 3304 ut
707 3256 825 3323 nempe
841 3241 1001 3305 sententia
1017 3239 1058 3304 sit
1074 3236 1116 3305 de
1132 3259 1172 3306 eo
1187 3239 1279 3325 quod

164 3355 260 3422 alicui
278 3375 319 3422 ex
332 3354 407 3441 jure
420 3355 574 3422 debetur.
596 3356 666 3421 Vox
677 3349 812 3443 judicis,
829 3351 968 3422 secundm
988 3354 1166 3422 conditioni
1185 3355 1278 3420 satis-

165 3471 261 3553 facit,
282 3491 347 3558 qua
370 3471 549 3557 requiritur
567 3477 606 3536 nt
624 3471 784 3537 sententia
801 3470 960 3538 seratura
979 3489 1117 3556 persona
1139 3469 1181 3536 ad
1199 3469 1279 3537 red-
1309 3473 1312 3478 ’

165 3587 309 3658 dendam
316 3588 475 3677 justitiam
483 3588 626 3673 legitime
640 3588 799 3655 contituta
815 3609 823 3655 ε
844 3608 909 3655 non
924 3587 1010 3654 enim
1023 3594 1160 3653 vocatur
1172 3585 1277 3672 judex

164 3707 226 3775 nisi
243 3704 287 3773 ad
305 3704 522 3773 exercendam
534 3702 692 3791 justitiam
710 3705 852 3789 legitime
866 3705 991 3789 positus
1010 3710 1067 3769 aut
1085 3702 1274 3786 deputatus.

168 3821 198 3893 Τ
194 3819 278 3893 artic
291 3843 372 3892 vero
390 3829 425 3891 et
442 3832 558 3912 quarto
571 3821 714 3890 conditio
732 3823 859 3907 pariter
874 3820 1105 3904 adimplentur,
1123 3819 1204 3886 dum
1218 3820 1279 3886 ad-

165 3938 255 4007 ditur
268 3936 310 4006 ab
326 3934 437 4006 doloro
458 3947 567 4007 contra
586 3934 687 4004 Reum
702 3945 867 4025 praetenso.
888 3930 1011 4016 Ocima
1030 3932 1179 4013 taudem,
1196 3932 1277 4000 dum

164 4056 346 4143 subjicitur,
360 4052 527 4145 premissa
541 4051 773 4144 disceptatione.

213 4177 264 4241 10.
284 4174 446 4243 Ceterum
466 4174 611 4260 exposita
629 4171 673 4238 de
694 4179 810 4237 natura
831 4168 947 4255 judicii
962 4166 1125 4246 doctrina,
1149 4185 1223 4232 oum
1237 4188 1278 4234 ea

165 4299 319 4362 consonat
336 4311 442 4381 quea
459 4290 604 4379 probatis
622 4287 814 4357 doctoribus
833 4285 1047 4354 communiter
1063 4283 1151 4352 tradi
1172 4284 1275 4369 solet;

165 4411 220 4498 qui
234 4410 332 4479 variis
345 4411 424 4481 licet
438 4409 588 4479 formulis
604 4412 754 4486 utantur,
774 4405 864 4474 idem
878 4410 989 4471 tamen
1008 4400 1117 4490 quoad
1134 4418 1205 4468 rem
1219 4419 1279 4470 ex-
