2714 4980
486 295 566 344 rsus
589 295 747 344 secunus.
1114 283 1172 345 511

60 418 166 496 solita,
188 418 368 503 loquantur
383 422 500 503 passim
516 408 680 486 doctores.
704 423 773 487 lmo
796 423 986 509 antiquitate
1010 423 1179 489 venerabi·

59 534 127 598 lem
144 532 305 617 ejusmodi
319 536 445 618 praxim
458 544 622 602 testantur
636 536 774 618 plurima
789 537 889 603 medii
901 539 960 603 avi
967 538 1173 617 documenta,

60 649 180 733 quibus
198 649 266 714 haec
289 658 347 716 aut
361 653 557 735 aequivalens
577 651 772 734 subscriptio
797 653 1005 736 appenditur,
1020 675 1072 736 epo
1087 658 1172 734 N...,

59 770 202 827 emortus
222 771 359 847 juratus.
390 767 602 832 Nihilominus
628 765 748 832 dictam
775 769 1012 835 solemnitatem
1036 769 1078 835 de
1100 768 1176 853 jure

60 879 227 946 communi
241 900 311 946 esse
324 881 385 946 sub
398 891 575 966 precepto,
590 890 624 948 et
635 885 815 964 prasertim
824 885 886 950 sub
896 877 1053 951 nullitatis
1067 904 1173 968 parua,

60 995 302 1078 usurpandam,
327 997 417 1064 nullo
434 1006 528 1063 textu
543 998 625 1080 legis
643 998 804 1062 canonicae
825 1019 1013 1083 expressum
1031 1001 1172 1083 reperio.

61 1112 264 1195 Praescripsit
278 1112 410 1199 quidem
427 1114 574 1179 Clemens
589 1116 617 1179 V
630 1114 663 1177 in
681 1115 816 1181 concilio
832 1117 1004 1181 Viennensi
1018 1114 1176 1200 ejusmodi

59 1224 298 1310 juramentum,
311 1237 409 1313 atque
421 1230 518 1294 etiam
530 1229 704 1294 formulam
716 1249 779 1314 qua
788 1232 937 1314 praesturi
948 1231 1108 1297 debebat:
1121 1229 1181 1296 sed

61 1362 102 1408 ea
120 1341 288 1425 dispositio
302 1346 435 1428 respicit
450 1344 620 1410 dumtaxat
641 1346 848 1429 privilegium
870 1348 984 1430 viginti
1003 1347 1180 1413 Galliarum

60 1458 230 1541 Episcopis
250 1467 328 1524 tunc
352 1479 539 1525 concessum
552 1481 559 1544 ;
574 1469 612 1525 ut
635 1469 745 1543 posset
768 1481 886 1545 nempe
909 1482 1024 1528 eorum
1042 1462 1180 1549 quisque

62 1573 148 1640 duos
160 1577 302 1641 notarios
316 1577 509 1659 apostolicos
528 1597 653 1642 creare.
674 1576 768 1642 Unde
786 1578 874 1663 quod
894 1582 1011 1645 attinet
1032 1578 1075 1645 ad
1091 1587 1182 1644 nota-

61 1692 129 1756 rios
143 1691 323 1758 ordinarios
337 1701 371 1759 et
387 1692 636 1777 juscommune,
661 1692 793 1759 videtur
813 1694 1084 1774 concludendum,
1103 1715 1182 1778 praa·

61 1805 185 1872 dictam
223 1807 400 1891 juramenti
438 1809 675 1874 solemnitatem
711 1811 745 1873 in
778 1811 980 1875 notariorum
1017 1812 1181 1877 creatione

61 1923 178 1988 stricte
194 1923 418 2017 obligatoriam
438 1945 504 1990 non
519 1944 599 1990 esse.
618 1924 722 2004 Quam
745 1933 855 1990 autem
869 1925 1034 1992 laudabile
1052 1931 1094 1992 sit
1109 1945 1181 1993 eam

61 2041 188 2106 servari
199 2041 277 2105 satis
288 2059 330 2106 ex
344 2040 439 2106 dictis
454 2047 556 2124 patet.
568 2041 608 2106 lit
621 2040 809 2120 notandum,
822 2051 895 2126 post
901 2041 1075 2127 juramenti
1089 2044 1181 2109 emis·

61 2157 198 2236 sionem,
217 2155 386 2241 perjurum
401 2156 474 2223 fieri
487 2161 659 2235 notarium,
679 2160 734 2242 qui
756 2178 775 2222 a
791 2178 825 2224 se
839 2157 948 2242 jurata
962 2178 1026 2224 non
1048 2168 1177 2242 servat3

62 2273 119 2359 qui
137 2271 285 2350 effectus,
307 2273 424 2338 omisso
434 2271 630 2356 juramento,
652 2292 717 2338 non
732 2281 937 2358 sequeretur.

577 2558 592 2629 5
622 2554 677 2616 lll.

279 2821 283 2831 ¹
379 2772 412 2818 lte
425 2771 499 2821 officio
513 2784 556 2822 scu
570 2772 751 2834 obligationibus
764 2775 857 2823 notarii.

111 3003 138 3067 I.
158 3001 280 3067 Notarii
300 3009 413 3066 contra
438 2999 532 3066 officii
551 3003 601 3066 sui
625 3000 774 3067 debitum
799 3008 959 3084 peccant:
985 3023 1002 3063 «
1016 3008 1127 3083 primo,
1153 3004 1180 3065 si

66 3141 84 3179 a
98 3118 168 3182 siae
188 3117 358 3183 sufficienti
378 3119 496 3201 peritia
512 3118 688 3200 suscipiant
704 3116 854 3183 officium.
880 3121 1026 3197 Secundo,
1046 3119 1072 3182 si
1090 3117 1180 3202 jura-

66 3241 248 3299 «mentum
271 3233 404 3300 violent.
425 3239 537 3312 Tertio,
563 3233 589 3297 si
613 3235 647 3297 in
669 3230 871 3316 depositione
901 3233 1035 3297 testium
1060 3233 1179 3319 aliquid

67 3372 85 3412 «
102 3349 246 3414 notabile
263 3357 297 3414 et
318 3357 555 3414 momentosum
578 3347 701 3413 addant
722 3349 777 3414 vel
804 3347 988 3414 detrahant.
1011 3353 1136 3430 Quarto,
1154 3351 1180 3415 si

67 3488 85 3529 a
104 3465 250 3531 ministro
266 3464 507 3548 transcriptori,
531 3485 605 3530 cum
624 3466 744 3531 erroris
756 3465 916 3550 periculo,
935 3484 1071 3531 examen
1094 3484 1180 3533 com-

67 3582 245 3649 amittant.
270 3586 393 3662 Quinta
419 3582 446 3645 si
471 3583 687 3664 protocollum
709 3591 743 3647 et
764 3589 833 3648 acta
851 3583 1054 3666 negligenter
1073 3591 1180 3648 custo-

67 3721 85 3760 «
103 3696 195 3763 diunt
215 3717 288 3762 cum
314 3696 434 3762 damno
461 3699 613 3780 partium.
643 3702 746 3776 Secta,
780 3698 806 3760 si
837 3695 988 3762 differant
1010 3717 1179 3765 causarum

67 3838 85 3877 a
100 3797 362 3898 expeditionem.
377 3821 414 3878 ut
442 3815 611 3896 pecuniam
631 3820 859 3896 extorqueant.
884 3818 1027 3895 Septimo,
1046 3816 1072 3879 si
1087 3813 1182 3882 testa·

67 3954 86 3993 u
104 3938 249 3996 mentum
265 3929 408 3994 scribant
422 3929 558 3994 hominis
576 3929 702 3994 ratione
724 3927 884 3994 destituti.
900 3935 1021 4011 Octavo,
1040 3931 1068 3997 si
1081 3935 1193 4001 testas

68 4070 86 4109 a
104 4045 202 4111 falsos
216 4044 400 4110 admittant.
419 4050 515 4123 Nono,
531 4045 557 4109 si
574 4044 796 4110 solemnitates
818 4046 1016 4111 necessarias
1031 4067 1072 4112 ex
1096 4049 1184 4131 iguo

68 4183 88 4224 a
105 4161 212 4225 nantia
227 4159 379 4243 culpabili
392 4160 446 4227 tel
465 4161 584 4226 malitia
601 4159 866 4243 pretermittant.
888 4165 1018 4241 meino,
1038 4162 1065 4228 si
1085 4164 1184 4231 conli-

69 4300 88 4342 «
105 4280 193 4344 ciant
211 4279 464 4343 instrumentum
491 4279 692 4355 usurarium,
714 4278 768 4342 vel
784 4277 917 4355 falsum,
945 4282 1125 4361 prasertim
1150 4284 1184 4350 in

69 4420 88 4458 «
105 4395 267 4460 damarum
278 4396 368 4460 tertii
386 4417 394 4458 :
417 4396 442 4460 si
454 4395 573 4462 faciant
592 4403 629 4460 ut
646 4413 817 4479 processus
832 4403 866 4460 et
880 4412 984 4463 causae
999 4397 1130 4466 veniant
1141 4400 1184 4466 ad
