2714 4980
127 294 190 368 iti
470 314 656 371 ancorariis
677 323 722 371 nn
743 320 892 371 tumens.

123 446 234 513 autom
256 443 401 530 requiri,
432 450 472 511 ut
500 454 575 532 post
602 456 768 534 acceptam·
799 442 1039 532 delegationem
1064 432 1153 512 talis·
1169 442 1241 532 ptr*

121 564 262 629 maneat.

165 682 198 746 i.
224 682 352 746 Dantur
365 687 475 746 tamen
495 699 586 747 casus
608 683 763 761 nonnulli,
787 684 821 750 in
839 682 957 770 quibus
975 680 1159 764 delegatus,
1179 680 1237 765 pel·

120 792 223 863 status
234 797 283 862 sui
297 797 508 863 mutationem
518 797 777 884 jurisdictionem
790 800 919 879 amittit,
935 800 1014 864 licet
1029 792 1234 882 personalem

120 930 179 978 seu
198 914 318 979 intuitu
344 932 491 997 personae
513 914 574 998 ipsi
598 934 804 1001 concessam;
825 924 859 981 et
879 915 955 981 ideo
975 916 1008 979 iu
1033 910 1232 998 praecedenti

120 1030 324 1095 conclusione
345 1030 451 1112 posita
479 1029 543 1095 fuit
560 1050 624 1096 vox
653 1035 846 1114 regulariter.
862 1032 926 1096 Eos
941 1037 1055 1097 autem
1084 1042 1179 1095 casus
1191 1028 1231 1094 sic

118 1144 291 1212 enumerat
318 1145 610 1230 Schmalzgrueber
645 1147 688 1234 (in
709 1150 762 1213 tit.
794 1148 975 1229 29,iibri1
1004 1142 1226 1227 decretalium,

116 1283 150 1326 n.
172 1259 226 1346 47)
247 1282 254 1326 :
279 1263 311 1324 1ο
333 1261 360 1325 si
395 1258 565 1345 delegatus
582 1262 616 1327 in
638 1260 752 1328 delicti
772 1282 902 1347 poenam
917 1265 1064 1347 privatus
1080 1263 1124 1328 sit
1134 1261 1228 1329 officio

113 1379 168 1445 vel
188 1376 402 1462 dignitate...;
420 1380 454 1442 2⁰
468 1379 495 1442 si
514 1377 684 1462 delegatus
705 1378 854 1464 deposita
878 1379 1036 1465 dignitate
1064 1376 1226 1446 transisset

116 1495 158 1560 ad
169 1504 289 1561 statum
304 1494 589 1579 incompatibiiem,
619 1498 763 1580 exempli
785 1498 889 1581 gratia
904 1495 1057 1562 ducendo
1085 1500 1222 1574 uxdrem,

93 1600 149 1680 'et
164 1614 210 1678 sic
228 1612 462 1697 jurisdictionis
485 1613 713 1678 ecclesiastice
741 1612 798 1678 fiat
828 1613 983 1697 incapax;
1003 1617 1039 1679 3⁰
1058 1614 1088 1678 si
1106 1612 1224 1697 religio

116 1748 192 1794 nem
217 1729 380 1812 ingressus
396 1727 508 1805 tuerit,
526 1747 592 1793 non
607 1746 856 1815 quamcumque,
878 1727 935 1794 sed
956 1727 1067 1807 talem,
1088 1728 1122 1793 in
1144 1726 1223 1812 cujut

115 1843 399 1910 constitutionibus
413 1862 583 1909 causarum
614 1843 841 1927 delegatorum
862 1844 1001 1927 cognitio
1032 1851 1068 1909 et
1084 1842 1221 1910 executio

116 1959 299 2044 specialiter
312 1958 517 2043 prohibetur.

161 2080 191 2142 5.
218 2074 329 2140 Cessat
354 2073 534 2159 jurisdictio
573 2073 716 2158 delegati
744 2094 805 2159 per
833 2074 1076 2141 revocationem
1104 2074 1219 2161 delegi·

115 2194 221 2272 tionis,
241 2191 448 2275 adelegante
476 2192 529 2258 vel
548 2190 618 2276 ejus
637 2191 809 2276 superiore¹
828 2190 959 2258 factam.
979 2193 1021 2257 lit
1042 2193 1089 2257 sic
1119 2196 1217 2259 tenent

115 2309 331 2376 communiter
342 2309 516 2374 Doctores.

160 2423 374 2491 Statuendum
390 2432 500 2490 tamen
511 2431 561 2489 est
572 2423 744 2491 discrimen
760 2426 848 2491 inter
863 2428 1005 2511 primum
1025 2424 1216 2511 delegantem

116 2551 150 2610 e't
163 2541 431 2626 subdelegantem
449 2563 456 2607 :
475 2541 597 2624 primus
612 2539 766 2626 delegans
790 2562 946 2608 revocare
971 2536 1082 2626 potest
1103 2538 1216 2628 jurisdi-

116 2660 257 2725 ctionem
275 2660 309 2722 in
327 2666 444 2736 totum,
469 2659 568 2721 etiam
588 2676 683 2722 causa
702 2655 768 2742 jam
789 2658 930 2742 incepta.
957 2655 1089 2739 Atvero,
1104 2660 1163 2724 alia
1181 2660 1215 2722 est

116 2775 257 2842 conditio
274 2772 345 2859 ejus
367 2775 423 2858 qui
445 2772 698 2857 subdelegavit:
723 2774 750 2837 is
768 2774 867 2852 enim,
887 2773 941 2839 vel
959 2772 1215 2859 subdelegaritin
1247 2843 1249 2847 k

114 2892 232 2968 totum,
261 2890 316 2954 vel
341 2888 481 2973 aliquam
512 2887 682 2954 dumtaxat
704 2908 807 2954 causae
830 2897 959 2973 partem
979 2912 986 2956 ε
1005 2891 1038 2955 Si
1056 2889 1216 2985 priusjan

118 3016 271 3074 censetur
287 3006 388 3073 officio
409 3025 468 3070 suo
489 3004 634 3084 functus,
649 3016 711 3071 ne'c
728 3012 848 3089 potest,
868 3025 963 3072 causa
977 3006 1121 3090 incepta,
1137 3005 1216 3093 juris

117 3123 291 3190 dictionem
310 3142 328 3187 a
346 3121 561 3204 subdelegato
578 3138 735 3186 revocare
754 3142 761 3184 :
782 3120 808 3185 si
822 3121 996 3204 posterius,
1022 3142 1099 3187 cum
1112 3116 1217 3208 aliquid

114 3238 346 3324 jurisdictionis
370 3237 430 3301 sibi
446 3236 676 3312 reservaverit,
695 3235 826 3319 poterit,
853 3237 950 3300 etiam
973 3255 1069 3302 causa
1090 3237 1215 3321 incepta,

118 3353 417 3438 subdelegationem
435 3369 602 3417 revocare.
629 3348 722 3438 (Vide
739 3348 1039 3435 Schmalzgrueber,
1058 3353 1092 3417 in
1105 3356 1157 3418 tit.
1174 3354 1216 3427 il,

115 3473 140 3536 l.
171 3475 183 3535 l
210 3470 433 3547 decretalium,
465 3488 499 3531 n.
523 3469 583 3551 45;
608 3474 642 3532 et
666 3468 821 3546 Ferraria,
854 3487 885 3532 v.
908 3471 1081 3550 Deiepotos,
1110 3490 1143 3534 n.
1170 3469 1216 3535 it:

118 3587 258 3672 quirem
273 3586 369 3650 variis
382 3583 527 3649 textibus
539 3581 620 3667 juris
639 3579 805 3666 probant.)

163 3709 195 3771 6.
219 3704 329 3769 Cessat
346 3698 526 3786 jurisdictio
547 3698 689 3783 delegati
708 3697 838 3784 quando
869 3701 1064 3766 sententiam
1093 3700 1219 3787 pronun·

115 3822 218 3900 tiavit,
245 3836 381 3903 eamque
409 3816 594 3881 executioni
619 3813 785 3880 mandavit
812 3816 866 3880 vel
896 3815 1042 3881 mandari
1059 3817 1216 3903 prae'cepit.

118 3932 251 4008 Constat
265 3956 307 4002 ex
320 3935 425 4019 capite
444 3937 483 3998 Ic
500 3936 611 3997 litteris
633 3932 676 4019 (9,
703 3933 791 3997 tituli
810 3935 863 4011 29,
896 3933 920 3997 l.
952 3936 965 3997 i
988 3930 1216 4019 decretalium).

116 4060 233 4143 inquo
249 4056 293 4120 sic
314 4051 498 4117 Alexander
511 4052 559 4116 ΠΙ
575 4073 582 4116 :
600 4054 651 4114 Ex
665 4073 721 4132 quo
728 4055 829 4134 judex
839 4055 992 4134 delegatus
1002 4074 1061 4137 per
1075 4077 1107 4119 sc
1117 4057 1166 4120 oei
1174 4072 1219 4140 ptr

117 4178 212 4241 cilium
225 4177 403 4237 sententiam
414 4175 581 4232 executioni
598 4171 767 4250 mondavit,
787 4173 835 4232 oei
849 4174 1153 4256 mondoriproecepa't,
1168 4162 1221 4258 ejro'

117 4296 282 4358 auctoritas
310 4295 340 4350 et
352 4284 530 4368 jurisdictio
553 4290 670 4363 cessot;
698 4291 769 4366 puio
793 4289 882 4349 semel
906 4296 951 4350 ert
977 4289 1074 4368 officio
1096 4293 1214 4371 sumtus.

116 4407 254 4492 Quando
266 4422 343 4485 ergo
361 4400 530 4483 delegatus
540 4400 603 4464 hoc
619 4398 779 4482 prestitit,
802 4418 867 4467 non
878 4410 987 4486 potest
1006 4406 1144 4489 amplius
1158 4398 1215 4471 sese'
