2714 4980
565 338 645 388 olas
666 339 781 389 Patrai.

638 601 705 680 Sl.

401 829 510 882 lodicum
522 830 734 882 ecclesiasticorum
748 831 818 882 rarle
833 832 933 895 specics.

152 1049 302 1133 «ludex,
317 1051 364 1119 sic
379 1049 560 1136 appellatus
576 1049 665 1137 quod
674 1056 730 1136 jus
743 1051 838 1132 doct,
859 1057 910 1116 est
924 1068 1063 1136 persona
1078 1069 1150 1139 que
1166 1070 1228 1138 pu-

108 1168 223 1236 «blica
251 1171 445 1237 auctoritate
468 1168 590 1256 judicio
614 1176 732 1254 preest
753 1175 789 1236 et
808 1168 900 1255 qnasi
923 1168 1140 1237 mediatorem
1160 1172 1227 1256 agit

108 1286 226 1352 «inter
240 1277 414 1372 litigantes,
426 1305 498 1354 rem
512 1294 755 1354 controversam
770 1285 950 1353 secundum
961 1285 1045 1372 juris
1056 1288 1226 1373 prescrip

107 1409 211 1468 «tum
226 1401 446 1470 decidendo.»
464 1394 775 1492 (Schmnltgrueber,
794 1403 827 1467 in
840 1403 973 1469 titulum
993 1406 1006 1469 1
1027 1406 1066 1468 de
1081 1406 1222 1483 Iudiciis,

104 1518 182 1585 libri
200 1521 221 1584 2
237 1517 461 1601 decretalium,
476 1540 510 1586 n.
533 1519 599 1607 lt.)
617 1518 811 1605 Huiusmodi
829 1528 938 1587 autem
953 1520 1161 1605 magistratus
1172 1540 1226 1588 eo-

105 1633 276 1702 olesiastici
287 1637 458 1722 multiplici
475 1636 573 1704 modo
592 1655 650 1703 seu
669 1636 703 1701 in
720 1637 826 1703 varim
840 1637 965 1722 species
983 1636 1136 1723 distingui
1149 1654 1223 1723 pos·

104 1757 191 1817 sunt.
210 1753 346 1837 Nempe,

147 1868 176 1935 Ι.
198 1869 236 1934 Ιι]
251 1872 372 1952 judices
387 1889 426 1934 ec
442 1876 515 1954 jore
538 1874 653 1953 dtvtoo,
679 1878 714 1938 et
726 1875 846 1954 jttdtces
866 1890 906 1935 cc
921 1876 994 1955 jure
1010 1873 1217 1937 mourmelieo.

102 1982 280 2070 supremus
294 1987 329 2050 in
344 1986 496 2053 universa
507 1987 649 2054 Ecclesia
663 1987 778 2073 judex,
797 1989 867 2072 ipsa
885 1987 1003 2054 Christi
1018 1988 1148 2055 Domini
1167 2006 1221 2054 or·

104 2068 269 2168 diutione
275 2101 444 2169 institutus
453 2109 503 2169 est
510 2100 672 2171 Romanus
683 2106 829 2172 antistes.
841 2105 878 2170 Ei
888 2124 1027 2190 namque
1039 2106 1072 2170 in
1081 2122 1221 2188 persam

103 2218 137 2284 B.
156 2219 253 2287 Petri
269 2220 319 2308 (ut
332 2219 448 2286 definit
468 2219 621 2305 expresse
640 2223 837 2289 oecumenico
857 2223 1043 2288 Florentino
1061 2218 1217 2308 synodus)

104 2337 239 2404 contulit
258 2337 404 2403 Christus
422 2339 551 2422 plenam
570 2337 734 2423 regende,
755 2338 924 2424 poscendae
943 2347 980 2405 et
996 2338 1218 2423 galemandae

104 2453 297 2521 universalis
308 2453 457 2522 Ecclesiae
468 2461 664 2540 potestatem
680 2477 687 2540 ;
701 2455 734 2520 in
748 2475 812 2542 qua
824 2456 939 2540 procul
952 2454 1053 2521 dubio
1066 2472 1220 2538 suprema

103 2575 130 2636 et
136 2571 322 2639 universali
328 2571 491 2656 regiminis
501 2578 676 2656 potestate,
684 2570 846 2658 judicialis
857 2572 955 2639 etiam
965 2578 1109 2656 potestas
1119 2570 1219 2636 inolu-

100 2684 201 2757 ditur.
221 2690 308 2755 Item
319 2687 392 2778 jure
410 2687 521 2756 divino
534 2687 664 2775 judices
678 2695 754 2754 sunt
769 2689 927 2774 Episcopi,
946 2693 1107 2775 quatenus
1120 2688 1218 2755 colle-

95 2808 228 2887 gialiter
241 2825 316 2873 cum
326 2807 431 2892 capite
443 2825 502 2872 suo
515 2808 660 2874 Romano
668 2807 825 2874 Pontilioe
832 2807 954 2891 sumpti
964 2829 972 2893 ;
982 2808 1062 2873 utin
1073 2814 1217 2889 tractatu

95 2919 126 2990 le
143 2927 302 3007 Episcopo
316 2941 357 2989 ex
375 2921 523 3008 professo
543 2922 846 2989 demonstrabimus.
861 2924 903 2989 Et
917 2923 978 2989 hoc
989 2921 1104 2990 saltem
1120 2941 1218 2989 sensu

95 3036 360 3123 utelligendum,
374 3040 496 3133 positos
507 3046 654 3125 aspicite
663 3045 773 3106 Sancto
786 3040 960 3124 Episcopos
974 3058 1090 3124 regere
1104 3040 1216 3108 Eccle-

95 3155 174 3224 iam
186 3154 263 3221 Dei.
278 3155 359 3221 Hinc
371 3153 503 3243 quando
516 3158 750 3241 Episcoporum
764 3156 886 3223 morale
900 3174 1019 3240 corpus
1034 3156 1130 3222 simul
1140 3174 1216 3222 cum

95 3275 184 3358 ’apo
202 3268 333 3357 judicat
351 3272 386 3338 et
405 3270 735 3358 decernit‚.Episcopi
752 3292 817 3341 non
841 3280 918 3340 sunt
936 3273 1106 3342 consiliarii
1121 3271 1216 3340 dum-

95 3396 187 3459 axat
198 3389 335 3456 Romani
347 3390 523 3469 Pontificis‚
537 3390 597 3458 sed
609 3392 680 3457 veri
688 3391 827 3478 judices,
837 3391 1023 3478 judicialem
1032 3412 1054 3458 a
1063 3390 1134 3460 Deo
1145 3393 1215 3481 ipso

95 3513 265 3590 coeptam
273 3515 470 3590 potestatem
480 3516 683 3575 exercentes.
694 3509 812 3576 Utrum
820 3528 900 3576 vero
907 3510 1109 3595 particularis
1119 3512 1215 3579 etium

95 3623 264 3693 udicandi
291 3632 445 3708 potestas,
472 3644 568 3712 mam
590 3627 725 3712 qulsque
745 3627 923 3713 Episcopus
946 3628 979 3693 in
1001 3648 1058 3694 sua
1081 3626 1215 3698 diecesi

95 3749 243 3821 exercet,
268 3740 379 3808 divino
402 3734 692 3828 juri'adcensenda
710 3738 762 3824 sit,
779 3745 825 3811 ita
846 3747 972 3813 utillum
989 3745 1214 3814 immediatae

95 3860 224 3930 lhristo
239 3859 369 3939 habeat,
387 3866 422 3925 et
435 3880 499 3926 non
514 3866 641 3925 tantum
658 3859 786 3947 aPapa,
801 3867 852 3927 est
863 3863 997 3948 questio
1010 3863 1213 3948 mquoterm

95 3978 202 4045 rdhuc
224 3975 313 4061 apud
333 3975 486 4044 doctores
503 3986 723 4058 controversa,
746 3987 781 4047 et
796 3979 940 4049 nondum
962 3978 1116 4065 expresse
1129 3978 1213 4049 defl-

135 4210 256 4277 Ceteri
264 4230 355 4291 vero,
368 4217 490 4296 praeter
496 4222 702 4294 memoratos,
715 4214 922 4282 ecclesiastici
927 4213 1066 4302 judices,
1077 4234 1118 4284 ex
1128 4214 1213 4304 juris

95 4328 221 4414 positivi
230 4327 440 4417 dispositione
449 4331 588 4402 instituti
598 4332 753 4404 censendi
765 4341 853 4415 sunt,
869 4333 959 4421 quod
971 4343 1067 4405 extra
1081 4354 1211 4406 omnem

96 4448 346 4516 controversiam
361 4456 422 4517 est.
