2714 4980
156 94 199 176 98
488 118 675 178 mansurus
697 126 742 176 nu
765 126 912 178 ronrcrrs.

151 232 227 339 jura
241 270 423 321 exercere:
444 270 508 341 quo
522 254 639 340 posito,
659 254 778 322 mirum
791 261 923 323 nonest
942 252 1086 334 decerni,
1106 259 1146 320 ut
1163 248 1209 322 ad
1220 273 1270 323 re-

153 388 228 455 gem
239 370 450 455 perferantur
460 373 681 439 accusationes
693 371 735 440 de
747 372 1011 459 metropolitanis,
1020 372 1107 440 hona
1121 372 1271 440 ecclesia·

152 505 227 553 rum
241 486 505 574 dilapidantihus.
516 488 598 557 Inde
613 498 802 557 autemnon
816 491 1003 576 probatura
1020 491 1171 576 patribus
1186 490 1272 557 Tole-

151 606 236 671 tanis
250 606 391 690 agnitam
404 607 502 674 fuisse
516 607 552 673 iu
566 627 645 694 rege
662 629 776 676 veram
791 616 824 676 et
838 609 900 695 ipsi
913 610 1079 694 propriam
1094 608 1136 676 de
1151 609 1272 677 talibus

151 723 256 789 cauam
276 724 490 809 cognoscendi
511 732 716 810 potestatem.
740 726 913 814 Respondo
930 731 1077 793 secondo:
1097 728 1187 795 velle
1206 729 1272 814 qui-

151 837 228 908 dem
244 839 369 908 dictum
385 843 555 910 concilium
568 851 607 910 ut
620 845 703 911 tales
721 845 941 912 accusationes
960 850 1040 928 repis
1058 848 1187 910 acribus
1201 851 1273 910 inti-

147 966 292 1041 mcator,·
310 979 351 1024 an
364 967 473 1026 autem
488 968 526 1027 ut
545 980 599 1028 eas
620 961 765 1046 ipseper
783 982 818 1029 se
829 960 968 1048 judicet,
985 983 1027 1031 an
1041 981 1123 1029 vero
1143 970 1272 1029 tantum

148 1082 198 1155 ut,
213 1083 369 1161 tanquam
386 1077 535 1145 Ecclesia
556 1077 721 1160 defensor,
741 1086 835 1147 curet
846 1098 900 1146 eas
913 1100 932 1145 a
944 1078 1109 1166 judicibus
1121 1079 1272 1166 legitimis

147 1191 267 1289 dirimi,
282 1212 346 1259 non
358 1195 510 1278 exprimit
521 1193 685 1282 synodus3
706 1202 741 1262 et
761 1196 840 1262 nihil
859 1194 998 1282 impedit
1012 1195 1092 1282 quin
1108 1196 1144 1261 in
1164 1202 1272 1282 poste-

147 1310 227 1377 riori
244 1329 340 1378 sensu
355 1310 458 1378 rerba
478 1314 607 1378 canonis
624 1314 858 1399 intelligantur.
870 1311 1065 1399 Respondeo
1088 1319 1202 1380 totio:
1221 1334 1271 1380 ca·

147 1447 266 1494 nonem
287 1446 385 1512 supra
411 1429 545 1494 citatum
567 1433 708 1512 qualiter,
734 1449 887 1514 expresse
911 1428 1091 1496 decernere
1107 1450 1150 1497 ne
1171 1434 1270 1496 clerici

147 1546 344 1611 traiecturo
363 1549 449 1610 laicis
474 1549 516 1610 acl
527 1550 679 1630 judicium
703 1550 855 1612 sarcolare.
872 1545 968 1614 Unde
993 1548 1020 1613 si
1045 1545 1268 1614 admittendus

146 1669 233 1730 esset
251 1663 431 1728 contrarius
444 1662 479 1727 in
495 1662 568 1747 lege
579 1662 733 1729 Toletana
746 1682 869 1741 sensus,
886 1662 1005 1730 lexilla
1021 1664 1150 1731 censeri
1164 1662 1266 1732 debe·

145 1785 197 1847 ret
215 1776 323 1867 quoad
337 1778 398 1844 hoc
411 1777 592 1863 perlegam
603 1770 800 1864 pontificiam
816 1784 946 1863 qualiter
961 1787 1120 1846 correcta.

191 1899 316 1981 objicies
332 1899 376 1960 5⁰.
389 1895 493 1980 Caput
506 1900 542 1962 Si
555 1903 621 1979 quta
639 1896 682 1984 (2,
700 1899 737 1962 dc
749 1900 948 1980 Reguloribcs
960 1899 1014 1976 31,
1028 1896 1105 1964 libri
1119 1900 1139 1963 3
1158 1895 1267 1966 decre·

144 2012 282 2100 talium),
294 2014 328 2079 in
341 2032 406 2098 quo
421 2015 615 2098 supponitur
627 2014 660 2079 in
676 2034 770 2081 causa
782 2013 923 2100 quadam
933 2014 1150 2082 ecclesiastica
1163 2016 1265 2083 recla-

146 2131 230 2198 mari
241 2149 334 2216 posse
346 2133 388 2195 od
396 2135 575 2214 principem,
589 2138 644 2195 oct
653 2137 813 2214 propriam
823 2135 1013 2215 Episcopum,
1028 2134 1077 2196 ool
1089 2135 1132 2196 ad
1142 2138 1265 2197 musam

145 2250 337 2315 dominicum.
355 2245 603 2331 -Respondet
626 2249 748 2327 Glossa,
766 2255 800 2313 et
814 2256 889 2333 post
901 2249 1003 2333 ipsam
1022 2249 1208 2330 canonista,
1221 2249 1265 2316 ibi

143 2384 206 2452 per
213 2371 381 2449 princpes
394 2363 530 2447 intelligi
543 2364 675 2450 Papam.
691 2362 756 2430 Sed
772 2365 898 2430 etiamsi
912 2383 973 2448 per
985 2370 1157 2448 principem
1171 2365 1264 2432 intel·

144 2481 276 2570 ligenda
290 2487 375 2548 esset
387 2480 547 2547 saecularis
562 2487 716 2565 potestas,
735 2489 769 2548 et
786 2499 848 2567 per
862 2488 967 2546 missos
987 2485 1151 2548 dominicos
1165 2482 1264 2568 legati

144 2602 237 2688 regii,
253 2599 379 2666 rediret
397 2599 458 2665 sub
475 2598 655 2685 objectione
677 2598 877 2684 praecedenti
898 2600 995 2667 allata
1010 2602 1197 2687 responsio;
1217 2601 1263 2667 ni·
1286 2631 1356 2646 --

144 2720 263 2787 mirum
282 2726 362 2784 turre
380 2717 537 2802 temporis
553 2736 625 2782 eam
652 2717 797 2784 extitisse
817 2717 993 2783 Ecclesiam
1009 2717 1097 2805 inter
1114 2726 1150 2784 et
1163 2720 1355 2804 impe-⁴·-

143 2822 229 2904 rium
242 2833 460 2913 concordiam,
477 2840 515 2899 ut
526 2853 566 2898 ex
584 2833 683 2898 tacita
697 2841 731 2899 et
745 2853 806 2900 usu
820 2832 954 2901 inducta
967 2832 1058 2901 Sedis
1073 2834 1261 2919 Apostolicae
1291 2844 1353 2891 ⁶-

143 2952 360 3038 delegatione,
377 2950 531 3017 nonnulla
549 2947 591 3016 de
603 2949 689 3015 facto
704 2956 907 3035 competeret
922 2951 1129 3018 sacularibus
1144 2951 1356 3037 princi-

144 3069 240 3155 pibus
258 3064 440 3154 jurisdictio
463 3066 692 3152 ecclesiastica3
710 3074 823 3133 atvero
848 3087 1053 3155 nequaquam
1080 3069 1207 3153 proprii
1231 3087 1308 3136 e-

146 3185 301 3254 ordinarii
317 3185 461 3270 ipsorum
470 3182 552 3271 juris
561 3183 598 3250 id
608 3168 719 3266 irrisae,
734 3184 794 3252 sed
804 3187 949 3252 concessi
961 3193 996 3252 et
1010 3184 1164 3270 delegati.

160 3276 163 3281 Ι
187 3305 272 3371 Item
290 3301 386 3388 objici
401 3301 483 3368 solet
499 3298 647 3388 quaedam
661 3300 716 3366 lex
734 3301 924 3387 Justiniaui3
943 3299 1002 3368 sed
1015 3302 1214 3370 lastinianus
1249 3333 1253 3362 ι
1318 3317 1357 3349 ¹

142 3420 204 3490 hac
218 3439 256 3488 re
273 3418 395 3485 nullam
410 3417 636 3483 auctoritatem
649 3416 766 3504 hahet;
780 3437 919 3504 eumque
936 3418 997 3485 sibi
1006 3416 1153 3487 indebita
1166 3438 1351 3507 quan-‘-

143 3539 251 3627 doque
262 3537 413 3605 tribuisse
428 3536 505 3602 satis
518 3543 633 3602 notum
645 3544 705 3602 est.

187 3659 272 3725 Item
284 3653 436 3741 objicitur
445 3654 554 3738 praxis
566 3652 865 3737 Galliaffispaniae,
875 3660 954 3733 etc,
966 3653 1001 3721 ui
1011 3648 1103 3739 cujus
1114 3672 1212 3740 reges
1221 3650 1357 3721 (Ιι-’ἆν

145 3774 249 3843 causis
261 3771 483 3842 ecclesiasticis
498 3779 717 3856 cognoscunt:
734 3769 793 3837 sed
807 3771 876 3837 haec
888 3772 1007 3857 praxis,
1023 3772 1076 3838 vel
1089 3772 1356 3860 privilegius>

140 3890 235 3960 Sedis
248 3890 437 3978 Apostolicae
452 3889 581 3968 nititur,
598 3889 651 3957 vel
666 3887 784 3975 injusta
797 3896 831 3956 et
845 3888 977 3956 abusiva
988 3888 1127 3957 dicenda
1137 3898 1198 3958 est.
