2714 4980
492 309 570 357 rsus
593 310 752 383 securos.
1122 296 1185 362 tes

64 451 123 497 eas
137 433 172 496 in
189 430 521 499 librosdecretalium
535 433 682 512 inseruit,
705 433 772 518 jam
795 435 968 500 invaluisse
991 436 1188 518 generaliter

63 549 261 614 contrariam
274 547 542 614 consuetudinem
556 571 563 633 ;
578 558 677 634 atque
693 550 770 617 idco
784 551 851 616 vim
864 551 945 635 legis
958 552 1119 635 generalis
1130 551 1188 618 dc·

65 664 246 729 cretalibus
259 664 329 728 istis
342 683 508 748 nunquam
525 666 708 744 accessisse,
727 667 763 730 in
778 671 935 750 quantum
955 667 1082 733 clericis
1095 675 1187 735 nota-

61 781 186 845 riatum
203 779 340 845 incuria
356 780 569 846 ecclesiastica
582 779 794 848 interdicunt.

108 897 142 960 Si
152 897 343 980 quisautem
360 896 451 961 malit
466 895 599 975 dictam,
617 898 724 980 legem
739 898 825 963 inter
842 906 877 963 et
891 899 1159 966 consuetudinem
1173 910 1197 978 ,“

62 1014 331 1078 contrarietatem
342 1031 473 1096 negare,
493 1020 527 1078 et
541 1012 718 1078 contendat
735 1014 968 1096 cumpluribus
974 1036 1072 1100 supra
1081 1017 1187 1084 citatis

63 1129 262 1205 canonistis,
283 1146 343 1211 per
359 1106 488 1193 tentum
508 1147 621 1193 earum
634 1127 849 1196 decretalium
870 1132 975 1197 arceri
993 1107 1127 1198 clericos
1142 1132 1183 1198 ab

61 1244 250 1311 exercendo
263 1247 427 1310 notariatu
444 1245 477 1309 in
488 1245 561 1310 foro
579 1244 750 1311 dumtaxat
763 1247 919 1324 saeculari,
946 1267 1010 1312 non
1026 1256 1136 1314 autern
1152 1251 1187 1313 iu

61 1361 138 1427 foro
165 1361 395 1437 ecclesiastico,
414 1360 582 1443 negotium
605 1361 637 1425 ei
659 1380 725 1426 non
740 1361 950 1427 tacessemus.
968 1364 1108 1429 Tantum
1126 1380 1188 1446 pro

60 1477 210 1561 legitimo
225 1476 386 1542 habeatur
397 1477 515 1560 praxis
536 1497 600 1561 qua
618 1477 728 1542 clerici
741 1479 841 1542 etiam
850 1476 1185 1562 majorum'ordinnm‚

62 1593 251 1659 cancellarii
278 1611 395 1657 munus
416 1590 505 1675 apud
528 1592 703 1675 llpiscopos
726 1599 761 1656 et
784 1593 909 1658 curiam
937 1595 1188 1662 ecclesiasticam
1217 1660 1220 1665 .

62 1708 200 1791 explere
217 1708 334 1773 solent.
438 1791 441 1797 .
1173 1722 1184 1799 μ’

108 1825 308 1889 Pucrosrmo
325 1823 395 1888 lin.
414 1859 459 1869 -—
488 1825 597 1886 Utrum
612 1829 709 1904 mucis
730 1827 873 1916 expediat
892 1828 1116 1906 cancellarium,
1131 1822 1201 1909 prd'

63 1914 194 2021 muntiis
202 1947 231 2003 et
244 1945 328 2001 curia
342 1940 750 2020 mapistrctusccclesa'ustici,
762 1943 982 2019 casariculum,
998 1961 1057 2005 acu
1068 1940 1189 2005 uidetur·

61 2077 150 2137 posse
168 2057 272 2136 reputo
298 2057 431 2135 quarrati
451 2057 659 2118 determinari.
688 2092 733 2104 —
753 2057 885 2120 Certum
905 2062 955 2121 cst
968 2057 1011 2122 ab
1028 2058 1186 2141 Episcopo

63 2173 184 2239 assumi
207 2171 354 2253 possein
380 2170 609 2236 cancellarium
634 2190 696 2253 pro
717 2171 959 2237 conscribendis
974 2173 1101 2239 actibus
1121 2175 1188 2239 suis

61 2285 271 2370 judicialibus
289 2293 323 2351 ct
339 2283 664 2369 extra-judicialibus,
683 2285 752 2351 sive
779 2286 897 2352 laicum
912 2287 960 2373 (ot
982 2287 1023 2353 ab
1038 2289 1188 2355 omnibus

63 2399 274 2486 admittitur),
293 2402 361 2468 sive
376 2402 473 2466 ctiam
494 2402 660 2480 clericum,
679 2410 717 2468 ut
733 2402 767 2467 in
783 2405 943 2486 superiori
965 2406 1187 2488 propositione

62 2525 179 2584 contra
193 2517 350 2602 quosdam
367 2516 589 2600 probavimus.
615 2517 707 2582 Circa
723 2519 935 2601 questionem
954 2528 1068 2584 utrum
1088 2521 1188 2604 magis
1236 2525 1238 2530 ’

63 2629 183 2701 deceat
196 2634 352 2698 clericum
366 2631 457 2698 adid
472 2635 617 2699 muueris
635 2633 799 2720 deputari,
814 2634 1036 2700 affirmativam
1049 2637 1187 2702 teneris

64 2751 215 2817 Piasecio
230 2757 265 2815 et
279 2751 469 2827 Monacello,
484 2751 517 2814 in
532 2768 631 2832 supra
646 2750 751 2815 citatis
765 2769 880 2815 eorum
893 2750 1065 2843 doctorum
1077 2753 1187 2818 verbis

63 2867 197 2934 adverti
209 2866 326 2949 potuit.
340 2865 417 2930 Mihi
423 2864 676 2932 tamenuidetur
684 2864 719 2930 id
735 2867 842 2948 potius
856 2866 1002 2949 pendere
1013 2868 1187 2933 alocorom

63 2991 100 3050 et
118 2991 303 3066 temporum
323 2982 582 3047 circumstantiis.
611 2981 674 3046 Ubi
700 2990 775 3047 taxa
796 2984 984 3065 pecuniaria
1011 3002 1071 3067 pro
1090 2985 1188 3051 variis

65 3097 276 3164 conficiendis
296 3099 520 3164 instrumentis
537 3097 627 3179 exigi
648 3097 743 3174 solet,
761 3117 825 3162 non
841 3116 943 3180 parva
965 3097 1123 3165 adversus
1138 3119 1188 3164 ec·

65 3215 281 3281 clesiasticnm
292 3214 442 3279 ordinem
456 3213 614 3278 concitari
623 3220 732 3296 potest
740 3212 862 3279 invidia
877 3215 1188 3299 nonnullisinregio*

64 3331 172 3408 nibus,
190 3331 283 3414 siper
290 3329 520 3395 cancellarium
535 3330 690 3394 clericum
705 3328 866 3414 ejusmodi
874 3332 1058 3397 exactiones
1072 3332 1187 3416 peragi

64 3448 221 3514 debeant.
233 3448 274 3512 Et
287 3465 372 3529 saepe
385 3453 464 3511 tunc
480 3444 627 3528 proderit
636 3452 673 3510 ut
681 3445 785 3510 laicus
799 3445 842 3512 ud
854 3448 1037 3512 cancellarii
1048 3448 1187 3515 officium

64 3569 294 3644 anteponatur.
317 3561 381 3629 Ubi
390 3579 469 3626 vero
478 3558 567 3625 dicto
581 3561 635 3625 vel
650 3561 718 3625 aliae
734 3562 854 3627 similes
866 3564 1112 3629 circumstantia
1122 3584 1188 3630 nou

63 3687 254 3756 occurrunt,
267 3679 367 3760 magis
385 3676 542 3760 expedire
554 3675 687 3741 videtur
698 3678 808 3743 clerici
824 3670 951 3744 electio.
971 3682 1053 3744 Nam
1063 3682 1189 3747 cancel·

62 3796 167 3861 larius
177 3794 326 3877 Episcopi
340 3791 385 3859 de
403 3793 522 3856 intimis
540 3792 688 3874 negotiis,
708 3810 779 3877 quae
792 3793 1104 3861 administrationem
1119 3797 1190 3880 cpi-

63 3912 229 3997 scopclem
249 3917 284 3978 et
298 3911 474 3977 multorum
484 3909 679 3975 clericorum
691 3927 803 3975 causas
818 3917 853 3976 et
870 3911 981 3993 culpas
995 3914 1188 3995 respiciunt,

64 4049 104 4095 ex
120 4028 315 4094 necessitate
336 4026 483 4092 conscius
494 4026 542 4090 fit.
562 4026 603 4091 Et
616 4026 694 4091 licet
711 4027 800 4091 inter
816 4027 912 4094 laicos
930 4029 1072 4111 reperiri
1086 4030 1188 4111 possit

63 4147 115 4211 vir
125 4144 281 4228 religione
292 4151 390 4229 atque
398 4144 584 4226 integritate
603 4143 805 4225 conspicuus,
823 4163 861 4208 ac
870 4146 989 4209 secreti
998 4153 1106 4223 tenax,
1122 4165 1188 4212 non

61 4270 175 4328 tamen
188 4260 309 4351 absque
327 4260 473 4343 periculo
487 4258 682 4344 quandoque
696 4265 779 4324 esta
795 4261 1005 4326 sacularibus
1020 4262 1098 4326 viris
1112 4263 1189 4330 talia

64 4377 230 4463 cognosci.
252 4375 356 4461 quue
383 4377 515 4461 iusuper
534 4375 641 4440 clerus
657 4393 741 4460 aegre
766 4374 855 4442 ferre
879 4384 999 4461 posset.
1026 4379 1108 4445 Hinc
1122 4398 1188 4447 nou
