2714 4980
133 280 195 345 208
477 300 665 350 1111911199
688 302 732 349 nn
754 301 903 349 runicus.

134 452 147 478 κ
165 423 297 487 cationis
312 405 347 488 91
364 425 611 505 procurationis.
628 453 643 481 »
665 425 713 513 (ln
730 426 781 491 tit.
800 429 855 504 37,
874 423 977 492 libri!
996 420 1134 506 decret,
1145 446 1171 491 n.
1180 423 1211 510 1.)

127 539 168 603 111
183 523 229 602 ita
241 545 404 603 testantur
418 558 483 604 non
497 546 624 606 tantum
641 542 823 620 canonistas,
842 540 902 607 sed
916 548 950 607 et
971 541 1127 608 hodierna
1145 543 1215 608 etiam

127 655 247 738 praxis,
264 673 360 738 quarn
375 655 436 721 sub
451 656 553 722 oculis
564 657 732 724 habemus.
750 658 865 723 Clerici
878 677 1011 742 nempe,
1030 659 1129 724 etiam
1141 677 1216 724 sacer

127 767 232 847 dotes,
249 770 395 837 lauream
409 772 442 836 in
455 779 597 858 utroque
618 773 693 858 jure
715 773 838 859 adepti,
863 783 898 840 91
920 775 1062 858 expletis
1084 773 1217 839 nonnulla

127 885 196 950 aliis
207 885 456 966 conditionibus,
475 899 611 974 possunt
626 891 780 956 Romaiu
795 890 870 956 albo
889 887 1123 957 advocatorum
1137 888 1218 972 publi·

129 1025 242 1073 corunr
266 1009 408 1087 inscribi,
433 1017 467 1074 et
493 1009 694 1076 advocatiam
719 1013 753 1076 in
778 1013 881 1077 causis
908 985 1008 1076 9119111
1020 1008 1214 1085 saeculan‘bus,

122 1122 259 1205 perinde
273 1144 309 1188 ac
322 1126 350 1189 si
362 1134 470 1191 essent
481 1126 564 1205 laici,
582 1146 753 1194 exercere.

168 1241 202 1302 2⁰
218 1241 268 1304 De
285 1239 345 1304 hac
359 1259 439 1306 vero
451 1240 601 1307 Romanas
619 1242 715 1307 curiae
734 1244 827 1325 praxi
845 1244 891 1307 sic
914 1239 1050 1308 adnotat
1065 1238 1216 1307 earduus

122 1350 165 1419 de
179 1355 265 1420 Luca
282 1355 330 1441 (de
343 1359 442 1420 Relat.
463 1363 554 1420 carim
573 1361 723 1437 Romame,
747 1358 897 1423 discursu
910 1360 966 1436 46,
990 1378 1025 1422 n.
1051 1354 1103 1441 17)
1120 1379 1127 1422 :
1146 1353 1216 1420 «ld-

127 1500 140 1524 «
156 1472 262 1535 vocati
271 1471 390 1555 itaque,
404 1471 496 1556 juxta
508 1472 658 1537 Romnnae
670 1476 766 1538 curiae
777 1474 900 1558 stylum
911 1481 988 1539 sunt
999 1474 1059 1551 illi,
1071 1475 1214 1556 utriusque

125 1615 136 1640 1
149 1585 232 1670 juris
242 1588 431 1665 communis,
448 1590 548 1654 civilis
561 1598 595 1655 91
607 1590 752 1655 canonici
765 1589 837 1676 (sub
850 1608 915 1673 quc
928 1589 1091 1674 reliquum
1098 1588 1149 1673 jus
1160 1605 1214 1671 par-

125 1729 137 1753 «
151 1701 288 1767 ticulare
304 1701 402 1787 venit)
416 1704 624 1785 professores,
637 1705 766 1789 quitsm
777 1706 810 1768 in
821 1705 949 1786 scriptis
958 1724 1056 1788 quam
1071 1711 1211 1776 oretenus,

125 1836 262 1881 «causus
273 1820 305 1881 in
320 1825 443 1901 puncto
455 1818 537 1901 juris
547 1827 676 1884 tantum
687 1826 838 1902 tuentum
852 1818 1017 1903 judicibus
1026 1821 1211 1891 insinuantes,

124 1932 230 2018 «quid
250 1933 378 2017 dejure
398 1936 507 2000 verius
522 1944 680 2001 statutum
705 1937 764 2019 sit3
781 1937 849 2000 sive
865 1955 905 2000 an
922 1935 1004 2019 juris
1017 1935 1085 2021 jam
1104 1942 1178 2000 notae
1190 1938 1213 1996 91

123 2079 135 2102 «
148 2058 289 2132 receptat
319 2051 555 2134 propositiones
582 2052 630 2116 illi
653 2051 741 2116 casui
766 2050 850 2116 bene
875 2052 1092 2134 applicentur,
1111 2057 1143 2116 et
1157 2066 1213 2114 con·

123 2195 135 2218 «
150 2172 280 2249 gruunt,
298 2174 332 2230 91
346 2165 521 2250 quomodo.
539 2169 589 2231 Ita
604 2167 687 2231 solas
701 2166 825 2232 nobiles
848 2187 885 2231 ac
909 2166 1102 2232 scientificus
1119 2161 1213 2248 ingenii

122 2290 259 2366 «partes
276 2281 478 2364 explicando.
488 2329 523 2359 ..,
542 2300 712 2365 processus
733 2290 768 2348 91
784 2289 854 2347 acta
870 2281 1056 2348 nullatenus
1078 2281 1210 2346 vident...

122 2398 317 2481 «Minusque
336 2397 370 2461 in
385 2405 533 2463 actorum
549 2396 751 2481 judicialium
768 2398 994 2480 compilatione
1010 2399 1210 2482 respiciunt...

121 2544 134 2567 «ι
149 2513 187 2578 Se
200 2532 265 2579 non
276 2513 428 2596 ingerunt
438 2515 471 2577 in
482 2512 692 2579 conficiendis
703 2513 834 2578 minutis
844 2514 1146 2591 instrumentorum,
1158 2509 1212 2576 alia

120 2648 285 2714 «rumque
301 2630 592 2695 conventionum...
608 2630 798 2694 Nullatenus
812 2648 847 2694 se
861 2630 1016 2713 ingerunt
1028 2631 1062 2693 in
1078 2624 1212 2695 911191911-

121 2774 133 2799 «
148 2745 210 2811 bus
224 2746 278 2811 vel
292 2745 391 2811 rebus
409 2744 655 2830 judicialibus...
676 2747 715 2809 In
734 2744 982 2810 desuetudinem
995 2763 1125 2829 quoque
1137 2739 1211 2808 hodia

121 2890 134 2916 a
148 2881 232 2944 pene
246 2861 324 2926 abiit
337 2860 538 2926 inadvocatis
548 2861 603 2926 1119
614 2880 700 2938 usus,
716 2862 773 2944 qui
786 2860 963 2944 antiquitus
978 2866 1051 2926 erat
1065 2861 1209 2944 frequens,

80 2956 82 2961 ⁵
120 3005 134 3031 ⁴<
148 2996 328 3043 annuorum
347 2977 470 3041 scilicet
486 2976 539 3041 vcl
557 2983 798 3040 menstruorum
815 2975 1064 3058 stipendiorum,
1085 2992 1152 3059 quae
1166 2967 1211 3036 sub

120 3125 133 3148 «ι
145 3095 252 3159 salarii
264 3095 391 3159 nomine
409 3093 505 3176 vulgo
522 3092 678 3175 explicari
692 3093 797 3157 solent
801 3142 868 3157 .....
880 3093 962 3157 Hinc
975 3089 1114 3175 proinde
1125 3086 1212 3173 sequi·

116 3238 132 3262 ·«
146 3216 211 3287 tur,
230 3214 268 3273 ut
282 3210 323 3272 sit
338 3207 499 3290 probabili
513 3207 726 3272 fundamento
742 3208 849 3271 innixa
865 3208 961 3271 curiae
978 3204 1182 3280 consuetudo,
1198 3218 1211 3263 a

119 3324 359 3406 «scriptoribus
378 3322 592 3389 communiter
604 3323 752 3406 probata,
774 3329 811 3388 ut
830 3323 939 3387 clerici
955 3322 1054 3387 etiam
1072 3322 1105 3386 in
1120 3319 1208 3390 sacris,

118 3438 234 3505 «istud
245 3459 363 3503 munus
375 3440 464 3504 licite
481 3445 648 3522 peragant,
671 3440 816 3523 quamvis
834 3460 875 3505 ex
892 3458 1060 3503 sacrorum
1072 3449 1210 3503 canonum

118 3587 130 3612 «
146 3566 180 3622 91
196 3558 405 3622 conciliorum
423 3555 565 3620 decretis
577 3556 623 3621 eis
634 3557 773 3621 vetitum
787 3556 840 3633 sit,
857 3563 954 3639 atque
970 3555 1120 3621 illicitum
1132 3569 1211 3637 repu-

118 3681 248 3752 «tetur,
262 3672 341 3737 dum
352 3674 397 3738 ita
408 3673 505 3736 etiam
517 3671 743 3736 claustralibus
758 3680 791 3737 91
805 3670 1008 3754 regularibus
1020 3672 1144 3737 clericis
1153 3682 1211 3758 'cou-

115 3820 130 3846 «
140 3811 260 3876 gruere
268 3791 379 3874 possit;
392 3797 464 3853 tum
475 3808 515 3852 91
527 3787 612 3852 dicta
621 3789 757 3864 ratione,
766 3786 855 3871 quod
864 3787 1012 3853 laborum
1021 3785 1140 3871 ingenii
1148 3798 1211 3850 mer·

115 3908 256 3974 ‘cedem
265 3907 420 3971 nonnisia
434 3912 549 3987 sponte
559 3904 711 3969 dantibus
722 3904 901 3987 recipiunt,
924 3910 995 3967 tum
1017 3904 1136 3968 fortius
1153 3899 1211 3986 quia

108 4026 129 4078 's
143 3997 244 4088 omnis
258 4022 383 4089 occasio
396 4019 488 4084 abest
503 4019 730 4095 calumniandi,
745 4019 798 4083 vel
814 4018 973 4083 mendacii
984 4026 1115 4084 reatum
1124 4019 1211 4082 incur

116 4139 245 4216 «rendi,
265 4137 344 4202 dum
362 4134 509 4201 scribunt
531 4141 564 4198 et
582 4136 761 4218 loquuntur
773 4133 865 4219 juxta
879 4154 919 4199 ea
935 4152 1006 4218 quae
1022 4135 1056 4200 in
1068 4137 1151 4201 lactc
1162 4144 1210 4216 per

114 4283 128 4310 a
143 4272 246 4318 causoe
261 4258 413 4334 patronos
428 4256 740 4332 praesupponuntur:
751 4250 806 4326 ita,
820 4269 909 4314 more
923 4251 1132 4333 antiquorum
1144 4245 1210 4334 juris

114 4367 374 4442 «consultorum,
402 4363 637 4446 respondentes
653 4363 745 4447 juxta
764 4383 802 4429 ea
822 4382 893 4448 quae
914 4375 1157 4449 proponuntur3
1179 4377 1209 4426 99
