2714 4980
456 341 460 351 .
541 307 620 354 raas
644 304 805 354 securus.
1167 285 1226 346 411

116 439 232 502 Vtccrc'i
251 432 285 497 in
306 427 409 514 sexto)
430 448 523 513 posse
543 430 584 495 ab
604 430 769 514 Episcopis
792 427 944 492 constitui
969 426 1112 490 Vicarios
1137 443 1236 509 gene·

115 550 212 616 reles.
230 550 334 615 Porro
353 547 426 613 talis
445 553 591 629 potestas
612 565 677 612 non
692 552 741 611 est
755 543 925 610 arbitraria
945 539 1172 625 restringenda
1193 539 1236 606 ad

114 667 248 730 unicum
264 682 326 749 pro
338 681 532 748 unaquaque
549 659 684 728 dioecesi
710 662 875 727 vicarium
900 658 1097 742 generalem,
1116 656 1236 720 nisiex

115 783 223 866 aliqua
238 780 390 848 Ecclesiae
405 780 490 862 lege,
511 780 565 844 vel
581 799 621 845 ex
636 778 710 864 jure
725 777 876 854 naturali,
896 776 951 842 rel
969 795 1010 839 ex
1029 775 1135 858 aliqua
1150 769 1236 837 suffl-

114 898 215 966 cienti
227 897 422 963 auctoritate
442 896 606 963 restrictio
622 895 771 960 concludi
785 895 904 961 valeat.
922 895 1026 959 Porro
1036 898 1146 974 pomo,
1163 888 1238 956 nul·

113 1016 168 1084 lus
181 1020 272 1081 extat
283 1012 366 1099 juris
375 1020 487 1080 textus
501 1013 557 1098 qui
568 1015 699 1078 unicum
712 1012 865 1077 constitui
875 1010 1037 1076 vicarium
1048 1008 1235 1092 generalem

115 1129 285 1196 decernat.
304 1115 449 1209 Secundo,
472 1148 534 1194 nec
548 1127 634 1193 idem
645 1127 719 1213 jure
734 1126 875 1192 naturali
887 1124 1084 1209 precipitur,
1102 1129 1141 1188 ut
1158 1122 1236 1186 satis

114 1251 220 1331 patet.
241 1251 352 1326 Tertio,
370 1264 432 1310 nec
445 1244 585 1310 habetur
599 1244 633 1307 in
651 1244 712 1309 hac
731 1263 768 1308 re
785 1242 963 1307 communis
980 1239 1150 1305 doctorum
1162 1257 1236 1302 sen-

114 1362 230 1428 tentia.
263 1366 395 1441 (lacerto,
426 1379 488 1425 nec
515 1360 603 1425 valet
626 1359 862 1444 argumentatio
887 1357 998 1441 apari
1020 1375 1061 1421 ex
1081 1374 1120 1420 eo
1147 1351 1236 1439 quod

115 1479 232 1543 unicus
261 1477 413 1542 constitui
437 1477 544 1541 valeat
569 1475 654 1543 Sede
681 1482 818 1541 vacante
845 1474 992 1539 Vicarius
1021 1471 1233 1555 capitularis:

114 1613 192 1659 nam
202 1601 420 1677 preterquam
433 1591 521 1677 quod
537 1592 635 1657 thesis
651 1591 693 1657 de
707 1592 802 1656 unico
815 1591 943 1656 Vicario
959 1587 1128 1672 capitulari
1138 1587 1237 1652 habet

114 1708 177 1775 sibi
210 1708 376 1773 faventem
403 1707 598 1774 Tridentium
621 1705 739 1791 synodi
763 1714 903 1783 textum,
928 1713 962 1771 et
988 1705 1101 1788 plures
1132 1703 1236 1767 Sacrae

116 1822 530 1907 CongregationisCouoilii
548 1820 787 1888 declarationes
814 1839 885 1905 quac
905 1839 976 1886 rem
1001 1827 1124 1885 certam
1149 1817 1237 1883 fece·

113 1948 203 2017 runt,
220 1941 302 2007 ratio
322 1938 431 2024 quoad
446 1946 622 2022 utrumque
638 1939 767 2005 omnino
786 1937 916 2003 diversa
935 1936 1061 2002 militat.
1079 1936 1112 1999 Si
1125 1935 1237 2018 plures

116 2073 236 2138 nempe
262 2061 446 2120 statuantur
465 2054 661 2137 capitulares
685 2054 818 2130 Vicarii,
849 2052 1053 2135 periclitatur
1077 2049 1238 2132 regiminis

113 2171 342 2238 unitas.Secus
357 2178 467 2236 eutem
479 2169 563 2236 Sede
581 2170 693 2254 plena;
711 2170 787 2253 quia
801 2170 863 2234 etsi
877 2176 956 2233 tunc
976 2168 1088 2251 plures
1104 2167 1168 2231 sint
1181 2165 1237 2229 Vi-

113 2288 193 2353 carii
220 2286 399 2370 generales,
420 2287 535 2351 unicus
553 2292 602 2351 est
620 2287 806 2368 Episcopus.
828 2286 900 2350 Non
914 2302 993 2367 ergo
1011 2282 1088 2349 mibi
1105 2279 1238 2365 probari

112 2422 209 2488 posse
223 2402 354 2469 videtur
365 2403 519 2487 obligatio
529 2403 682 2488 ,Episcopi
692 2402 827 2467 unicum
836 2401 1005 2466 dumtaxat
1020 2395 1238 2466 constituendi

112 2519 279 2585 Vicarium
304 2519 503 2603 generalem,
524 2518 587 2583 nisi
602 2517 688 2583 forte
708 2516 923 2583 exhibeantur
948 2517 981 2581 in
1002 2517 1088 2583 hunc
1109 2532 1238 2579 sensum

111 2635 210 2701 clarae
234 2635 526 2718 congregationum
542 2651 749 2699 romanarum
763 2631 1009 2698 declarationes.

158 2755 194 2817 3⁰
217 2752 284 2834 Ego
310 2768 400 2842 vero
411 2748 571 2834 ejusmodi
595 2749 834 2815 declarationes
852 2748 957 2815 nullas
975 2748 1051 2814 novi
1071 2763 1143 2831 quoe
1168 2764 1239 2812 rem

111 2867 312 2936 sufficienter
326 2866 479 2933 dirimant
497 2869 505 2952 (
531 2866 553 2950 ).

159 2985 312 3066 Qumsmo
336 2986 380 3048 2².
406 3020 451 3030 -
465 2987 514 3047 Aa
529 2987 643 3049 cicadae
662 2986 833 3048 dimoeritas
843 2984 1055 3064 principaliter
1068 2984 1175 3057 coitis,
1197 2987 1239 3042 te-

115 3108 226 3165 ncatur
251 3103 414 3182 Episcopus
436 3103 510 3164 duos
534 3106 667 3164 Viccrc'os
690 3102 842 3183 generales
865 3101 1065 3162 constituere?
1088 3129 1133 3141 -—
1155 3094 1239 3160 Rota

115 3216 241 3303 pluries
254 3216 404 3299 negative
420 3216 601 3300 respondit,
619 3224 878 3301 argumentansa
892 3215 1030 3293 fortiori,
1045 3234 1086 3279 ex
1099 3211 1240 3297 eoquod

114 3353 158 3398 ne
172 3352 275 3398 unum
292 3332 424 3416 quidem
442 3340 595 3397 teneatur
607 3335 806 3400 constituere
823 3331 922 3419 (quod
937 3330 1013 3397 vide
1029 3327 1062 3396 in
1077 3328 1240 3414 prioribus

117 3448 335 3515 decisionibus
349 3467 367 3511 a
382 3448 560 3515 Monaeello
573 3450 717 3515 collectis
732 3448 774 3514 ad
788 3449 908 3515 calcem
918 3448 1019 3531 pertis
1034 3451 1053 3513 2
1068 3450 1119 3512 sui
1127 3446 1240 3530 legalis

116 3561 323 3648 formularii).
345 3565 492 3628 «Tamen
520 3564 576 3649 (ait
591 3565 761 3630 Monacelli
774 3563 896 3630 ibidem
913 3573 987 3647 post
1001 3565 1132 3628 citatam
1151 3562 1240 3628 deci-

63 3705 64 3710 *
119 3703 136 3740 «
151 3681 274 3745 sionem
289 3680 379 3746 Rotae
395 3676 440 3763 4),
456 3680 483 3743 si
499 3700 563 3744 una
576 3680 725 3746 dioecesis
739 3681 781 3746 ab
797 3681 902 3746 altera
915 3679 1103 3745 notabiliter
1127 3678 1237 3756 distat,

120 3797 316 3862 «Vicarium
331 3796 518 3880 generalem
529 3797 564 3862 in
581 3795 715 3863 dioecesi
731 3799 764 3861 in
782 3816 845 3881 qua
859 3817 926 3861 non
939 3794 1062 3861 residet
1077 3794 1239 3878 deputare

120 3911 269 3996 edebet;
287 3919 325 3980 ut
345 3911 516 3994 respondit
536 3914 632 3977 Sacra
647 3913 860 3997 congregatio
881 3911 1014 3977 Consilii
1027 3911 1061 3975 in
1080 3908 1240 3976 Gerundi-

153 4115 188 4178 (1)
208 4116 241 4164 Iis
253 4118 277 4164 in
289 4117 357 4179 locis,
370 4117 394 4165 in
409 4117 493 4181 quibus
510 4117 608 4166 invaluit
624 4116 765 4166 consuetudo
778 4118 858 4180 plures
873 4098 1026 4166 constituendi
1046 4114 1152 4163 Vicarios
1166 4127 1237 4175 geue-

117 4210 190 4271 rales,
205 4215 276 4271 prout
286 4209 310 4257 in
323 4210 408 4270 Gallia,
423 4211 488 4258 nulla
501 4209 594 4258 ridetur
615 4209 703 4258 moveri
721 4224 791 4272 posse
809 4209 931 4258 difficultas
945 4224 951 4257 :
965 4222 1019 4257 nam
1040 4209 1085 4270 ipsi
1104 4209 1173 4256 etiam
1193 4225 1237 4260 au-

118 4309 204 4362 ctores,
216 4303 256 4364 qui
271 4304 388 4352 sustinent
401 4303 496 4352 unicum
510 4304 632 4354 dumtaxat
642 4304 753 4359 construi
763 4318 842 4367 posse,
855 4317 935 4353 casum
949 4309 1100 4366 praesamant,
1111 4317 1157 4370 quo
1170 4302 1240 4361 ades«

117 4403 153 4447 set
165 4396 283 4446 contraria
294 4396 447 4446 cousuetudo.
