2716 4988
120 260 163 333 92
464 276 652 329 mortuus
672 280 717 328 nn
738 280 887 342 suntc11s.

119 400 219 496 super
237 408 336 475 rebus
349 407 602 494 temporalibus3
621 426 692 494 que
711 406 849 492 proinde
862 407 1077 493 pertinebant
1089 404 1135 473 ad
1152 404 1234 493 judi

117 545 172 592 ces
189 525 359 592 saeculares
384 523 563 591 ordinarios
576 524 672 610 hujus
687 525 762 604 loci,
778 528 913 590 consules
930 531 1065 610 justitiae
1082 523 1131 590 ibi
1155 542 1232 588 nun-

119 630 381 727 cupari'solitos.
403 641 539 707 Actores
559 648 671 706 autem
701 642 874 708 tentabant
899 640 1155 708 declinarehoc
1181 659 1234 706 or-

119 758 282 828 dinarium
311 761 475 840 tribunal,
505 767 544 826 ut
575 779 704 827 oausam
730 760 774 827 ad
804 760 1056 828 ecclesiasticum
1087 757 1234 845 judicem

120 877 366 963 pertraherent3
382 886 417 944 et
431 879 465 942 iu
480 877 566 944 buno
581 897 716 963 scopum
729 879 857 945 litteras
870 878 1071 965 Apostolicas
1084 879 1236 962 impetra·

119 1004 248 1062 verant.
267 994 307 1062 Id
319 995 452 1082 quidem
476 1003 630 1081 tanquam
649 996 821 1062 abusivum
840 997 972 1081 corrigit
993 995 1162 1073 Pontifex,
1182 993 1233 1061 de·

121 1130 259 1178 cernens
273 1112 447 1197 praedictas
462 1113 662 1198 Apostolicas
671 1115 809 1193 litteras,
824 1111 989 1199 siquando
1000 1113 1234 1196 impetrentur,

120 1229 193 1295 fore
206 1230 331 1309 irritas;
351 1235 385 1295 at
401 1231 497 1295 simul
520 1229 668 1297 decernit
679 1213 819 1296 'causam
837 1229 1032 1316 quibusdam
1053 1229 1089 1294 in
1108 1228 1238 1294 casibus

119 1343 164 1410 ad
181 1344 289 1411 iorum
305 1345 559 1411 ecclesiasticum
574 1353 643 1412 esse
659 1345 897 1412 deferendam:
916 1347 943 1411 si
953 1364 1073 1430 nempe
1087 1345 1244 1410 consides

116 1459 261 1546 justitiae,
283 1459 396 1542 idest,
423 1461 578 1529 ordinarii
593 1461 720 1549 judices
740 1464 922 1543 saculares,
944 1463 1062 1529 merito
1080 1467 1245 1548 tanquam

120 1575 262 1658 suspecti
270 1582 476 1654 recusantur,
486 1574 704 1660 veljustitiam
711 1577 912 1659 postulantes
921 1577 1120 1661 opprimant,
1130 1582 1169 1641 et
1179 1593 1256 1640 non

120 1689 162 1755 sit
173 1691 323 1773 superior
342 1690 445 1776 judex
462 1691 625 1756 saeoularis
638 1693 694 1776 qui
711 1710 767 1758 eos
787 1692 926 1775 corrigat
944 1697 979 1755 ct
997 1689 1040 1756 ad
1064 1708 1170 1776 quem
1197 1709 1259 1756 re-

120 1807 208 1872 curri
227 1808 339 1891 possit.
365 1806 447 1873 Inde
464 1815 576 1874 autem
589 1809 737 1892 sequitur
752 1808 931 1891 generatim
944 1805 987 1872 ad
1005 1807 1118 1872 forum
1136 1806 1257 1872 eccle-

120 1924 281 1989 siasticum
302 1925 441 1990 transire
458 1943 598 2003 causam,
615 1924 746 2010 quando
764 1944 783 1991 a
808 1924 954 2007 saeculari
973 1930 1140 2008 potestate
1160 1923 1260 1990 obti-

119 2043 192 2107 neri
206 2043 320 2126 nequit
332 2039 468 2126 justitia.

164 2157 328 2224 Probatur
342 2162 387 2224 2⁰.
406 2159 454 2224 Ex
472 2158 538 2224 fine
558 2158 707 2224 Ecclesiae
720 2157 864 2242 proprio.
886 2155 1102 2223 Probavimus
1121 2175 1253 2241 nempe

120 2291 228 2357 supra,
246 2276 351 2358 capite
368 2273 465 2360 huJus
479 2275 630 2340 sectionis
646 2275 762 2358 primo,
777 2293 833 2340 eas
852 2293 964 2341 causas
977 2274 1050 2341 foro
1068 2273 1250 2340 ecclesias·

119 2391 186 2456 tioo
215 2409 285 2456 esse
308 2390 563 2471 adscribendas,
592 2384 672 2478 quas
698 2393 851 2459 Ecclesia
873 2390 1094 2477 jurisdictioni
1123 2391 1251 2479 subjici

119 2524 253 2572 necesse
262 2514 360 2592 atque
371 2517 591 2594 opportunum
604 2509 823 2587 amatunam
837 2507 898 2573 sibi
911 2508 1081 2591 proprium
1091 2508 1250 2574 Ecclesia

119 2625 353 2690 convenienter
366 2633 567 2710 assequatur.
583 2626 687 2692 Porro
704 2625 746 2690 ad
768 2625 890 2691 bonum
902 2624 1071 2708 spirituale
1084 2622 1246 2691 fidelium

118 2740 262 2825 pertinet
279 2746 318 2805 ut
334 2741 411 2825 ipsis
426 2741 469 2807 de
485 2744 619 2808 materia
630 2736 728 2807 etiam
737 2761 828 2808 mere
843 2742 1017 2825 temporali
1032 2740 1245 2823 litigantibus

116 2841 241 2942 justitia
253 2856 433 2924 reddatur:
447 2857 474 2923 si
487 2877 565 2942 ergo
572 2857 676 2943 judex
686 2858 858 2937 secularis,
869 2857 913 2923 ad
927 2875 1026 2943 quem
1033 2857 1121 2921 tales
1132 2876 1241 2923 causa

117 2974 293 3058 pertinent,
309 2973 466 3060 justitiam
480 2994 637 3040 exercere
653 2975 804 3058 negligat,
821 2993 954 3040 necesse
969 2981 1020 3039 est
1037 2977 1077 3036 ut
1090 2973 1244 3041 Ecclesia

119 3088 190 3176 ejus
203 3089 372 3156 defectum
386 3093 539 3176 supplere
557 3092 678 3176 possit‘3
695 3099 730 3157 et
745 3090 871 3157 censeri
886 3088 987 3156 debet
1002 3089 1077 3155 talis
1090 3095 1244 3172 potestas

118 3203 270 3271 Ecclesia
283 3224 302 3271 a
316 3206 442 3273 Christo
454 3208 541 3275 data.

162 3323 359 3391 Puoeosmo
374 3326 428 3390 112.
442 3362 489 3375 ·-
508 3329 549 3390 ut
568 3345 658 3389 cuusu
681 3326 854 3407 temporalis
874 3326 916 3387 ud
937 3326 1037 3405 sorum
1057 3325 1244 3389 ecclesiasti·

117 3460 184 3507 cum
196 3445 309 3526 dejure
322 3450 467 3523 trauseat,
482 3463 542 3508 uou
559 3443 670 3523 sufficit
686 3443 869 3523 crepitaculis
883 3439 1002 3522 judicis
1018 3443 1179 3505 sumbus
1193 3447 1244 3506 a'u·

117 3564 249 3642 ferioris,
268 3563 320 3624 sed
334 3565 499 3642 requiritur
515 3565 607 3623 etium
619 3559 921 3640 uegitpeutiujudicia
933 3557 1088 3618 saecularis
1102 3564 1243 3639 superio-

118 3681 223 3740 ria-
239 3675 455 3758 Quaestionem
471 3675 524 3739 sic
547 3673 638 3756 ponit
661 3668 951 3754 Schmalzgrueber
975 3670 1020 3756 (in
1039 3670 1179 3736 titulum
1203 3676 1244 3738 ue

116 3790 255 3867 Iudiciis,
273 3807 306 3851 n.
330 3783 383 3870 58)
401 3807 408 3851 ε
428 3786 601 3868 «Quorum
613 3781 759 3868 judicum
783 3780 984 3847 saecularium
1004 3781 1243 3864 negligentiam

123 3905 305 3990 &supplere
324 3901 428 3989 judex
455 3900 693 3967 ecclesiasticus
715 3898 843 3982 possit?
862 3925 876 3951 υ
900 3895 950 3962 Ad
977 3914 1076 3981 quam
1103 3898 1153 3964 ita
1173 3919 1244 3967 res·

117 4019 241 4105 pondet
253 4042 261 4086 :
275 4048 290 4076 «
302 4017 408 4103 Aliqui
426 4016 559 4104 quidem
570 4016 749 4100 loquuntur
765 3998 965 4097 generaliter
978 4034 986 4078 ε
997 4013 1116 4079 melius
1127 4023 1244 4084 tamen

122 4163 138 4192 ι
151 4134 306 4202 videntur
321 4136 441 4201 sentire
457 4133 512 4219 qui
526 4131 729 4214 distinguunt
738 4131 826 4194 inter
839 4129 1046 4210 magistratus
1060 4137 1097 4197 et
1108 4130 1245 4215 judices

123 4280 138 4309 ι
151 4237 322 4318 saculares
335 4251 391 4335 qui
409 4249 611 4333 superiorem
632 4247 666 4310 in
683 4243 917 4328 tempotalibus
935 4263 1002 4308 non
1020 4257 1240 4328 cognoscunt,

123 4398 137 4425 a
152 4375 187 4435 et
199 4357 288 4435 inter
304 4383 363 4434 eos
380 4367 436 4450 qui
452 4365 550 4434 talem
570 4361 772 4447 superiorem
786 4366 996 4444 cognoscunt.
1014 4362 1065 4428 De
1077 4363 1244 4444 prioribus
