<?xml version="1.0" encoding="UTF-8"?>
<!DOCTYPE html PUBLIC "-//W3C//DTD XHTML 1.0 Transitional//EN"
    "http://www.w3.org/TR/xhtml1/DTD/xhtml1-transitional.dtd">
<html xmlns="http://www.w3.org/1999/xhtml" xml:lang="en" lang="en">
 <head>
  <title>
</title>
<meta http-equiv="Content-Type" content="text/html;charset=utf-8" />
  <meta name='ocr-system' content='tesseract 3.04.00' />
  <meta name='ocr-capabilities' content='ocr_page ocr_carea ocr_par ocr_line ocrx_word'/>
</head>
<body>
  <div class='ocr_page' id='page_1' title='image "./tractatusdejudi00bouigoog_0364.png"; bbox 0 0 2714 4980; ppageno 0'>
   <div class='ocr_carea' id='block_1_1' title="bbox 553 326 1234 390">
    <p class='ocr_par' dir='ltr' id='par_1_1' title="bbox 553 326 1234 390">
     <span class='ocr_line' id='line_1_1' title="bbox 553 326 1234 390; baseline 0.007 -6"><span class='ocrx_word' id='word_1_1' title='bbox 553 336 632 385; x_wconf 70' lang='lat' dir='ltr'><strong><em>rcas</em></strong></span> <span class='ocrx_word' id='word_1_2' title='bbox 654 339 812 387; x_wconf 75' lang='lat' dir='ltr'><strong><em>securos.</em></strong></span> <span class='ocrx_word' id='word_1_3' title='bbox 1176 326 1234 390; x_wconf 80' lang='lat'><strong><em>351</em></strong></span> 
     </span>
    </p>
   </div>
   <div class='ocr_carea' id='block_1_2' title="bbox 112 464 1242 4503">
    <p class='ocr_par' dir='ltr' id='par_1_2' title="bbox 115 464 1242 1704">
     <span class='ocr_line' id='line_1_2' title="bbox 121 464 1242 550; baseline 0.005 -24"><span class='ocrx_word' id='word_1_4' title='bbox 121 464 294 526; x_wconf 75' lang='lat' dir='ltr'><strong><em>statialiter</em></strong></span> <span class='ocrx_word' id='word_1_5' title='bbox 309 468 338 525; x_wconf 90' lang='lat' dir='ltr'><strong><em>et</em></strong></span> <span class='ocrx_word' id='word_1_6' title='bbox 357 468 419 525; x_wconf 81' lang='lat' dir='ltr'><strong><em>tata</em></strong></span> <span class='ocrx_word' id='word_1_7' title='bbox 437 469 551 543; x_wconf 73' lang='lat' dir='ltr'><strong><em>parata</em></strong></span> <span class='ocrx_word' id='word_1_8' title='bbox 564 468 785 529; x_wconf 73' lang='lat' dir='ltr'><strong><em>ministerialis.</em></strong></span> <span class='ocrx_word' id='word_1_9' title='bbox 801 502 846 513; x_wconf 93' lang='lat'><strong>—</strong></span> <span class='ocrx_word' id='word_1_10' title='bbox 859 464 927 531; x_wconf 79' lang='lat' dir='ltr'><strong><em>Alia</em></strong></span> <span class='ocrx_word' id='word_1_11' title='bbox 942 482 1061 550; x_wconf 87' lang='lat' dir='ltr'>nempe</span> <span class='ocrx_word' id='word_1_12' title='bbox 1078 472 1130 531; x_wconf 84' lang='lat' dir='ltr'><strong><em>est</em></strong></span> <span class='ocrx_word' id='word_1_13' title='bbox 1148 464 1242 549; x_wconf 78' lang='lat' dir='ltr'><strong><em>pote·</em></strong></span> 
     </span>
     <span class='ocr_line' id='line_1_3' title="bbox 121 570 1240 665; baseline 0.004 -25"><span class='ocrx_word' id='word_1_14' title='bbox 121 582 190 643; x_wconf 86' lang='lat' dir='ltr'><strong><em>stas</em></strong></span> <span class='ocrx_word' id='word_1_15' title='bbox 209 575 332 664; x_wconf 86' lang='lat' dir='ltr'><strong><em>aliquid</em></strong></span> <span class='ocrx_word' id='word_1_16' title='bbox 349 570 527 661; x_wconf 84' lang='lat' dir='ltr'><strong><em>peragendi</em></strong></span> <span class='ocrx_word' id='word_1_17' title='bbox 548 580 678 646; x_wconf 89' lang='lat' dir='ltr'><strong><em>nomine</em></strong></span> <span class='ocrx_word' id='word_1_18' title='bbox 697 582 844 665; x_wconf 83' lang='lat' dir='ltr'><strong><em>proprio,</em></strong></span> <span class='ocrx_word' id='word_1_19' title='bbox 862 586 896 645; x_wconf 89' lang='lat' dir='ltr'><strong><em>et</em></strong></span> <span class='ocrx_word' id='word_1_20' title='bbox 910 580 973 647; x_wconf 89' lang='lat' dir='ltr'><strong><em>alia</em></strong></span> <span class='ocrx_word' id='word_1_21' title='bbox 987 586 1133 664; x_wconf 85' lang='lat' dir='ltr'><strong><em>potestas</em></strong></span> <span class='ocrx_word' id='word_1_22' title='bbox 1152 578 1240 647; x_wconf 90' lang='lat' dir='ltr'><strong><em>idem</em></strong></span> 
     </span>
     <span class='ocr_line' id='line_1_4' title="bbox 119 691 1242 783; baseline 0.002 -23"><span class='ocrx_word' id='word_1_23' title='bbox 119 691 303 779; x_wconf 85' lang='lat' dir='ltr'><strong><em>peragendi</em></strong></span> <span class='ocrx_word' id='word_1_24' title='bbox 325 696 480 778; x_wconf 89' lang='lat' dir='ltr'><strong><em>tanquam</em></strong></span> <span class='ocrx_word' id='word_1_25' title='bbox 506 692 640 760; x_wconf 88' lang='lat' dir='ltr'><strong><em>alterius</em></strong></span> <span class='ocrx_word' id='word_1_26' title='bbox 666 695 824 762; x_wconf 83' lang='lat' dir='ltr'><strong><em>minister.</em></strong></span> <span class='ocrx_word' id='word_1_27' title='bbox 852 697 914 778; x_wconf 86' lang='lat' dir='ltr'><strong><em>Qui</em></strong></span> <span class='ocrx_word' id='word_1_28' title='bbox 935 696 1075 783; x_wconf 84' lang='lat' dir='ltr'><strong>aliquam</strong></span> <span class='ocrx_word' id='word_1_29' title='bbox 1098 701 1242 783; x_wconf 84' lang='lat' dir='ltr'><strong><em>poteste-</em></strong></span> 
     </span>
     <span class='ocr_line' id='line_1_5' title="bbox 117 804 1241 898; baseline 0.001 -23"><span class='ocrx_word' id='word_1_30' title='bbox 117 817 189 876; x_wconf 91' lang='lat' dir='ltr'><strong><em>tem</em></strong></span> <span class='ocrx_word' id='word_1_31' title='bbox 207 804 310 872; x_wconf 84' lang='lat' dir='ltr'><strong><em>habet</em></strong></span> <span class='ocrx_word' id='word_1_32' title='bbox 328 814 482 893; x_wconf 86' lang='lat' dir='ltr'><strong><em>tanquam</em></strong></span> <span class='ocrx_word' id='word_1_33' title='bbox 497 809 655 888; x_wconf 84' lang='lat' dir='ltr'><strong><em>minister,</em></strong></span> <span class='ocrx_word' id='word_1_34' title='bbox 678 830 750 875; x_wconf 89' lang='lat' dir='ltr'><strong><em>eam</em></strong></span> <span class='ocrx_word' id='word_1_35' title='bbox 773 812 886 897; x_wconf 87' lang='lat' dir='ltr'><strong><em>nequit</em></strong></span> <span class='ocrx_word' id='word_1_36' title='bbox 902 811 1090 898; x_wconf 90' lang='lat' dir='ltr'><strong><em>simpliciter</em></strong></span> <span class='ocrx_word' id='word_1_37' title='bbox 1110 814 1144 878; x_wconf 87' lang='lat' dir='ltr'><strong><em>et</em></strong></span> <span class='ocrx_word' id='word_1_38' title='bbox 1162 830 1241 896; x_wconf 89' lang='lat' dir='ltr'><strong><em>pro·</em></strong></span> 
     </span>
     <span class='ocr_line' id='line_1_6' title="bbox 118 914 1241 1012; baseline 0.002 -22"><span class='ocrx_word' id='word_1_39' title='bbox 118 924 192 1009; x_wconf 92' lang='lat' dir='ltr'><strong><em>prie</em></strong></span> <span class='ocrx_word' id='word_1_40' title='bbox 222 941 338 990; x_wconf 83' lang='lat' dir='ltr'><strong><em>vocare</em></strong></span> <span class='ocrx_word' id='word_1_41' title='bbox 366 941 472 1002; x_wconf 87' lang='lat' dir='ltr'><strong><em>suam,</em></strong></span> <span class='ocrx_word' id='word_1_42' title='bbox 502 914 562 989; x_wconf 91' lang='lat' dir='ltr'><strong><em>sed</em></strong></span> <span class='ocrx_word' id='word_1_43' title='bbox 588 932 716 991; x_wconf 78' lang='lat' dir='ltr'><strong><em>mutum</em></strong></span> <span class='ocrx_word' id='word_1_44' title='bbox 742 924 775 990; x_wconf 93' lang='lat' dir='ltr'><strong><em>in</em></strong></span> <span class='ocrx_word' id='word_1_45' title='bbox 800 926 910 1012; x_wconf 85' lang='lat' dir='ltr'><strong><em>aliquo</em></strong></span> <span class='ocrx_word' id='word_1_46' title='bbox 938 946 1051 1012; x_wconf 82' lang='lat' dir='ltr'><strong><em>sensu3</em></strong></span> <span class='ocrx_word' id='word_1_47' title='bbox 1078 947 1118 993; x_wconf 92' lang='lat' dir='ltr'><strong><em>eo</em></strong></span> <span class='ocrx_word' id='word_1_48' title='bbox 1145 946 1241 993; x_wconf 90' lang='lat' dir='ltr'><strong><em>sensu</em></strong></span> 
     </span>
     <span class='ocr_line' id='line_1_7' title="bbox 117 1034 1240 1126; baseline 0.004 -21"><span class='ocrx_word' id='word_1_49' title='bbox 117 1058 239 1125; x_wconf 90' lang='lat' dir='ltr'><strong>nempe</strong></span> <span class='ocrx_word' id='word_1_50' title='bbox 254 1034 342 1125; x_wconf 90' lang='lat' dir='ltr'><strong><em>quod</em></strong></span> <span class='ocrx_word' id='word_1_51' title='bbox 355 1044 551 1125; x_wconf 86' lang='lat' dir='ltr'><strong><em>potestatem</em></strong></span> <span class='ocrx_word' id='word_1_52' title='bbox 564 1038 648 1107; x_wconf 80' lang='lat' dir='ltr'><strong><em>hanc</em></strong></span> <span class='ocrx_word' id='word_1_53' title='bbox 660 1041 804 1126; x_wconf 81' lang='lat' dir='ltr'><strong><em>legitime</em></strong></span> <span class='ocrx_word' id='word_1_54' title='bbox 818 1060 973 1110; x_wconf 87' lang='lat' dir='ltr'><strong><em>exercere</em></strong></span> <span class='ocrx_word' id='word_1_55' title='bbox 989 1044 1097 1109; x_wconf 83' lang='lat' dir='ltr'><strong><em>valcat</em></strong></span> <span class='ocrx_word' id='word_1_56' title='bbox 1111 1044 1240 1110; x_wconf 89' lang='lat' dir='ltr'><strong><em>nomine</em></strong></span> 
     </span>
     <span class='ocr_line' id='line_1_8' title="bbox 117 1156 1241 1245; baseline 0.002 -24"><span class='ocrx_word' id='word_1_57' title='bbox 117 1158 267 1235; x_wconf 88' lang='lat' dir='ltr'><strong><em>alterius,</em></strong></span> <span class='ocrx_word' id='word_1_58' title='bbox 288 1160 322 1221; x_wconf 91' lang='lat' dir='ltr'><strong><em>et</em></strong></span> <span class='ocrx_word' id='word_1_59' title='bbox 343 1161 503 1241; x_wconf 86' lang='lat' dir='ltr'><strong><em>quatenus</em></strong></span> <span class='ocrx_word' id='word_1_60' title='bbox 518 1158 712 1223; x_wconf 85' lang='lat' dir='ltr'><strong><em>constitutus</em></strong></span> <span class='ocrx_word' id='word_1_61' title='bbox 728 1156 772 1225; x_wconf 89' lang='lat' dir='ltr'><strong><em>ad</em></strong></span> <span class='ocrx_word' id='word_1_62' title='bbox 793 1157 829 1224; x_wconf 92' lang='lat' dir='ltr'><strong><em>id</em></strong></span> <span class='ocrx_word' id='word_1_63' title='bbox 848 1158 1003 1225; x_wconf 86' lang='lat' dir='ltr'><strong><em>minister.</em></strong></span> <span class='ocrx_word' id='word_1_64' title='bbox 1024 1160 1128 1226; x_wconf 90' lang='lat' dir='ltr'><strong><em>Porro</em></strong></span> <span class='ocrx_word' id='word_1_65' title='bbox 1144 1156 1241 1245; x_wconf 88' lang='lat' dir='ltr'><strong><em>hujus</em></strong></span> 
     </span>
     <span class='ocr_line' id='line_1_9' title="bbox 117 1272 1237 1360; baseline 0.002 -22"><span class='ocrx_word' id='word_1_66' title='bbox 117 1272 242 1357; x_wconf 90' lang='lat' dir='ltr'><strong><em>speciei</em></strong></span> <span class='ocrx_word' id='word_1_67' title='bbox 264 1290 333 1337; x_wconf 90' lang='lat' dir='ltr'><strong><em>esse</em></strong></span> <span class='ocrx_word' id='word_1_68' title='bbox 357 1278 553 1357; x_wconf 83' lang='lat' dir='ltr'><strong><em>potestatem</em></strong></span> <span class='ocrx_word' id='word_1_69' title='bbox 572 1272 706 1338; x_wconf 81' lang='lat' dir='ltr'><strong><em>Vicariis</em></strong></span> <span class='ocrx_word' id='word_1_70' title='bbox 729 1273 962 1360; x_wconf 87' lang='lat' dir='ltr'><strong><em>Episcoporum</em></strong></span> <span class='ocrx_word' id='word_1_71' title='bbox 985 1282 1237 1359; x_wconf 85' lang='lat' dir='ltr'><strong><em>competentem,</em></strong></span> 
     </span>
     <span class='ocr_line' id='line_1_10' title="bbox 117 1384 1241 1472; baseline -0.001 -16"><span class='ocrx_word' id='word_1_72' title='bbox 117 1389 243 1456; x_wconf 85' lang='lat' dir='ltr'><strong><em>evincit</em></strong></span> <span class='ocrx_word' id='word_1_73' title='bbox 260 1388 328 1472; x_wconf 90' lang='lat' dir='ltr'><strong><em>ipsa</em></strong></span> <span class='ocrx_word' id='word_1_74' title='bbox 350 1407 463 1454; x_wconf 91' lang='lat' dir='ltr'><strong><em>eorum</em></strong></span> <span class='ocrx_word' id='word_1_75' title='bbox 479 1384 708 1456; x_wconf 85' lang='lat' dir='ltr'><strong><em>denominatio.</em></strong></span> <span class='ocrx_word' id='word_1_76' title='bbox 729 1388 857 1456; x_wconf 82' lang='lat' dir='ltr'><strong><em>Absone</em></strong></span> <span class='ocrx_word' id='word_1_77' title='bbox 875 1392 961 1457; x_wconf 91' lang='lat' dir='ltr'><strong><em>enim</em></strong></span> <span class='ocrx_word' id='word_1_78' title='bbox 981 1390 1171 1457; x_wconf 83' lang='lat' dir='ltr'><strong><em>dicerentur</em></strong></span> <span class='ocrx_word' id='word_1_79' title='bbox 1187 1391 1241 1455; x_wconf 76' lang='lat' dir='ltr'><strong><em>Vr·</em></strong></span> 
     </span>
     <span class='ocr_line' id='line_1_11' title="bbox 117 1494 1241 1593; baseline 0.001 -23"><span class='ocrx_word' id='word_1_80' title='bbox 117 1505 214 1582; x_wconf 90' lang='lat' dir='ltr'><strong><em>carii,</em></strong></span> <span class='ocrx_word' id='word_1_81' title='bbox 231 1504 292 1569; x_wconf 91' lang='lat' dir='ltr'><strong><em>nisi</em></strong></span> <span class='ocrx_word' id='word_1_82' title='bbox 314 1504 402 1569; x_wconf 83' lang='lat' dir='ltr'><strong><em>vices</em></strong></span> <span class='ocrx_word' id='word_1_83' title='bbox 424 1494 541 1588; x_wconf 83' lang='lat' dir='ltr'><strong><em>agendi</em></strong></span> <span class='ocrx_word' id='word_1_84' title='bbox 563 1502 699 1569; x_wconf 88' lang='lat' dir='ltr'><strong><em>officium</em></strong></span> <span class='ocrx_word' id='word_1_85' title='bbox 723 1507 939 1572; x_wconf 87' lang='lat' dir='ltr'><strong><em>sortirentur:</em></strong></span> <span class='ocrx_word' id='word_1_86' title='bbox 957 1506 1012 1593; x_wconf 86' lang='lat' dir='ltr'><strong><em>qui</em></strong></span> <span class='ocrx_word' id='word_1_87' title='bbox 1026 1514 1136 1572; x_wconf 90' lang='lat' dir='ltr'><strong><em>autem</em></strong></span> <span class='ocrx_word' id='word_1_88' title='bbox 1152 1506 1241 1571; x_wconf 87' lang='lat' dir='ltr'><strong><em>vices</em></strong></span> 
     </span>
     <span class='ocr_line' id='line_1_12' title="bbox 115 1618 884 1704; baseline -0.001 -18"><span class='ocrx_word' id='word_1_89' title='bbox 115 1619 254 1686; x_wconf 87' lang='lat' dir='ltr'><strong><em>alterius</em></strong></span> <span class='ocrx_word' id='word_1_90' title='bbox 271 1619 348 1703; x_wconf 70' lang='lat' dir='ltr'><strong><em>agit,</em></strong></span> <span class='ocrx_word' id='word_1_91' title='bbox 369 1621 402 1684; x_wconf 93' lang='lat' dir='ltr'><strong><em>in</em></strong></span> <span class='ocrx_word' id='word_1_92' title='bbox 416 1619 477 1685; x_wconf 87' lang='lat' dir='ltr'><strong><em>hoc</em></strong></span> <span class='ocrx_word' id='word_1_93' title='bbox 490 1619 559 1702; x_wconf 92' lang='lat' dir='ltr'><strong><em>ipso</em></strong></span> <span class='ocrx_word' id='word_1_94' title='bbox 576 1627 626 1685; x_wconf 89' lang='lat' dir='ltr'><strong><em>est</em></strong></span> <span class='ocrx_word' id='word_1_95' title='bbox 641 1618 712 1704; x_wconf 85' lang='lat' dir='ltr'><strong><em>ejus</em></strong></span> <span class='ocrx_word' id='word_1_96' title='bbox 726 1622 884 1686; x_wconf 85' lang='lat' dir='ltr'><strong><em>minister.</em></strong></span> 
     </span>
    </p>

    <p class='ocr_par' dir='ltr' id='par_1_3' title="bbox 114 1733 1240 2286">
     <span class='ocr_line' id='line_1_13' title="bbox 162 1733 1240 1822; baseline 0.003 -21"><span class='ocrx_word' id='word_1_97' title='bbox 162 1736 213 1801; x_wconf 84' lang='lat' dir='ltr'><strong><em>Ex</em></strong></span> <span class='ocrx_word' id='word_1_98' title='bbox 232 1752 298 1822; x_wconf 90' lang='lat' dir='ltr'><strong><em>quo</em></strong></span> <span class='ocrx_word' id='word_1_99' title='bbox 311 1733 377 1819; x_wconf 86' lang='lat' dir='ltr'><strong><em>jam</em></strong></span> <span class='ocrx_word' id='word_1_100' title='bbox 391 1742 482 1820; x_wconf 84' lang='lat' dir='ltr'><strong><em>patet</em></strong></span> <span class='ocrx_word' id='word_1_101' title='bbox 498 1734 628 1800; x_wconf 92' lang='lat' dir='ltr'><strong><em>omnino</em></strong></span> <span class='ocrx_word' id='word_1_102' title='bbox 642 1733 774 1802; x_wconf 81' lang='lat' dir='ltr'><strong><em>differre</em></strong></span> <span class='ocrx_word' id='word_1_103' title='bbox 792 1735 954 1822; x_wconf 82' lang='lat' dir='ltr'><strong><em>ejusmodi</em></strong></span> <span class='ocrx_word' id='word_1_104' title='bbox 965 1736 1167 1804; x_wconf 74' lang='lat' dir='ltr'><strong><em>vicariorum</em></strong></span> <span class='ocrx_word' id='word_1_105' title='bbox 1184 1756 1240 1822; x_wconf 75' lang='lat' dir='ltr'><strong><em>ge·</em></strong></span> 
     </span>
     <span class='ocr_line' id='line_1_14' title="bbox 116 1850 1240 1937; baseline 0.001 -21"><span class='ocrx_word' id='word_1_106' title='bbox 116 1852 281 1918; x_wconf 75' lang='lat' dir='ltr'><strong><em>uenalium</em></strong></span> <span class='ocrx_word' id='word_1_107' title='bbox 295 1850 445 1931; x_wconf 84' lang='lat' dir='ltr'><strong><em>officium,</em></strong></span> <span class='ocrx_word' id='word_1_108' title='bbox 462 1850 504 1917; x_wconf 89' lang='lat' dir='ltr'><strong><em>ab</em></strong></span> <span class='ocrx_word' id='word_1_109' title='bbox 520 1853 590 1917; x_wconf 90' lang='lat' dir='ltr'><strong><em>aliis</em></strong></span> <span class='ocrx_word' id='word_1_110' title='bbox 604 1850 712 1918; x_wconf 88' lang='lat' dir='ltr'><strong><em>officiis</em></strong></span> <span class='ocrx_word' id='word_1_111' title='bbox 724 1851 841 1937; x_wconf 89' lang='lat' dir='ltr'><strong><em>quibus</em></strong></span> <span class='ocrx_word' id='word_1_112' title='bbox 856 1853 991 1932; x_wconf 85' lang='lat' dir='ltr'><strong><em>adnexa,</em></strong></span> <span class='ocrx_word' id='word_1_113' title='bbox 1004 1862 1054 1920; x_wconf 92' lang='lat' dir='ltr'><strong><em>est</em></strong></span> <span class='ocrx_word' id='word_1_114' title='bbox 1067 1874 1132 1919; x_wconf 91' lang='lat' dir='ltr'><strong><em>uon</em></strong></span> <span class='ocrx_word' id='word_1_115' title='bbox 1147 1854 1240 1920; x_wconf 90' lang='lat' dir='ltr'><strong><em>mini·</em></strong></span> 
     </span>
     <span class='ocr_line' id='line_1_15' title="bbox 115 1962 1240 2054; baseline -0.001 -20"><span class='ocrx_word' id='word_1_116' title='bbox 115 1969 269 2047; x_wconf 89' lang='lat' dir='ltr'><strong><em>sterialis,</em></strong></span> <span class='ocrx_word' id='word_1_117' title='bbox 287 1962 346 2034; x_wconf 89' lang='lat' dir='ltr'><strong><em>sed</em></strong></span> <span class='ocrx_word' id='word_1_118' title='bbox 361 1970 473 2035; x_wconf 86' lang='lat' dir='ltr'><strong><em>stricte</em></strong></span> <span class='ocrx_word' id='word_1_119' title='bbox 488 1969 620 2053; x_wconf 86' lang='lat' dir='ltr'><strong><em>propria</em></strong></span> <span class='ocrx_word' id='word_1_120' title='bbox 637 1976 800 2054; x_wconf 87' lang='lat' dir='ltr'><strong><em>potestas;</em></strong></span> <span class='ocrx_word' id='word_1_121' title='bbox 817 1968 913 2054; x_wconf 91' lang='lat' dir='ltr'><strong><em>quale</em></strong></span> <span class='ocrx_word' id='word_1_122' title='bbox 932 1976 983 2036; x_wconf 89' lang='lat' dir='ltr'><strong><em>cst</em></strong></span> <span class='ocrx_word' id='word_1_123' title='bbox 1003 1968 1142 2037; x_wconf 87' lang='lat' dir='ltr'><strong><em>officium</em></strong></span> <span class='ocrx_word' id='word_1_124' title='bbox 1164 1971 1240 2054; x_wconf 91' lang='lat' dir='ltr'><strong><em>Epi-</em></strong></span> 
     </span>
     <span class='ocr_line' id='line_1_16' title="bbox 115 2084 1238 2172; baseline 0.001 -20"><span class='ocrx_word' id='word_1_125' title='bbox 115 2087 209 2171; x_wconf 83' lang='lat' dir='ltr'><strong><em>scopi</em></strong></span> <span class='ocrx_word' id='word_1_126' title='bbox 227 2085 423 2152; x_wconf 78' lang='lat' dir='ltr'><strong><em>ordinariam</em></strong></span> <span class='ocrx_word' id='word_1_127' title='bbox 437 2084 701 2172; x_wconf 87' lang='lat' dir='ltr'><strong><em>jurisdictionem</em></strong></span> <span class='ocrx_word' id='word_1_128' title='bbox 720 2085 907 2165; x_wconf 86' lang='lat' dir='ltr'><strong><em>obtinentis,</em></strong></span> <span class='ocrx_word' id='word_1_129' title='bbox 930 2094 964 2153; x_wconf 91' lang='lat' dir='ltr'><strong><em>ct</em></strong></span> <span class='ocrx_word' id='word_1_130' title='bbox 986 2086 1238 2154; x_wconf 86' lang='lat' dir='ltr'><strong><em>etiamofficium</em></strong></span> 
     </span>
     <span class='ocr_line' id='line_1_17' title="bbox 114 2200 265 2286; baseline -0.013 -19"><span class='ocrx_word' id='word_1_131' title='bbox 114 2200 265 2286; x_wconf 84' lang='lat' dir='ltr'><strong><em>parochi.</em></strong></span> 
     </span>
    </p>

    <p class='ocr_par' dir='ltr' id='par_1_4' title="bbox 112 2318 1241 3569">
     <span class='ocr_line' id='line_1_18' title="bbox 160 2318 1239 2403; baseline 0.002 -19"><span class='ocrx_word' id='word_1_132' title='bbox 160 2319 362 2386; x_wconf 75' lang='lat' dir='ltr'><strong><em>Psoroslmo</em></strong></span> <span class='ocrx_word' id='word_1_133' title='bbox 373 2318 443 2385; x_wconf 84' lang='lat'><em>111¹.</em></span> <span class='ocrx_word' id='word_1_134' title='bbox 461 2357 506 2369; x_wconf 93' lang='lat'><em>-</em></span> <span class='ocrx_word' id='word_1_135' title='bbox 526 2322 644 2384; x_wconf 87' lang='lat' dir='ltr'><strong><em>Vicario</em></strong></span> <span class='ocrx_word' id='word_1_136' title='bbox 657 2320 791 2401; x_wconf 78' lang='lat' dir='ltr'><strong><em>passeoli</em></strong></span> <span class='ocrx_word' id='word_1_137' title='bbox 807 2322 946 2403; x_wconf 84' lang='lat' dir='ltr'><strong><em>Episcopi</em></strong></span> <span class='ocrx_word' id='word_1_138' title='bbox 963 2325 1162 2386; x_wconf 78' lang='lat' dir='ltr'><strong><em>essentialiter</em></strong></span> <span class='ocrx_word' id='word_1_139' title='bbox 1179 2342 1239 2386; x_wconf 86' lang='lat' dir='ltr'><strong><em>aaa</em></strong></span> 
     </span>
     <span class='ocr_line' id='line_1_19' title="bbox 113 2436 1239 2522; baseline 0.004 -23"><span class='ocrx_word' id='word_1_140' title='bbox 113 2441 270 2519; x_wconf 83' lang='lat' dir='ltr'><strong><em>competit,</em></strong></span> <span class='ocrx_word' id='word_1_141' title='bbox 288 2443 324 2499; x_wconf 88' lang='lat' dir='ltr'><strong><em>at</em></strong></span> <span class='ocrx_word' id='word_1_142' title='bbox 340 2436 441 2499; x_wconf 88' lang='lat' dir='ltr'><strong><em>aaleat</em></strong></span> <span class='ocrx_word' id='word_1_143' title='bbox 455 2440 532 2499; x_wconf 89' lang='lat' dir='ltr'><strong><em>ciees</em></strong></span> <span class='ocrx_word' id='word_1_144' title='bbox 550 2438 690 2519; x_wconf 84' lang='lat' dir='ltr'><strong><em>Episcopi</em></strong></span> <span class='ocrx_word' id='word_1_145' title='bbox 706 2455 794 2516; x_wconf 83' lang='lat' dir='ltr'><strong><em>apere</em></strong></span> <span class='ocrx_word' id='word_1_146' title='bbox 809 2440 842 2499; x_wconf 87' lang='lat' dir='ltr'><strong><em>ia</em></strong></span> <span class='ocrx_word' id='word_1_147' title='bbox 858 2440 1022 2502; x_wconf 82' lang='lat' dir='ltr'><strong><em>eaereecda</em></strong></span> <span class='ocrx_word' id='word_1_148' title='bbox 1041 2441 1158 2503; x_wconf 84' lang='lat' dir='ltr'><strong><em>ardicis</em></strong></span> <span class='ocrx_word' id='word_1_149' title='bbox 1176 2444 1239 2522; x_wconf 90' lang='lat' dir='ltr'><strong><em>epi-</em></strong></span> 
     </span>
     <span class='ocr_line' id='line_1_20' title="bbox 115 2552 1238 2647; baseline 0.004 -29"><span class='ocrx_word' id='word_1_150' title='bbox 115 2556 249 2637; x_wconf 87' lang='lat' dir='ltr'><strong><em>scopalis</em></strong></span> <span class='ocrx_word' id='word_1_151' title='bbox 256 2559 415 2635; x_wconf 84' lang='lat' dir='ltr'><strong><em>potestate.</em></strong></span> <span class='ocrx_word' id='word_1_152' title='bbox 430 2589 476 2603; x_wconf 92' lang='lat'><strong><em>·-</em></strong></span> <span class='ocrx_word' id='word_1_153' title='bbox 489 2553 652 2621; x_wconf 85' lang='lat' dir='ltr'><strong><em>Probatur</em></strong></span> <span class='ocrx_word' id='word_1_154' title='bbox 663 2574 703 2620; x_wconf 82' lang='lat' dir='ltr'><strong><em>ex</em></strong></span> <span class='ocrx_word' id='word_1_155' title='bbox 717 2575 756 2620; x_wconf 92' lang='lat' dir='ltr'><strong><em>eo</em></strong></span> <span class='ocrx_word' id='word_1_156' title='bbox 770 2552 858 2647; x_wconf 88' lang='lat' dir='ltr'><strong><em>quod</em></strong></span> <span class='ocrx_word' id='word_1_157' title='bbox 874 2554 984 2621; x_wconf 88' lang='lat' dir='ltr'><strong><em>clerici</em></strong></span> <span class='ocrx_word' id='word_1_158' title='bbox 997 2556 1238 2623; x_wconf 88' lang='lat' dir='ltr'><strong><em>consecratione</em></strong></span> 
     </span>
     <span class='ocr_line' id='line_1_21' title="bbox 115 2666 1240 2756; baseline 0.002 -20"><span class='ocrx_word' id='word_1_159' title='bbox 115 2669 294 2755; x_wconf 85' lang='lat' dir='ltr'><strong><em>episcopali</em></strong></span> <span class='ocrx_word' id='word_1_160' title='bbox 313 2666 472 2748; x_wconf 89' lang='lat' dir='ltr'><strong><em>destituti,</em></strong></span> <span class='ocrx_word' id='word_1_161' title='bbox 494 2690 563 2737; x_wconf 90' lang='lat' dir='ltr'><strong><em>esse</em></strong></span> <span class='ocrx_word' id='word_1_162' title='bbox 579 2672 702 2756; x_wconf 89' lang='lat' dir='ltr'><strong><em>possint</em></strong></span> <span class='ocrx_word' id='word_1_163' title='bbox 719 2678 754 2737; x_wconf 91' lang='lat' dir='ltr'><strong><em>et</em></strong></span> <span class='ocrx_word' id='word_1_164' title='bbox 772 2672 836 2737; x_wconf 88' lang='lat' dir='ltr'><strong><em>sint</em></strong></span> <span class='ocrx_word' id='word_1_165' title='bbox 852 2671 895 2737; x_wconf 88' lang='lat' dir='ltr'><strong><em>de</em></strong></span> <span class='ocrx_word' id='word_1_166' title='bbox 910 2672 1008 2750; x_wconf 88' lang='lat' dir='ltr'><strong><em>iacto,</em></strong></span> <span class='ocrx_word' id='word_1_167' title='bbox 1030 2673 1102 2738; x_wconf 89' lang='lat' dir='ltr'><strong><em>veri</em></strong></span> <span class='ocrx_word' id='word_1_168' title='bbox 1120 2672 1240 2738; x_wconf 79' lang='lat' dir='ltr'><strong><em>Vicarii</em></strong></span> 
     </span>
     <span class='ocr_line' id='line_1_22' title="bbox 114 2764 1241 2874; baseline 0 -22"><span class='ocrx_word' id='word_1_169' title='bbox 114 2784 301 2872; x_wconf 84' lang='lat' dir='ltr'><strong><em>generales,</em></strong></span> <span class='ocrx_word' id='word_1_170' title='bbox 316 2794 351 2852; x_wconf 92' lang='lat' dir='ltr'><strong><em>et</em></strong></span> <span class='ocrx_word' id='word_1_171' title='bbox 361 2792 398 2852; x_wconf 92' lang='lat' dir='ltr'><strong><em>ut</em></strong></span> <span class='ocrx_word' id='word_1_172' title='bbox 408 2785 491 2853; x_wconf 85' lang='lat' dir='ltr'><strong><em>tales</em></strong></span> <span class='ocrx_word' id='word_1_173' title='bbox 503 2785 604 2873; x_wconf 86' lang='lat' dir='ltr'><strong><em>ajuro</em></strong></span> <span class='ocrx_word' id='word_1_174' title='bbox 617 2789 779 2854; x_wconf 91' lang='lat' dir='ltr'><strong><em>communi</em></strong></span> <span class='ocrx_word' id='word_1_175' title='bbox 792 2786 893 2872; x_wconf 82' lang='lat' dir='ltr'><strong><em>agniti</em></strong></span> <span class='ocrx_word' id='word_1_176' title='bbox 907 2808 914 2854; x_wconf 77' lang='grc' dir='ltr'><strong><em>ε</em></strong></span> <span class='ocrx_word' id='word_1_177' title='bbox 930 2788 1055 2853; x_wconf 83' lang='lat' dir='ltr'><strong><em>iicertc</em></strong></span> <span class='ocrx_word' id='word_1_178' title='bbox 1071 2764 1241 2874; x_wconf 81' lang='lat' dir='ltr'><strong><em>nequeunt</em></strong></span> 
     </span>
     <span class='ocr_line' id='line_1_23' title="bbox 115 2899 1239 2988; baseline 0.001 -20"><span class='ocrx_word' id='word_1_179' title='bbox 115 2923 157 2968; x_wconf 88' lang='lat' dir='ltr'><strong><em>ea</em></strong></span> <span class='ocrx_word' id='word_1_180' title='bbox 176 2902 372 2988; x_wconf 76' lang='lat' dir='ltr'><strong><em>facereque</em></strong></span> <span class='ocrx_word' id='word_1_181' title='bbox 391 2901 538 2968; x_wconf 86' lang='lat' dir='ltr'><strong><em>ordinem</em></strong></span> <span class='ocrx_word' id='word_1_182' title='bbox 553 2904 774 2987; x_wconf 89' lang='lat' dir='ltr'><strong><em>Episcopalcm</em></strong></span> <span class='ocrx_word' id='word_1_183' title='bbox 794 2902 978 2987; x_wconf 88' lang='lat' dir='ltr'><strong><em>requirunt.</em></strong></span> <span class='ocrx_word' id='word_1_184' title='bbox 1001 2899 1108 2981; x_wconf 87' lang='lat' dir='ltr'><strong><em>Unde,</em></strong></span> <span class='ocrx_word' id='word_1_185' title='bbox 1127 2923 1239 2988; x_wconf 83' lang='lat' dir='ltr'><strong><em>quam-</em></strong></span> 
     </span>
     <span class='ocr_line' id='line_1_24' title="bbox 115 3014 1239 3104; baseline 0 -20"><span class='ocrx_word' id='word_1_186' title='bbox 115 3019 168 3084; x_wconf 89' lang='lat' dir='ltr'><strong><em>vis</em></strong></span> <span class='ocrx_word' id='word_1_187' title='bbox 181 3019 284 3102; x_wconf 92' lang='lat' dir='ltr'><strong><em>possit</em></strong></span> <span class='ocrx_word' id='word_1_188' title='bbox 296 3018 411 3104; x_wconf 89' lang='lat' dir='ltr'><strong><em>aliquis</em></strong></span> <span class='ocrx_word' id='word_1_189' title='bbox 421 3019 599 3103; x_wconf 86' lang='lat' dir='ltr'><strong><em>Episcopus</em></strong></span> <span class='ocrx_word' id='word_1_190' title='bbox 613 3020 766 3085; x_wconf 84' lang='lat' dir='ltr'><strong><em>constitui</em></strong></span> <span class='ocrx_word' id='word_1_191' title='bbox 776 3019 923 3085; x_wconf 72' lang='lat' dir='ltr'><strong><em>vicarius</em></strong></span> <span class='ocrx_word' id='word_1_192' title='bbox 934 3019 1092 3102; x_wconf 75' lang='lat' dir='ltr'><strong><em>generalis</em></strong></span> <span class='ocrx_word' id='word_1_193' title='bbox 1106 3014 1239 3084; x_wconf 88' lang='lat' dir='ltr'><strong><em>alterius</em></strong></span> 
     </span>
     <span class='ocr_line' id='line_1_25' title="bbox 113 3134 1240 3222; baseline -0.002 -20"><span class='ocrx_word' id='word_1_194' title='bbox 113 3135 279 3222; x_wconf 86' lang='lat' dir='ltr'><strong><em>Episcopi,</em></strong></span> <span class='ocrx_word' id='word_1_195' title='bbox 297 3142 395 3220; x_wconf 87' lang='lat' dir='ltr'><strong><em>atque</em></strong></span> <span class='ocrx_word' id='word_1_196' title='bbox 409 3136 509 3220; x_wconf 93' lang='lat' dir='ltr'><strong><em>ipsius</em></strong></span> <span class='ocrx_word' id='word_1_197' title='bbox 520 3134 607 3201; x_wconf 86' lang='lat' dir='ltr'><strong><em>vices</em></strong></span> <span class='ocrx_word' id='word_1_198' title='bbox 618 3135 751 3219; x_wconf 83' lang='lat' dir='ltr'><strong><em>explere</em></strong></span> <span class='ocrx_word' id='word_1_199' title='bbox 766 3137 864 3201; x_wconf 89' lang='lat' dir='ltr'><strong><em>etiam</em></strong></span> <span class='ocrx_word' id='word_1_200' title='bbox 877 3135 910 3199; x_wconf 93' lang='lat' dir='ltr'><strong><em>in</em></strong></span> <span class='ocrx_word' id='word_1_201' title='bbox 925 3134 1124 3201; x_wconf 87' lang='lat' dir='ltr'><strong><em>conferendo</em></strong></span> <span class='ocrx_word' id='word_1_202' title='bbox 1136 3154 1240 3200; x_wconf 86' lang='lat' dir='ltr'><strong><em>sacru·</em></strong></span> 
     </span>
     <span class='ocr_line' id='line_1_26' title="bbox 113 3242 1238 3335; baseline 0.001 -19"><span class='ocrx_word' id='word_1_203' title='bbox 113 3258 231 3316; x_wconf 87' lang='lat' dir='ltr'><strong><em>mento</em></strong></span> <span class='ocrx_word' id='word_1_204' title='bbox 248 3244 382 3329; x_wconf 88' lang='lat' dir='ltr'><strong><em>ordinis,</em></strong></span> <span class='ocrx_word' id='word_1_205' title='bbox 401 3250 435 3316; x_wconf 91' lang='lat' dir='ltr'><strong><em>id</em></strong></span> <span class='ocrx_word' id='word_1_206' title='bbox 452 3259 561 3318; x_wconf 86' lang='lat' dir='ltr'><strong><em>tamen</em></strong></span> <span class='ocrx_word' id='word_1_207' title='bbox 576 3249 677 3318; x_wconf 90' lang='lat' dir='ltr'><strong><em>officio</em></strong></span> <span class='ocrx_word' id='word_1_208' title='bbox 696 3242 875 3317; x_wconf 74' lang='lat' dir='ltr'><strong><em>Vicariatu&#39;s</em></strong></span> <span class='ocrx_word' id='word_1_209' title='bbox 893 3251 1053 3335; x_wconf 80' lang='lat' dir='ltr'><strong><em>generalis</em></strong></span> <span class='ocrx_word' id='word_1_210' title='bbox 1067 3250 1238 3319; x_wconf 87' lang='lat' dir='ltr'><strong><em>essentiale</em></strong></span> 
     </span>
     <span class='ocr_line' id='line_1_27' title="bbox 113 3363 1238 3452; baseline 0.001 -20"><span class='ocrx_word' id='word_1_211' title='bbox 113 3375 271 3445; x_wconf 90' lang='lat' dir='ltr'><strong><em>nonest,</em></strong></span> <span class='ocrx_word' id='word_1_212' title='bbox 293 3365 352 3432; x_wconf 88' lang='lat' dir='ltr'><strong><em>sed</em></strong></span> <span class='ocrx_word' id='word_1_213' title='bbox 373 3363 590 3452; x_wconf 89' lang='lat' dir='ltr'><strong><em>accidentale;</em></strong></span> <span class='ocrx_word' id='word_1_214' title='bbox 609 3387 683 3432; x_wconf 92' lang='lat' dir='ltr'><strong><em>cum</em></strong></span> <span class='ocrx_word' id='word_1_215' title='bbox 705 3385 804 3432; x_wconf 89' lang='lat' dir='ltr'><strong><em>verus</em></strong></span> <span class='ocrx_word' id='word_1_216' title='bbox 825 3367 971 3432; x_wconf 78' lang='lat' dir='ltr'><strong><em>vicarius</em></strong></span> <span class='ocrx_word' id='word_1_217' title='bbox 992 3367 1151 3451; x_wconf 80' lang='lat' dir='ltr'><strong><em>generalis</em></strong></span> <span class='ocrx_word' id='word_1_218' title='bbox 1168 3385 1238 3433; x_wconf 91' lang='lat' dir='ltr'><strong><em>esse</em></strong></span> 
     </span>
     <span class='ocr_line' id='line_1_28' title="bbox 112 3484 877 3569; baseline -0.001 -19"><span class='ocrx_word' id='word_1_219' title='bbox 112 3484 230 3568; x_wconf 86' lang='lat' dir='ltr'><strong><em>possit,</em></strong></span> <span class='ocrx_word' id='word_1_220' title='bbox 251 3484 307 3569; x_wconf 91' lang='lat' dir='ltr'><strong><em>qui</em></strong></span> <span class='ocrx_word' id='word_1_221' title='bbox 326 3504 391 3549; x_wconf 91' lang='lat' dir='ltr'><strong><em>non</em></strong></span> <span class='ocrx_word' id='word_1_222' title='bbox 406 3492 455 3550; x_wconf 91' lang='lat' dir='ltr'><strong><em>est</em></strong></span> <span class='ocrx_word' id='word_1_223' title='bbox 469 3492 673 3550; x_wconf 88' lang='lat' dir='ltr'><strong><em>consecratus</em></strong></span> <span class='ocrx_word' id='word_1_224' title='bbox 688 3484 877 3568; x_wconf 86' lang='lat' dir='ltr'><strong><em>Episcopus.</em></strong></span> 
     </span>
    </p>

    <p class='ocr_par' dir='ltr' id='par_1_5' title="bbox 114 3586 1240 4503">
     <span class='ocr_line' id='line_1_29' title="bbox 161 3586 1240 3683; baseline -0.001 -18"><span class='ocrx_word' id='word_1_225' title='bbox 161 3586 442 3666; x_wconf 66' lang='lat' dir='ltr'><strong><em>PsoroslmodW.</em></strong></span> <span class='ocrx_word' id='word_1_226' title='bbox 453 3594 552 3666; x_wconf 87' lang='lat' dir='ltr'><strong><em>—De</em></strong></span> <span class='ocrx_word' id='word_1_227' title='bbox 563 3606 690 3663; x_wconf 83' lang='lat' dir='ltr'><strong><em>essentia</em></strong></span> <span class='ocrx_word' id='word_1_228' title='bbox 704 3604 875 3664; x_wconf 84' lang='lat' dir='ltr'><strong><em>Vicariatas</em></strong></span> <span class='ocrx_word' id='word_1_229' title='bbox 887 3601 1036 3682; x_wconf 83' lang='lat' dir='ltr'><strong><em>peaerolis</em></strong></span> <span class='ocrx_word' id='word_1_230' title='bbox 1051 3608 1095 3664; x_wconf 88' lang='lat' dir='ltr'><strong><em>est</em></strong></span> <span class='ocrx_word' id='word_1_231' title='bbox 1104 3608 1240 3683; x_wconf 89' lang='lat' dir='ltr'><strong><em>potestas</em></strong></span> 
     </span>
     <span class='ocr_line' id='line_1_30' title="bbox 114 3717 1238 3815; baseline 0.001 -34"><span class='ocrx_word' id='word_1_232' title='bbox 114 3720 277 3781; x_wconf 62' lang='lat' dir='ltr'><strong><em>macenti</em></strong></span> <span class='ocrx_word' id='word_1_233' title='bbox 289 3719 422 3800; x_wconf 79' lang='lat' dir='ltr'><strong><em>aliquam</em></strong></span> <span class='ocrx_word' id='word_1_234' title='bbox 430 3720 673 3801; x_wconf 80' lang='lat' dir='ltr'><strong><em>jurisdictionem</em></strong></span> <span class='ocrx_word' id='word_1_235' title='bbox 687 3722 828 3800; x_wconf 88' lang='lat' dir='ltr'><strong><em>Episcopi</em></strong></span> <span class='ocrx_word' id='word_1_236' title='bbox 840 3724 1006 3800; x_wconf 84' lang='lat' dir='ltr'><strong><em>propriam.</em></strong></span> <span class='ocrx_word' id='word_1_237' title='bbox 1018 3754 1063 3766; x_wconf 92' lang='lat'><strong><em>—-</em></strong></span> <span class='ocrx_word' id='word_1_238' title='bbox 1072 3717 1238 3815; x_wconf 80' lang='lat' dir='ltr'><strong><em>Conclusio</em></strong></span> 
     </span>
     <span class='ocr_line' id='line_1_31' title="bbox 116 3832 1240 3920; baseline -0.001 -21"><span class='ocrx_word' id='word_1_239' title='bbox 116 3834 189 3899; x_wconf 86' lang='lat' dir='ltr'><strong><em>haec</em></strong></span> <span class='ocrx_word' id='word_1_240' title='bbox 206 3853 248 3898; x_wconf 84' lang='lat' dir='ltr'><strong><em>ex</em></strong></span> <span class='ocrx_word' id='word_1_241' title='bbox 261 3832 521 3917; x_wconf 77' lang='lat' dir='ltr'><strong><em>precedentibus</em></strong></span> <span class='ocrx_word' id='word_1_242' title='bbox 534 3833 655 3901; x_wconf 87' lang='lat' dir='ltr'><strong><em>invicte</em></strong></span> <span class='ocrx_word' id='word_1_243' title='bbox 674 3834 832 3920; x_wconf 89' lang='lat' dir='ltr'><strong><em>sequitur.</em></strong></span> <span class='ocrx_word' id='word_1_244' title='bbox 852 3834 933 3899; x_wconf 83' lang='lat' dir='ltr'><strong><em>Nam</em></strong></span> <span class='ocrx_word' id='word_1_245' title='bbox 949 3853 990 3898; x_wconf 83' lang='lat' dir='ltr'><strong><em>ex</em></strong></span> <span class='ocrx_word' id='word_1_246' title='bbox 1006 3832 1108 3920; x_wconf 88' lang='lat' dir='ltr'><strong><em>prima</em></strong></span> <span class='ocrx_word' id='word_1_247' title='bbox 1124 3853 1240 3918; x_wconf 86' lang='lat' dir='ltr'><strong><em>propo</em></strong></span> 
     </span>
     <span class='ocr_line' id='line_1_32' title="bbox 117 3948 1237 4034; baseline -0.003 -18"><span class='ocrx_word' id='word_1_248' title='bbox 117 3950 239 4016; x_wconf 87' lang='lat' dir='ltr'><strong><em>sitione</em></strong></span> <span class='ocrx_word' id='word_1_249' title='bbox 259 3948 435 4016; x_wconf 83' lang='lat' dir='ltr'><strong><em>Vicariatui</em></strong></span> <span class='ocrx_word' id='word_1_250' title='bbox 456 3950 599 4034; x_wconf 79' lang='lat' dir='ltr'><strong><em>generali</em></strong></span> <span class='ocrx_word' id='word_1_251' title='bbox 618 3950 796 4016; x_wconf 90' lang='lat' dir='ltr'><strong><em>essentialis</em></strong></span> <span class='ocrx_word' id='word_1_252' title='bbox 816 3954 866 4014; x_wconf 89' lang='lat' dir='ltr'><strong><em>est</em></strong></span> <span class='ocrx_word' id='word_1_253' title='bbox 892 3948 998 4034; x_wconf 91' lang='lat' dir='ltr'><strong><em>aliqua</em></strong></span> <span class='ocrx_word' id='word_1_254' title='bbox 1021 3948 1237 4014; x_wconf 82' lang='lat' dir='ltr'><strong><em>ecclesiastica</em></strong></span> 
     </span>
     <span class='ocr_line' id='line_1_33' title="bbox 119 4062 1239 4151; baseline -0.001 -21"><span class='ocrx_word' id='word_1_255' title='bbox 119 4071 286 4148; x_wconf 87' lang='lat' dir='ltr'><strong><em>potestas:</em></strong></span> <span class='ocrx_word' id='word_1_256' title='bbox 307 4085 348 4130; x_wconf 84' lang='lat' dir='ltr'><strong><em>ex</em></strong></span> <span class='ocrx_word' id='word_1_257' title='bbox 372 4064 590 4151; x_wconf 89' lang='lat' dir='ltr'><strong><em>propositione</em></strong></span> <span class='ocrx_word' id='word_1_258' title='bbox 615 4063 774 4144; x_wconf 90' lang='lat' dir='ltr'><strong><em>secunda,</em></strong></span> <span class='ocrx_word' id='word_1_259' title='bbox 801 4071 944 4149; x_wconf 89' lang='lat' dir='ltr'><strong><em>potestas</em></strong></span> <span class='ocrx_word' id='word_1_260' title='bbox 969 4064 1037 4128; x_wconf 75' lang='lat' dir='ltr'><strong><em>haec</em></strong></span> <span class='ocrx_word' id='word_1_261' title='bbox 1062 4062 1239 4129; x_wconf 88' lang='lat' dir='ltr'><strong><em>essentialis</em></strong></span> 
     </span>
     <span class='ocr_line' id='line_1_34' title="bbox 119 4178 1238 4266; baseline -0.004 -19"><span class='ocrx_word' id='word_1_262' title='bbox 119 4201 187 4249; x_wconf 92' lang='lat' dir='ltr'><strong><em>non</em></strong></span> <span class='ocrx_word' id='word_1_263' title='bbox 208 4181 270 4247; x_wconf 87' lang='lat' dir='ltr'><strong><em>alia</em></strong></span> <span class='ocrx_word' id='word_1_264' title='bbox 292 4188 343 4247; x_wconf 88' lang='lat' dir='ltr'><strong><em>est</em></strong></span> <span class='ocrx_word' id='word_1_265' title='bbox 363 4199 459 4266; x_wconf 90' lang='lat' dir='ltr'><strong><em>quam</em></strong></span> <span class='ocrx_word' id='word_1_266' title='bbox 481 4178 658 4247; x_wconf 84' lang='lat' dir='ltr'><strong><em>exercendi</em></strong></span> <span class='ocrx_word' id='word_1_267' title='bbox 679 4181 850 4265; x_wconf 86' lang='lat' dir='ltr'><strong><em>ipsammet</em></strong></span> <span class='ocrx_word' id='word_1_268' title='bbox 871 4184 1066 4264; x_wconf 89' lang='lat' dir='ltr'><strong><em>potestatem</em></strong></span> <span class='ocrx_word' id='word_1_269' title='bbox 1090 4179 1238 4265; x_wconf 89' lang='lat' dir='ltr'><strong><em>Episcopi</em></strong></span> 
     </span>
     <span class='ocr_line' id='line_1_35' title="bbox 119 4292 1238 4387; baseline -0.004 -19"><span class='ocrx_word' id='word_1_270' title='bbox 119 4301 286 4387; x_wconf 86' lang='lat' dir='ltr'><strong><em>propriam</em></strong></span> <span class='ocrx_word' id='word_1_271' title='bbox 302 4319 373 4366; x_wconf 63' lang='lat' dir='ltr'><strong><em>sex</em></strong></span> <span class='ocrx_word' id='word_1_272' title='bbox 394 4299 613 4384; x_wconf 90' lang='lat' dir='ltr'><strong><em>propositione</em></strong></span> <span class='ocrx_word' id='word_1_273' title='bbox 636 4298 748 4376; x_wconf 88' lang='lat' dir='ltr'><strong><em>tertia,</em></strong></span> <span class='ocrx_word' id='word_1_274' title='bbox 768 4319 832 4364; x_wconf 92' lang='lat' dir='ltr'><strong><em>non</em></strong></span> <span class='ocrx_word' id='word_1_275' title='bbox 852 4292 888 4361; x_wconf 79' lang='lat' dir='ltr'><strong><em>&#39;in</em></strong></span> <span class='ocrx_word' id='word_1_276' title='bbox 911 4316 949 4363; x_wconf 92' lang='lat' dir='ltr'><strong><em>eo</em></strong></span> <span class='ocrx_word' id='word_1_277' title='bbox 973 4303 1039 4363; x_wconf 88' lang='lat' dir='ltr'><strong><em>stat</em></strong></span> <span class='ocrx_word' id='word_1_278' title='bbox 1059 4296 1238 4364; x_wconf 87' lang='lat' dir='ltr'><strong><em>essentialis</em></strong></span> 
     </span>
     <span class='ocr_line' id='line_1_36' title="bbox 121 4400 1237 4503; baseline -0.004 -18"><span class='ocrx_word' id='word_1_279' title='bbox 121 4420 267 4503; x_wconf 85' lang='lat' dir='ltr'><strong><em>potestas</em></strong></span> <span class='ocrx_word' id='word_1_280' title='bbox 282 4418 403 4483; x_wconf 83' lang='lat' dir='ltr'><strong><em>Vicarii</em></strong></span> <span class='ocrx_word' id='word_1_281' title='bbox 418 4416 586 4501; x_wconf 82' lang='lat' dir='ltr'><strong><em>generalis,</em></strong></span> <span class='ocrx_word' id='word_1_282' title='bbox 605 4423 642 4481; x_wconf 86' lang='lat' dir='ltr'><strong><em>ut</em></strong></span> <span class='ocrx_word' id='word_1_283' title='bbox 656 4415 763 4481; x_wconf 87' lang='lat' dir='ltr'><strong><em>valeat</em></strong></span> <span class='ocrx_word' id='word_1_284' title='bbox 779 4434 933 4482; x_wconf 85' lang='lat' dir='ltr'><strong><em>exercere</em></strong></span> <span class='ocrx_word' id='word_1_285' title='bbox 948 4400 1161 4500; x_wconf 82' lang='lat' dir='ltr'><strong><em>episcopalem</em></strong></span> <span class='ocrx_word' id='word_1_286' title='bbox 1180 4436 1237 4500; x_wconf 94' lang='lat' dir='ltr'><strong><em>po-</em></strong></span> 
     </span>
    </p>
   </div>
   <div class='ocr_carea' id='block_1_3' title="bbox 0 0 1362 4980">
    <p class='ocr_par' dir='ltr' id='par_1_6' title="bbox 0 0 1362 4980">
     <span class='ocr_line' id='line_1_37' title="bbox 0 0 1362 4980; baseline 0 0"><span class='ocrx_word' id='word_1_287' title='bbox 0 0 1362 4980; x_wconf 95' lang='lat' dir='ltr'><strong><em> </em></strong></span> 
     </span>
    </p>
   </div>
  </div>
 </body>
</html>
