2714 4980
461 350 464 354 -
528 326 607 374 runs
630 326 744 373 emma.
1128 309 1191 371 nis

95 447 282 536 innocentius
299 448 358 526 111,
380 450 518 533 loquens
539 447 582 513 de
605 448 761 531 Progensi
779 448 949 532 Episcopo,
966 446 1056 532 apud
1076 445 1194 513 Sedcm

95 562 290 644 ‚postolicam
302 562 338 626 in
353 581 391 629 re
408 560 566 627 criminali
576 569 738 638 accusato,
752 568 788 626 et
801 562 856 645 qui
870 558 1103 644 impedimenta
1115 578 1195 644 prae·

95 691 196 742 exous·
205 684 435 760 procuratores
449 678 591 754 miserat,
608 677 654 742 sic
669 676 769 741 habet
785 697 793 740 ε
814 679 896 740 Licet
912 683 1013 739 auton
1027 682 1204 750 excusatio·

95 808 132 853 es
149 792 319 874 hujusmodi
343 790 431 877 (simet
448 791 546 876 erant)
568 795 696 873 friuolus
710 797 908 869 estimantes,
930 796 1028 872 ipsum
1044 795 1197 872 reputavi·

95 923 142 969 us
154 913 367 986 contumacem,
382 926 434 970 nec
446 915 656 989 procuratores
669 913 732 988 ejus
750 913 784 969 in
796 926 886 969 conso
902 926 1057 988 possemus
1069 912 1197 988 recipere

95 1024 239 1101 intacti,
267 1030 332 1088 etc.
360 1022 469 1088 (litant
492 1029 652 1105 praeterea
675 1023 846 1088 canonistas
866 1019 1023 1105 quasdam
1037 1019 1120 1106 juris
1137 1020 1197 1085 llo

95 1138 160 1202 nni
176 1138 279 1222 leges,
302 1145 455 1223 tanquam
470 1138 504 1203 in
518 1139 734 1205 ecclesiastico
749 1137 821 1204 foro
836 1137 943 1223 quoad
958 1138 1020 1202 hoc
1033 1143 1193 1221 receptas.

95 1250 200 1318 Ilatio
218 1258 280 1330 est,
302 1253 348 1318 ait
368 1253 528 1337 Pirrhing,
546 1253 621 1338 quia
639 1251 816 1337 ubi'agitur
834 1250 876 1317 de
895 1270 990 1334 poena
1009 1251 1123 1334 capitis
1142 1249 1197 1316 vel

99 1366 170 1433 alio
183 1368 349 1451 corporali
363 1367 432 1433 lieo
442 1366 628 1453 infligenda,
646 1368 806 1433 sententia
820 1364 937 1450 judicis
951 1365 1047 1431 reddi
1056 1365 1197 1431 illusorie

98 1490 229 1566 posset,
253 1501 361 1567 neque
382 1484 568 1549 executioni
592 1481 741 1547 mandari
766 1503 773 1547 :
797 1482 926 1547 namin
949 1489 1197 1565 procuratorem

100 1617 175 1663 non
194 1606 283 1665 esset
305 1600 490 1665 executioni
514 1597 714 1675 mandanda,
743 1599 819 1683 quia
840 1598 910 1681 ipse
935 1617 1001 1665 non
1022 1597 1160 1681 deliquit
1186 1618 1194 1662 :

108 1722 225 1781 contra
239 1715 343 1780 Reum
360 1721 471 1780 nutem
483 1713 652 1780 absentem
664 1733 730 1780 non
740 1712 835 1778 facile
848 1712 1034 1778 executioni
1048 1710 1197 1777 mandari

102 1836 229 1913 posset,
248 1831 324 1914 quia
338 1830 372 1894 in
385 1828 504 1914 judicis
519 1835 682 1912 potestate
701 1848 766 1892 non
781 1835 878 1905 esset,
899 1826 992 1893 etad
1010 1824 1196 1892 evitandam

108 1963 238 2028 poenam
260 1944 337 2027 fuga
357 1945 419 2010 sibi
444 1944 640 2011 consuleret.
671 1965 687 2006 a
717 1942 896 2029 (Pirrhing,
923 1944 956 2006 in
976 1942 1109 2007 titulum
1129 1943 1193 2018 38,

95 2059 172 2137 bril
191 2059 419 2137 decretalium,
437 2080 472 2124 n.
488 2059 559 2144 31.)

123 2175 167 2240 ln
182 2181 293 2241 autem
314 2185 406 2241 actor
421 2195 480 2242 seu
498 2183 668 2241 accusator
687 2183 840 2242 teneatur
860 2177 957 2240 etiam
981 2173 1208 2259 personaliter.

95 2291 288 2374 nmparere?
302 2291 436 2357 attento
452 2290 527 2377 jure
545 2292 689 2357 Romano
710 2292 794 2378 (lege
814 2291 939 2367 ultima,
958 2309 988 2356 c.
1005 2290 1050 2354 de'
1059 2285 1191 2372 Arcesi,

95 2405 353 2492 lespondendum
375 2414 461 2474 esset
481 2406 688 2486 affirmative,
708 2408 782 2492 quia
793 2406 888 2492 juxto
901 2405 954 2493 jus
968 2405 1050 2472 illud
1067 2405 1198 2491 vigebat

95 2539 174 2589 orna
191 2524 331 2597 talionis,
352 2523 398 2588 ita
417 2531 455 2589 nt
475 2532 643 2589 accusator
658 2543 728 2589 sese
751 2523 895 2607 obligare
912 2530 1096 2599 teneretur,
1115 2522 1143 2586 si
1162 2522 1197 2586 in

95 2635 266 2713 »rabanone
292 2637 533 2716 succumberet,
550 2637 593 2703 ad
616 2637 819 2704 subeundam
845 2656 917 2703 eam
936 2639 1038 2722 ipsam
1051 2653 1193 2721 poenam,

95 2765 175 2830 [uam
187 2751 297 2818 subire
314 2752 483 2819 debuisset
500 2753 599 2830 Reus,
619 2754 646 2818 si
661 2753 777 2819 fuisset
790 2754 969 2818 conuictus.
985 2751 1080 2818 Unde
1095 2771 1136 2817 ue
1152 2750 1199 2816 di·

95 2868 166 2930 ctam
173 2885 300 2951 poenam
309 2877 480 2934 accusator
489 2868 659 2954 effugeret,
671 2867 713 2934 ad
724 2868 936 2952 personaliter
943 2867 1197 2951 comparendum

95 2973 279 3062 tdigebatur.
298 2982 340 3048 Et
362 2982 424 3049 hoc
437 2983 491 3069 jus
508 2985 650 3069 viguisse
667 2985 743 3051 olim
763 2984 896 3050 videtur
907 2984 941 3048 in
954 2981 1084 3067 judiciis
1096 2983 1193 3049 etiam

95 3095 313 3165 eolesasticis.
336 3101 459 3166 Atvero
478 3099 672 3187 jamdudum
687 3102 720 3165 in
735 3100 985 3167 desuetudinem
997 3099 1076 3165 abiit
1091 3117 1196 3184 poenae

95 3205 203 3281 tutonis
215 3235 305 3294 usus,
328 3223 363 3282 et
382 3225 551 3284 accusator
570 3218 603 3282 in
622 3216 792 3300 probando
812 3215 968 3283 deficiens
983 3216 1066 3281 solet
1084 3214 1128 3281 ud
1140 3234 1197 3281 ex-

95 3331 192 3397 pensas
203 3331 374 3400 dumtaxat
387 3332 474 3426 etad
486 3354 613 3420 poenam
627 3335 847 3418 pecuniariam
856 3333 1074 3400 condemnari.
1086 3333 1197 3400 Cessat

95 3441 213 3514 libiade
235 3448 329 3526 ratio,
355 3467 426 3534 quae
449 3448 655 3532 personalem
674 3448 746 3535 ejus
765 3451 971 3534 presentiam
992 3447 1191 3534 requirebat.

584 3703 600 3776 5
624 3698 694 3762 vlt.

208 3921 243 3971 be
254 3920 324 3971 nodo
336 3920 492 3972 constituendi
505 3929 680 3984 procuratorem
694 3929 717 3972 et
728 3923 757 3973 de
767 3925 929 3986 procuratorio
941 3924 1059 3974 mendam.

119 4142 156 4212 l·
171 4147 331 4218 Utrolide
348 4153 566 4219 constituatur
580 4163 782 4239 procurator,
802 4173 934 4223 necesse
949 4175 1014 4223 non
1033 4163 1135 4224 estut
1153 4157 1198 4224 sit

95 4260 236 4350 'meeum
257 4267 317 4335 sed
334 4269 433 4335 etiam
446 4269 563 4336 absens
579 4270 686 4338 valide
705 4274 925 4354 constituitur,
947 4272 1045 4342 modo
1060 4293 1194 4342 consen-

95 4377 149 4443 nt,
165 4382 213 4447 Ita
228 4380 380 4451 doctores
395 4386 619 4454 communiter.
