2714 4980
578 302 658 350 rnas
678 302 792 349 unius.
896 286 900 293 '
1178 285 1238 352 311

130 456 147 486 ι
158 425 442 495 emaculatum
452 423 499 493 ad
512 424 752 496 testificandum
771 425 993 493 admittuntur
1009 428 1105 494 etiarn
1121 428 1245 512 ipsein

133 575 147 600 «
162 563 259 609 causa
278 542 452 610 criminali:
467 551 505 608 ut
524 549 576 608 cst
599 546 633 608 i⁰
651 545 685 607 in
701 542 918 609 criminalibus
938 543 1082 628 exceptis
1101 545 1146 631 (ut
1166 548 1245 611 lese

131 688 146 716 ι
155 667 342 744 mejestotis,
360 661 491 738 dereris,
505 665 650 740 simonie,
660 656 747 744 etc),
759 659 816 725 ubi
825 659 956 725 foeminu
969 678 1028 743 pro
1039 666 1123 726 teste
1133 659 1247 728 admit·

130 806 146 832 a
156 777 243 848 titur
252 777 351 841 etium
366 773 408 842 de
423 774 498 860 jure
515 776 681 842 canonico.
701 778 735 839 2⁰
749 775 781 840 st
796 775 939 840 virorum
952 775 1175 842 testimonium
1192 774 1247 843 lm·

124 919 143 950 ι
159 891 234 957 beri
249 898 409 976 nequeat:
430 908 504 956 nam
520 890 562 956 ob
577 889 745 956 defectum
760 891 893 955 testium
905 888 1099 957 idoneorum
1118 889 1246 958 admitti

126 1033 143 1065 a
158 1014 300 1090 possunt
313 1012 415 1072 testes
426 1006 569 1090 alioquin
584 1004 755 1072 inhabiles,
781 1009 816 1072 30
832 1005 865 1070 Si
880 1005 981 1090 judex
995 1000 1036 1070 ex
1055 1004 1157 1071 officio
1170 1022 1246 1088 pro·

130 1122 258 1189 «cedat
272 1121 316 1189 ad
334 1121 576 1207 inquisitionem
594 1121 638 1187 de
659 1120 805 1188 crimine.
823 1124 859 1186 40
873 1121 924 1187 ald
942 1121 1164 1187 defensionem
1186 1122 1247 1188 uei

127 1264 143 1298 a
161 1246 198 1305 et
217 1239 434 1303 innocentiam
455 1236 527 1323 ejus
544 1237 792 1304 ostendendam.
813 1241 847 1303 5⁰
861 1239 893 1303 Si
910 1238 1050 1304 civiliter
1066 1246 1184 1322 agatur
1201 1237 1244 1305 de

127 1385 144 1412 ι
157 1355 328 1421 ommim.»
364 1342 677 1440 (Schmalzgrueberss
713 1354 748 1419 in
777 1355 829 1420 tit.
861 1358 930 1439 2⁰,ss
946 1354 1022 1420 libri
1050 1358 1070 1420 2
1100 1353 1242 1435 decret..

126 1493 160 1538 m
175 1469 249 1554 56.)
920 1531 924 1538 .

172 1591 231 1653 25⁰
247 1587 395 1672 lienique
418 1604 515 1653 nemo
536 1593 646 1670 potest
672 1603 742 1652 esse
759 1585 852 1651 testis
873 1584 908 1649 in
928 1585 1061 1669 propria
1077 1600 1186 1651 causa.
1205 1587 1247 1653 lit

124 1706 170 1772 m'o
181 1703 369 1770 excluditur
383 1706 415 1768 1·
427 1704 484 1788 qui
493 1702 593 1770 habet
602 1720 731 1769 causum
743 1701 958 1787 consimilem3
973 1705 1008 1766 2⁰
1022 1700 1125 1788 judex
1135 1700 1246 1788 quoad

124 1837 255 1886 causam
277 1837 374 1904 quam
394 1818 519 1904 judicat
540 1818 594 1883 vel
612 1817 786 1903 judicarim
812 1821 848 1882 30
869 1823 961 1883 actor
984 1817 1093 1902 quoad
1114 1833 1244 1884 causam

125 1954 226 2023 quam
245 1936 321 2019 agit3
340 1935 518 2000 etsimiles.

169 2056 323 2136 Quesmo
346 2055 389 2116 2⁸.
408 2088 453 2104 -
472 2058 551 2132 Quot
575 2057 769 2134 reputentur
798 2057 885 2115 testes
909 2053 952 2115 cd
976 2051 1184 2133 protundum?
1197 2082 1243 2102 -·-
1276 2092 1282 2103 -

121 2167 351 2254 Requiruutnr
372 2174 406 2232 et
433 2165 595 2232 sufficiunt
617 2165 694 2245 duo,
726 2164 824 2231 modo
851 2166 916 2230 sint
942 2166 1029 2231 omni
1050 2167 1242 2250 exceptione
1318 2249 1323 2257 ι

120 2285 275 2372 majores.
294 2286 373 2368 Quae
386 2286 546 2369 generalis
559 2284 675 2370 regule
693 2304 736 2350 ex
747 2284 848 2350 sacris
867 2284 1034 2368 scripturis
1049 2283 1246 2362 deducitur,¹

120 2408 158 2470 ct
170 2411 244 2470 tum
256 2401 422 2480 canonico,
440 2409 511 2467 tum
526 2403 546 2466 J
548 2402 729 2467 ustinianeo
738 2399 813 2485 jure
828 2416 981 2484 expresse
992 2400 1149 2467 sancitur.
1239 2416 1241 2421 ·

133 2574 137 2585 .
166 2520 209 2585 lit
227 2517 302 2584 huic
318 2518 453 2604 quidem
473 2518 595 2601 regule
614 2518 648 2581 in
665 2517 771 2582 causis
789 2517 1008 2582 criminalibus
1030 2511 1121 2582 nullu
1142 2515 1241 2585 hodia

120 2637 223 2706 datur
233 2637 396 2723 excepti03
416 2638 563 2721 quamtis
577 2636 655 2700 olim
671 2634 723 2722 (ex
740 2652 863 2703 cunone
875 2638 995 2700 Proerut
1013 2638 1045 2714 2,
1068 2642 1103 2701 et
1116 2646 1241 2702 cunone

119 2755 283 2840 sequenti,
304 2770 408 2818 cause
423 2755 454 2830 2,
473 2770 505 2836 q,
526 2748 557 2835 5)
575 2748 618 2815 od
634 2747 835 2815 damnandos
851 2756 960 2815 certos
976 2750 1113 2815 elericos
1127 2748 1243 2834 plures

118 2888 219 2958 quum
234 2868 301 2935 duo
313 2875 413 2934 testes
428 2867 688 2953 requirerentur.
707 2866 745 2930 ln
755 2864 882 2932 ceteris
896 2882 977 2930 vero
991 2865 1096 2929 causis
1113 2862 1246 2932 dantur·

117 2983 268 3054 nonnulli
286 3000 379 3048 casias
395 2981 429 3045 in
447 2980 565 3067 quihus
579 2977 695 3044 sufficit
713 2979 809 3044 unius
821 2979 915 3044 testis
936 2977 1120 3062 depositio:
1142 2980 1244 3048 uerbi-

120 3102 236 3189 gratim
259 3100 286 3164 si
304 3106 411 3166 muter
432 3097 542 3183 sponsi
563 3103 685 3162 asseret
706 3095 847 3160 existere
865 3094 1134 3178 impedimentum
1153 3092 1233 3163 diri-

118 3238 224 3297 mens,
247 3217 325 3283 saus
336 3224 388 3282 est
398 3224 438 3282 ut
447 3216 688 3281 matrimonium
704 3213 863 3280 celebrari
877 3221 1030 3298 nequeat.
1047 3209 1132 3281 Item
1145 3214 1240 3282 suu-1

118 3340 165 3405 cit
186 3337 406 3403 testimoninm
424 3334 543 3399 notarii
563 3334 649 3398 circa
666 3333 917 3397 instrumentum
938 3351 957 3397 o
977 3348 1013 3397 se
1032 3331 1230 3402 coniectum

117 3453 204 3523 tude
223 3452 303 3518 alios
319 3449 504 3536 hujusmodi
522 3467 615 3515 casus
628 3447 718 3533 apud
732 3448 1026 3533 Schmnlcgrueber
1042 3450 1086 3537 (in
1100 3449 1152 3515 tit.
1176 3452 1229 3532 20,

113 3568 381 3645 libriidecret„
395 3586 430 3631 n.
453 3564 521 3651 70).
1235 3606 1240 3618 ι
1335 3563 1337 3567 ’

150 3688 312 3770 ,Qun-suto
328 3686 373 3750 3⁸.
387 3684 595 3764 -Quomodo
612 3687 705 3765 recipi
725 3683 850 3746 debeam
871 3688 970 3762 tester,
991 3691 1080 3765 porte
1103 3685 1239 3752 adverso

113 3811 223 3883 emta,
239 3809 271 3865 ct
287 3802 432 3883 quomodo
441 3805 649 3883 juramentum
663 3799 701 3861 ab
721 3803 764 3861 eis
783 3801 980 3861 emittendum
997 3805 1051 3863 stt.
1069 3833 1117 3851 --
1131 3803 1160 3866 l.
1180 3801 1242 3868 ld.

114 3919 336 4004 receptionem
360 3917 493 3983 testium
515 3932 591 3998 pars
610 3912 748 3980 adversa
766 3913 861 3978 citari
883 3912 994 3979 debet.
1017 3915 1095 3995 Quae
1118 3916 1230 3984 citatio

113 4035 378 4110 sicmitteretur,
399 4033 622 4097 attestationes
648 4030 757 4096 forent
778 4031 847 4115 ipso
868 4029 942 4115 jure
965 4030 1073 4096 nulle.
1096 4032 1229 4100 Constat

114 4173 157 4220 ex
179 4149 340 4216 decretali
363 4153 402 4213 In
422 4154 541 4212 nomine
556 4147 601 4234 (2,
621 4147 708 4212 tituli
729 4148 783 4226 20,
802 4146 880 4212 libri
900 4143 919 4204 2
941 4145 1060 4231 deon),
1080 4165 1153 4232 quae
1171 4150 1239 4215 Jus-

113 4275 308 4342 stinianeum
324 4269 378 4354 jus
395 4270 431 4334 in
450 4269 509 4334 hac
532 4288 569 4335 re
586 4267 695 4333 firmat
710 4266 819 4353 quoad
833 4267 940 4333 forum
961 4258 1227 4352 ecclesiasticum,

114 4390 210 4457 etsie
229 4383 415 4454 concludit:
431 4389 698 4464 aldetonmdoacet
714 4404 826 4468 sempor
838 4387 1043 4466 adversaries,
1065 4396 1099 4467 et
1117 4390 1158 4452 cd
1172 4408 1228 4451 ce-
