2714 4980
119 244 182 307 isc
452 256 640 303 'naimarus
664 257 706 303 nn
728 255 882 303 runicus.

118 400 212 466 «que
232 381 363 446 licentia
383 379 587 464 suffraganei,
606 378 752 464 muniris
770 385 913 464 utraque
937 398 1012 464 para
1029 379 1150 464 lugani·
1202 388 1225 453 u

118 497 242 575 «velit,
264 504 299 563 et
324 497 357 560 in
382 513 458 562 eum
480 496 700 562 consentiat.»
682 493 942 581 animbing,
931 514 968 561 m
990 495 1038 562 tit.
1052 492 1154 629 illul
1207 510 1211 523 ¹

118 613 291 691 «decret,
313 632 346 677 n.
368 610 457 696 191.)

160 734 283 811 Quinto,
304 728 400 793 aimo
415 746 522 813 neque
540 728 602 812 ipsi
618 728 768 812 Episcopi
782 727 991 813 suffraganei,
1011 728 1069 793 sinc
1082 662 1157 795 nusi

118 868 134 909 a
149 844 391 930 Arcbieprscopn
399 864 456 911 seu
470 844 712 927 metropolitani
723 844 785 922 sui,
805 851 943 930 possunt
951 858 1158 929 pronepotem

117 959 323 1027 «dictionem
340 960 377 1025 in
396 960 536 1026 ebenum
554 959 699 1045 judicem
722 960 980 1027 ecclesiasticum
1006 982 1014 1028 :
1036 959 1102 1043 Qun
1114 956 1161 1023 fl

117 1100 134 1140 a
150 1077 329 1161 Episcopus
346 1083 398 1142 est
410 1074 512 1160 judex
527 1075 710 1142 ordinarius
726 1076 926 1142 clericorum
938 1073 1162 1147 sibi'subdiiffl
1208 1082 1214 1097 '

117 1195 194 1259 «ita
218 1194 316 1258 etiam
337 1191 603 1276 Archiepisoopus
627 1207 761 1258 suorum
785 1191 1068 1276 suffraganeorum.
1089 1184 1164 1275 »llll

114 1310 225 1393 rbing,
248 1309 322 1372 loco
341 1308 399 1371 cit:
407 1304 417 1390 )
444 1307 522 1387 Qum
541 1312 650 1372 tamen
669 1307 902 1374 nltima·verba
923 1302 1166 1392 intelligendu

115 1423 222 1512 quoad
241 1442 280 1490 ea
291 1442 395 1506 pauca
407 1420 576 1488 dumtaxat
589 1423 623 1486 in
637 1422 755 1507 quibus
766 1414 1169 1508 metropolitanmjuititr
1218 1448 1225 1494 ι

115 1541 235 1606 nemin
249 1538 467 1622 suffraganeos
484 1543 557 1623 post
573 1539 749 1606 concilium
767 1537 996 1605 Tridentinnm
1013 1532 1169 1605 conmuni}

115 1656 207 1733 Nam,
235 1663 272 1719 ut
297 1663 411 1719 notum
441 1662 502 1732 est,
531 1651 627 1719 valde
660 1654 814 1720 restricta
836 1653 901 1721 fuit
928 1646 1173 1740 metropolim

116 1769 331 1854 suffraganeos
343 1768 537 1854 jurisdictio.
1173 1798 1176 1805 ·

44 1891 47 1898 '
161 1889 195 1951 7⁰
218 1888 266 1950 Aa
284 1888 418 1966 relipiosi
431 1892 604 1968 exampliat
619 1889 713 1967 Popm
736 1888 908 1950 immediate
928 1889 1067 1969 subjecti,¹
1081 1885 1178 1968 porci!

110 2006 335 2084 proropotionis
356 2021 387 2063 sc
411 2003 553 2083 subjicere
563 2003 774 2083 jurisdictioni
792 2003 1029 2066 ordinariorum
1040 2002 1181 2083 'portici-⁴

119 2117 231 2183 «Satis
253 2119 406 2182 convenit
429 2118 515 2182 inter
538 2115 690 2183 doctores
709 2117 772 2183 hoc
789 2137 846 2185 eos
866 2136 933 2182 non
950 2136 1048 2201 posse
1068 2117 1127 2183 n'ne
1141 2126 1185 2179 a*

119 2251 249 2299 «sensu
268 2235 376 2318 Papae,
394 2234 428 2297 in
441 2233 479 2298 iis
496 2252 568 2319 quae
584 2234 754 2318 pertinent
767 2232 810 2300 ad
821 2231 1083 2319 jurisdictionem
1101 2236 1187 2299 contu·

120 2350 306 2415 otiosam...
324 2348 373 2415 An
385 2349 474 2415 idem
492 2349 667 2416 dicendam
681 2352 715 2414 in
729 2351 767 2415 iis
781 2369 852 2436 qum
869 2351 1041 2434 pertinent
1054 2349 1096 2417 ad
1104 2338 1190 2436 jani

120 2465 293 2531 «ctionem
307 2464 533 2543 voluntariam,
553 2464 735 2550 cujusmodi
756 2472 807 2531 est
829 2465 993 2532 absolutio
1009 2486 1029 2533 a
1048 2459 1192 2552 peccant

120 2582 307 2658 «censuris,
325 2579 522 2664 dispensatio
538 2582 571 2646 in
586 2583 680 2659 votis,
703 2580 905 2666 juramentis,
927 2576 1192 2666 irregudaritutild

120 2697 286 2780 «legibus,
301 2697 491 2761 recitatione
508 2695 671 2774 breviarii,
688 2696 813 2781 jejunii,
833 2704 913 2774 etc,
925 2695 1087 2764 dissident
1103 2698 1194 2763 interll

120 2810 314 2878 «doctores.
340 2841 353 2866 ι
379 2809 691 2898 (Scbmalzgrueben
711 2811 746 2875 in
760 2810 893 2875 titulum
912 2812 944 2889 2,
962 2810 1042 2876 libri
1055 2813 1075 2877 2
1090 2809 1197 2876 decreta

116 2930 208 3008 lium,
222 2949 256 2993 n.
278 2924 368 3010 149.)
385 2927 644 2992 Communiorem
660 2926 855 2991 sententiam
876 2945 1021 3010 sequens
1042 2929 1153 2993 citatus
1167 2932 1199 2985 nr
1223 2940 1225 2953 ·

119 3052 190 3113 ctor
204 3052 313 3128 putat,
331 3043 365 3107 in
377 3043 428 3107 bis
452 3043 580 3107 casibus
594 3059 688 3126 posse
707 3042 874 3125 religiosos
889 3039 931 3106 ad
945 3043 1100 3128 Episcopi
1109 3029 1201 3128 jnrali

119 3163 260 3226 ctionem
281 3178 466 3237 recurrere,
483 3159 544 3226 sub
570 3158 619 3223 his
637 3165 748 3223 tamen
761 3157 1024 3223 restrictionibus
1040 3180 1048 3225 :
1065 3147 1203 3236 Primii

119 3275 215 3341 facile
238 3273 322 3340 adiri
342 3293 406 3338 non
427 3275 530 3358 possit
547 3274 634 3358 Papa
653 3275 706 3339 vel
721 3272 792 3360 ejus
808 3275 952 3358 legatus3
974 3279 1114 3355 simodo,
1132 3280 1207 3340 utin

119 3392 264 3475 pcniores
280 3389 410 3457 Ordinis
433 3399 598 3474 potestate
619 3390 826 3474 dispensandi
845 3398 992 3474 careant3
1009 3393 1087 3476 quia
1101 3379 1211 3474 dloqui*

120 3504 162 3572 ad
179 3505 238 3571 hos
259 3512 294 3570 et
315 3523 380 3569 non
405 3505 447 3570 ud
471 3507 667 3590 Episcopum
693 3514 779 3571 esset
805 3504 1065 3590 recurrendum;
1082 3492 1219 3584 carici

119 3623 278 3690 Praelatus
291 3622 453 3705 religionis
464 3620 550 3686 hunc
564 3622 606 3687 ad
620 3623 844 3706 Episcopalem
855 3619 1119 3707 jurisdictionem
1128 3616 1225 3689 recut‘

120 3760 191 3808 sum
218 3741 397 3824 permittat.
415 3738 536 3805 Sufficit
554 3747 664 3805 autem
678 3740 779 3805 tacita
793 3740 894 3822 ipsius
910 3739 1054 3819 licentia,
1073 3741 1129 3808 vol
1141 3736 1225 3805 enam

106 3856 290 3942 ‘aliquoties
306 3863 515 3939 praesumpto,
530 3854 752 3938 rumigantia,
768 3855 796 3919 si
813 3855 855 3919 sit
869 3852 1059 3938 impeditus.

164 3974 211 4037 lix
224 3974 263 4037 iis
276 3980 386 4037 autem
402 3989 473 4056 quae
489 3969 531 4037 de
546 3969 778 4054 prorogatione
791 3969 1012 4050 disseruimus,
1027 3971 1108 4037 satis
1120 3958 1225 4055 poteri

120 4087 224 4154 lector
244 4086 446 4172 dignoscere,
466 4094 578 4152 utrum
600 4087 671 4172 quis
685 4087 746 4152 bac
761 4087 815 4152 via
831 4085 1093 4172 jurisdictionem
1106 4076 1225 4173 ucqufi

122 4201 218 4278 verit,
237 4208 272 4267 et
286 4209 473 4286 competens
486 4200 595 4286 quoad
611 4209 737 4268 certum
750 4201 892 4286 aliquam
904 4218 1034 4269 causam
1048 4201 1136 4289 (allas
1146 4195 1225 4284 juria

122 4316 254 4384 dictioni
272 4335 336 4381 aue
355 4314 553 4402 extraneam)
572 4317 680 4383 factus
695 4317 805 4383 inerit.
1187 4326 1193 4337 '
