2714 4980
553 128 634 181 rans
654 127 769 181 amna.

561 417 695 486 CAPUT
711 418 767 488 IV.

108 674 148 722 All
171 676 214 722 ET
241 675 310 738 Quo
331 676 430 726 sensu
453 678 474 724 A
496 677 707 728 JUSTlNlAIOEO
732 678 836 743 errari
863 678 946 728 tons
973 677 1221 729 sccnnslasrica

288 794 417 842 rumora
439 794 579 855 NORMAM
603 797 829 858 annsTsnus
852 796 1034 845 acclrrsnr.

150 1069 201 1139 ad
210 1070 426 1156 repedandum
437 1073 471 1141 in
481 1070 610 1159 indiciis
623 1073 845 1142 ecclesiasticis
858 1070 1061 1158 procedendi
1073 1069 1219 1150 modum,

112 1190 229 1258 andam
251 1208 313 1274 per
330 1209 366 1258 se
389 1192 456 1262 rim
480 1192 641 1263 haberent
663 1193 870 1263 lastinianea
891 1191 1089 1272 collectionis
1110 1191 1220 1277 leges,

112 1313 223 1392 ntpote
242 1326 315 1393 qna
334 1327 455 1379 amera
468 1315 631 1394 potestate
648 1309 795 1379 seculari
809 1311 1037 1394 processerint.

152 1423 274 1492 atvero
295 1422 424 1494 dnobus
447 1425 552 1498 modis
572 1427 762 1510 mndngere
784 1429 891 1510 potnit
916 1434 954 1494 ut
975 1427 1009 1495 in
1030 1426 1105 1495 foro
1126 1426 1225 1497 etiam

114 1542 327 1609 eeclesiastico
350 1542 416 1608 vim
442 1542 603 1613 haberent
625 1543 787 1630 ejusmodi
810 1544 920 1630 leges:
950 1549 982 1610 1⁰
1007 1544 1227 1615 onomatica

114 1677 264 1743 expresse
282 1658 425 1725 Ecclesia
446 1661 698 1741 canonizaverit,
716 1659 751 1728 id
769 1668 835 1740 ast,
855 1661 891 1727 in
909 1680 1048 1729 canones
1066 1680 1125 1733 seu
1136 1660 1228 1745 leges

114 1775 345 1845 amlesiestr'cas
359 1795 418 1843 sna
428 1777 649 1861 acceptatione
660 1778 946 1862 transmutaverit3
963 1780 997 1843 2⁰
1008 1777 1035 1844 si
1048 1777 1229 1862 generatim

114 1889 318 1973 decreverit,
340 1891 583 1961 observandum
602 1893 675 1963 fore
698 1894 878 1963 Romanum
897 1890 950 1979 jus
970 1894 1004 1958 in
1025 1893 1064 1959 iis
1085 1891 1230 1960 materiis

116 2026 204 2077 mere
215 2007 361 2093 profanis
374 2027 435 2092 pro
448 2009 567 2094 quibus
579 2010 669 2076 oralia
686 2011 829 2079 occurrit
845 2009 927 2095 juris
942 2009 1087 2077 canonici
1101 2007 1226 2093 regida,

115 2133 148 2194 et
165 2127 200 2193 in
219 2125 337 2212 qnibua
351 2125 420 2197 hac
435 2128 453 2192 J
456 2127 626 2195 nstinianei
645 2126 727 2212 juris
745 2127 917 2212 applicatio
936 2127 1015 2195 nihil
1032 2126 1159 2195 inducit
1178 2146 1232 2195 ca-

115 2242 233 2311 monac
249 2241 394 2328 dogmati
409 2248 466 2309 aut
486 2244 556 2309 aliis
571 2245 722 2311 Ecclesia
743 2244 869 2329 legibus
888 2245 1098 2313 contrarium.
1124 2245 1230 2313 Porro

112 2368 290 2447 atrumque
305 2379 422 2430 rerara
439 2360 586 2444 rontigit.
606 2361 724 2431 Plures
741 2361 864 2427 seilicet
879 2361 1015 2429 Romani
1027 2358 1109 2446 juris
1124 2358 1233 2445 dispo·

118 2477 247 2545 sitiones
267 2494 420 2560 expresse
442 2495 517 2541 snas
539 2474 619 2543 iecit
642 2477 975 2558 promanantia
995 2495 1134 2561 corpore
1151 2473 1234 2563 juris

118 2593 260 2661 canonici
268 2590 398 2665 inserta
409 2592 720 2676 reperiantur.ltem
728 2590 1234 2678 generaliterasededpostolica

116 2709 277 2783 annium
297 2716 349 2775 est
371 2716 426 2786 nt,
448 2708 507 2775 nbi
526 2707 684 2787 deiiceret
704 2708 786 2794 juris
811 2709 956 2777 canonici
976 2709 1106 2793 regala,
1125 2706 1236 2794 ajure

118 2825 263 2898 Romano
276 2845 317 2895 aa
331 2824 578 2905 desumeretur,
603 2825 702 2897 modo
720 2833 830 2895 tamen
848 2827 953 2895 illesis
973 2825 1122 2894 omnibus
1138 2845 1236 2901 cano·

115 2944 196 3017 mois
209 2941 354 3019 decretis
365 2941 402 3013 id
415 2941 487 3013 fieri
502 2950 624 3026 posset.
640 2943 775 3011 Constat
789 2944 895 3029 capite
906 2938 1118 3011 intelleximus
1132 2943 1177 3032 (1,
1194 2944 1236 3019 ti·

118 3061 179 3131 tnli
192 3063 249 3140 32,
261 3060 340 3129 libri
354 3063 373 3125 5
386 3058 609 3145 decretalium)
623 3062 657 3129 in
669 3081 736 3148 qno
746 3062 864 3133 Lucius
878 3062 937 3141 111,
953 3059 997 3129 de
1010 3062 1157 3140 materia,
1174 3079 1236 3146 pro

119 3199 182 3266 qna
198 3183 249 3270 (ut
267 3183 337 3266 ipae
358 3179 448 3267 dicit)
464 3181 545 3247 nihil
561 3178 790 3264 reperiebatur
811 3181 845 3247 in
866 3175 1038 3247 marcidas
1058 3174 1234 3269 definitum,

118 3319 265 3371 normam
284 3319 359 3369 esse
380 3298 482 3371 voluit
498 3297 580 3385 juris
602 3298 736 3371 Romani
759 3295 1016 3382 disposincnem3
1037 3294 1128 3384 qnod
1150 3305 1186 3366 et
1203 3298 1239 3371 in

120 3417 276 3488 rindlibns
292 3417 489 3502 generaliter
506 3415 635 3488 ecsinm
655 3434 725 3483 esse
742 3413 990 3500 intelligendum
1005 3414 1153 3491 indicant
1169 3414 1239 3485 hec

116 3533 219 3619 ipsius
236 3532 362 3605 rerba:
380 3528 463 3599 aiccr
480 3528 559 3621 leym
576 3549 641 3599 oco
655 3526 871 3619 dedignaretur
893 3550 998 3601 saeros
1010 3551 1142 3601 canoras
1159 3526 1239 3599 imi·

124 3647 204 3731 iara',
220 3647 271 3719 iro
290 3658 320 3717 ct
338 3668 503 3721 morum
523 3657 643 3717 statam
662 3667 817 3715 acconam
832 3644 1021 3739 principem
1038 3643 1240 3717 constitut-io·

125 3765 216 3837 oidos
229 3763 439 3857 adjocaretur.
456 3766 506 3833 lix
520 3771 676 3837 contentu
694 3773 804 3832 autem
821 3772 913 3850 patet
931 3784 1003 3833 eam
1017 3783 1132 3833 rocem
1145 3759 1243 3856 adja-

127 3897 238 3955 ccctor
257 3885 305 3952 ibi
324 3883 567 3969 intelligendam
592 3903 662 3950 esse
683 3883 746 3950 hcc
767 3902 886 3956 sensu:
907 3891 946 3951 ut
963 3881 1192 3958 deficientibus
1207 3885 1242 3953 in

130 4002 230 4092 aliqua
251 4002 387 4070 materia
407 4019 573 4069 sacrorum
598 4019 758 4067 canonum
783 3999 1096 4084 praescriptionibus,
1120 4000 1159 4067 iis
1181 4021 1244 4086 per

130 4116 204 4203 jnr'm
218 4121 355 4191 Romani
366 4119 458 4205 leges
472 4119 513 4185 sit
527 4117 756 4203 supplendum.
772 4116 878 4203 atque
893 4117 939 4182 ita
957 4118 1153 4185 unanimiter
1167 4117 1245 4188 doc-

132 4245 214 4306 tores
234 4237 421 4323 iatelligunt
447 4237 529 4304 sacri
549 4243 584 4302 et
604 4236 794 4302 lustinianei
817 4231 900 4319 jans
922 4234 1243 4307 confederationem.
