2714 4980
497 305 577 355 rens
599 305 758 356 sncnnns.
1111 289 1176 354 139

62 449 128 509 res,
148 439 187 497 ut
199 431 260 498 sibi
280 437 508 514 cooperatores
527 429 726 516 adjungan13
744 451 822 515 ergo
840 430 875 496 id
896 440 1005 515 potest
1029 432 1177 498 Vicarius

61 548 223 632 generalis
244 548 322 632 ipsis
337 547 518 633 injungere,
535 548 658 633 absque
674 548 743 613 ullo
764 550 897 631 speciali
917 549 1063 634 Episcopi
1087 564 1177 615 man·

62 659 153 726 dato.

105 774 302 860 Respondoo
323 775 368 843 ad
390 777 424 844 11
440 776 645 857 affirmative,
668 779 818 863 quamvis
844 779 1005 844 sententia
1028 780 1176 863 opposita

60 893 267 960 communior
285 893 449 961 uideatur.
476 896 557 960 Nam
583 901 727 978 potestas
746 894 970 980 coadjutorem
992 893 1176 978 assignandi

62 1009 207 1094 parocho
228 1009 399 1093 imperito,
428 1010 574 1094 pertinet
599 1011 724 1093 pariter
743 1009 788 1077 ad
807 1016 862 1093 jus
888 1014 1079 1074 ordimem
1102 1010 1177 1093 Epi·

64 1126 174 1210 scopi;
192 1123 333 1190 undeet
358 1124 582 1190 Tridentinum
608 1125 695 1211 (sess.
725 1128 779 1205 nt,
804 1145 834 1189 c.
863 1122 895 1208 6)
920 1124 973 1210 jus
993 1124 1076 1191 illud
1103 1124 1177 1208 Epi·

61 1239 170 1322 scopis
182 1238 359 1307 tribuendo
377 1247 519 1321 tanquam
532 1243 620 1306 Sedis
637 1244 813 1323 Apostolicoe
823 1243 980 1322 delapotis,
998 1238 1091 1306 addit
1102 1258 1177 1323 par-

62 1355 198 1423 ticulam
223 1361 327 1419 etiam.
359 1356 445 1439 Ergo
475 1355 565 1423 idem
591 1357 710 1441 exequi
737 1357 860 1441 poterit
890 1356 1012 1441 absque
1046 1356 1178 1441 speciali

61 1469 218 1536 mandato
238 1471 384 1536 vicarius
402 1471 571 1553 generalis,
596 1472 656 1536 nisi
680 1471 788 1557 quoad
811 1471 872 1537 hoc
894 1472 1011 1554 ipsum,
1032 1470 1178 1538 mandati

58 1587 207 1672 specialis
225 1588 400 1654 necessitas
418 1587 522 1672 ajune
542 1588 751 1655 decernatur.
777 1588 899 1655 aniibi
920 1597 1029 1655 antem
1050 1589 1084 1653 in
1101 1587 1176 1674 jure

58 1703 222 1790 ejusmodi
243 1704 410 1788 reperitur
431 1703 609 1787 dispositio.
639 1703 800 1790 Objicitur
827 1704 960 1789 quidem
989 1704 1177 1788 assignatio·

57 1839 136 1886 nem
160 1818 356 1905 condictoris
375 1819 518 1904 parocho
537 1821 702 1903 imperito,
731 1824 857 1886 essedo
877 1823 995 1900 arduis,
1018 1839 1089 1904 quae
1111 1840 1175 1886 non

55 1941 235 2000 censentur
250 1934 284 1998 in
299 1934 442 2018 generali
450 1935 672 2000 commissione
681 1936 809 2000 Vicario
823 1935 974 2019 Episcopi
987 1934 1152 2000 commissa
1164 1957 1172 2000 ε

56 2050 117 2117 sed
131 2050 193 2116 hoc
210 2070 277 2116 non
292 2050 462 2134 probatur.
481 2052 521 2116 nt
537 2059 628 2116 certe
647 2051 751 2117 multa
766 2052 828 2116 alia
839 2057 948 2134 potest
963 2051 1111 2117 Vicarius
1124 2070 1175 2135 ge·

55 2165 177 2230 neralis
192 2164 314 2248 absque
329 2164 460 2247 speciali
478 2162 642 2241 mandato,
662 2181 733 2248 quae
752 2183 819 2229 non
834 2165 938 2229 minus
960 2161 1064 2227 ardua
1084 2171 1170 2228 sunt.

99 2279 296 2365 Respondco
310 2280 409 2347 adIII
423 2279 624 2358 affirmative,
644 2279 686 2346 ob
701 2280 843 2347 rationes
856 2278 964 2367 quoad
976 2278 1042 2345 duo
1056 2296 1176 2363 praece

54 2397 169 2467 dentia
186 2397 320 2482 quaesita
340 2397 511 2480 expositas.
530 2395 677 2463 Probent
695 2396 781 2463 enim
804 2413 899 2478 posse
925 2395 1024 2461 etiam
1051 2393 1173 2480 absque

54 2513 189 2598 speciali
206 2512 358 2580 mandno
373 2531 575 2580 oewnomum
586 2514 621 2579 in
633 2511 786 2597 parochia
798 2519 933 2578 vacante
946 2532 965 2579 a
980 2512 1109 2579 vicario
1121 2531 1174 2596 ge·

52 2630 160 2699 persii
183 2629 346 2697 constitui.
375 2630 468 2696 Multi
492 2637 602 2695 tamen
629 2636 779 2698 auctores
812 2629 1014 2695 contrarium
1042 2633 1168 2696 tenent.
1240 2711 1242 2715 v

55 2744 156 2832 (Vide
180 2745 387 2824 tenentum,
410 2749 448 2810 do
471 2750 600 2810 Victoriis
626 2749 741 2827 Epioe,
765 2761 796 2810 c.
822 2747 854 2822 3,
877 2762 910 2827 q.
941 2746 1018 2821 217,
1048 2745 1113 2811 218
1136 2750 1172 2812 ci

54 2861 150 2948 219.)

99 2981 253 3062 Qnusuo
270 2983 338 3047 36⁸.
360 3015 404 3029 υ-
422 2983 470 3045 Aa
483 2985 581 3062 possit
599 2982 708 3061 ubsque
730 2980 853 3061 speciali
871 2977 1014 3040 amodoto
1035 2978 1170 3056 conferre

53 3097 200 3175 beneficio
214 3103 379 3179 potantia
402 3100 444 3162 od
465 3100 652 3162 collationem
670 3099 821 3178 Episcopi.
838 3128 884 3145 -·
894 3089 1170 3175 Respondendum

51 3212 220 3297 negative.
241 3213 369 3280 «Ratio
385 3221 436 3280 est
453 3212 553 3298 qnod,
577 3231 649 3298 quae
662 3229 760 3279 mere
782 3218 860 3277 sunt
877 3209 1001 3296 graue,
1022 3207 1171 3277 vicanus

50 3328 215 3414 expedire
231 3329 422 3415 nequitsine
439 3329 568 3413 speciali
582 3328 774 3396 mannan.»
798 3327 997 3415 (Leurenius
1012 3325 1085 3393 ioco
1097 3327 1167 3404 cit..

47 3464 87 3532 q.
106 3443 199 3530 240.)

100 3562 254 3644 Qunsnlo
267 3564 334 3630 37⁸.
355 3595 400 3612 -
418 3565 466 3629 Aa
479 3569 578 3645 possit
597 3565 715 3643 saitem,
738 3566 846 3644 obsum
866 3564 989 3645 speciali
1011 3564 1166 3640 mandata

48 3679 230 3765 parochiam
243 3681 376 3759 conferre
390 3681 480 3741 electo
498 3684 531 3742 io
544 3698 688 3742 concurso
702 3686 845 3760 tuaquom
861 3684 959 3760 acopis
978 3681 1108 3743 uoco?
1128 3709 1172 3731 -

51 3793 255 3863 Affirmative
270 3793 449 3876 respondet
465 3796 633 3878 Fagnonus
650 3795 695 3881 (iu
713 3802 812 3878 caput
832 3799 884 3858 Ec
900 3795 1115 3876 frequentibus,
1133 3794 1171 3856 de

52 3917 178 3988 Iastia,
194 3930 229 3974 n.
245 3907 293 3995 3);
309 3929 349 3978 eo
368 3909 457 3995 quod
478 3910 524 3976 sic
545 3911 669 3979 eiectus
687 3911 878 3996 acquisitum
901 3908 954 3995 jus
977 3908 1109 3985 habeat,
1135 3915 1171 3976 et

51 4027 188 4098 collatio
202 4027 344 4093 evaserit
362 4028 542 4095 necessarie
560 4049 568 4093 ι
583 4026 672 4095 unde
686 4026 752 4112 jam
770 4047 835 4093 non
854 4024 1046 4111 applicanda
1061 4024 1172 4091 veniat
1275 4028 1291 4056 ⁶

55 4144 232 4212 decretalis
245 4148 320 4208 Cum
335 4149 368 4208 io
385 4147 518 4227 paoercia·
537 4144 582 4230 (3,
598 4144 687 4209 tituli
708 4147 759 4222 13,
776 4144 853 4211 libri
871 4146 900 4222 1,
916 4139 1011 4226 ins),
1028 4160 1093 4227 qut
1117 4138 1173 4210 de·

53 4261 215 4340 cernitur,
234 4280 276 4326 ne
287 4262 387 4344 possit
398 4262 544 4329 vicarius
557 4262 716 4347 generalis
732 4262 853 4351 absque
871 4260 1000 4353 speciali
1019 4257 1172 4333 mandato

53 4377 217 4451 beneficia
228 4375 392 4445 conferre.
