2714 4980
537 298 616 344 rans
639 299 796 344 secunus.
1163 283 1229 346 449

107 420 144 484 in
167 419 247 487 alios
270 416 420 485 subditos
438 421 632 504 Episcopum
655 419 927 497 animadvertere,
944 421 1074 487 omnino
1103 427 1229 493 certum

107 543 173 601 est.
194 558 211 598 c
230 536 271 600 Et
285 535 319 599 in
332 535 394 620 hoc
410 555 486 600 casu
499 536 753 623 (aitLeurenius‚
764 539 801 599 dc
821 540 949 600 Vicoriis
964 540 1080 618 Episc„
1100 557 1132 622 q.
1149 536 1227 623 300)

111 671 224 717 ccum
238 653 355 735 punire
372 652 486 737 nequit
501 652 782 735 Metropolitanus,
804 651 865 715 nisi
886 650 972 716 forte
991 651 1033 717 ad
1058 631 1151 720 illum
1172 672 1229 738 ap-

110 789 129 828 «
140 768 302 851 pellatam
317 768 370 832 sit.
391 793 407 828 υ
429 767 525 833 Unde
542 766 631 852 quod
654 766 773 832 delicta
787 767 915 851 privata
933 767 1055 832 licerii
1069 770 1230 853 generalis

106 884 236 967 possint
248 883 290 948 ab
303 875 404 966 ipsius
417 885 575 967 Episcopo
594 885 712 968 puniri,
735 902 800 948 non
824 902 906 949 vero
928 882 969 947 ab
982 883 1231 971 Archiepisccpo

107 1006 168 1064 aut
183 997 256 1084 ejus
271 999 404 1066 Officiali
417 999 522 1086 (extra
542 1019 652 1064 casum
674 996 922 1082 appellationis),
947 1001 1076 1065 omnino
1103 1010 1229 1067 certum

108 1123 174 1193 est,
193 1123 229 1181 et
242 1117 445 1182 unanimiter
464 1115 661 1199 admissum;
682 1123 717 1180 et
741 1114 817 1181 ideo
831 1116 1042 1201 questionem
1061 1116 1231 1184 dumtaxat

107 1232 281 1316 posuimus
299 1231 341 1297 de
357 1231 486 1298 delictis
499 1252 529 1330 'a
547 1232 677 1297 Vioario
701 1231 846 1314 generali
871 1232 904 1295 in
928 1230 1032 1297 officio
1055 1251 1116 1298 sno
1142 1251 1230 1298 ccm-

109 1366 228 1414 m1ss1s.

158 1466 195 1528 2⁰
206 1464 334 1531 Delicta
356 1466 476 1531 Vicarii
497 1467 531 1529 in
551 1463 775 1549 spectantibus
794 1463 837 1529 ad
855 1463 994 1530 officium
1011 1485 1116 1544 suum,
1138 1484 1232 1550 posse

108 1580 224 1664 puniri
237 1580 279 1646 ab
292 1581 551 1665 Archiepiscopc,
571 1579 746 1647 admiserat
769 1581 873 1664 glossa
887 1583 921 1646 in
937 1590 1036 1666 caput
1055 1585 1084 1659 l,
1105 1585 1142 1647 dc
1158 1585 1233 1665 Offi-

108 1703 158 1760 cio
171 1701 298 1773 Viccrii,
315 1698 351 1761 in
366 1702 398 1776 6,
419 1698 521 1765 verbo
535 1701 732 1763 Ratioccdiii.
748 1697 925 1782 Loquendo
942 1700 1028 1764 enim
1048 1697 1090 1764 de
1109 1698 1234 1769 Officia-

107 1930 172 1995 het
191 1938 286 1994 :tunc
302 1933 522 2014 Archicpiscopi
537 1953 585 1994 cos
597 1938 674 1994 sicui
690 1935 830 2013 Episcopi
845 1938 954 2014 partire
963 1941 1103 2015 possunt.

157 2045 312 2113 Nonnulli
324 2054 455 2111 veteres
474 2048 647 2112 canonista
665 2045 820 2138 ridentur
832 2049 965 2130 insuper
981 2046 1157 2128 admisisse,
1168 2070 1233 2117 non

109 2181 208 2246 posse
218 2162 252 2225 in
262 2162 324 2229 hoc
338 2182 414 2228 casu
428 2164 594 2228 vicarium
607 2164 794 2246 generalem
807 2163 964 2246 puniriab
979 2165 1138 2251 Episcopo
1153 2187 1230 2251 suo;

110 2290 215 2364 prout
237 2282 314 2348 satis
337 2279 483 2346 indicant
507 2281 575 2345 haec
596 2281 720 2346 Sbrozii
740 2281 841 2346 verba
867 2282 915 2368 (de
936 2287 1054 2347 Vicorio
1077 2288 1229 2366 Episcopi,

109 2397 172 2462 lib.
193 2402 226 2475 3,
246 2416 278 2483 q.
298 2401 351 2477 57,
376 2418 410 2461 n.
435 2394 467 2479 3)
488 2418 494 2460 :
516 2419 533 2458 c
557 2396 622 2462 Sed
640 2397 750 2462 verius
773 2405 839 2475 est,
863 2396 951 2482 quod
972 2398 1151 2483 Episcopus
1169 2417 1234 2466 non

115 2515 250 2597 «possit
263 2513 335 2599 ejus
347 2515 509 2579 vicarium
526 2513 651 2595 punire.
672 2513 712 2576 Et
726 2514 809 2578 ratio
833 2521 893 2591 est,
921 2515 994 2597 quia
1015 2515 1073 2580 ubi
1088 2516 1235 2583 vicarius

115 2637 265 2712 «peccat
285 2631 317 2693 in
332 2629 372 2694 iis
387 2648 457 2712 qnoe
473 2635 549 2693 sunt
561 2626 805 2712 jurisdictionis,
826 2629 879 2693 vel
898 2629 984 2694 circa
1001 2630 1151 2710 officium,
1173 2651 1234 2716 pu-

114 2746 239 2811 cnitur
257 2745 298 2811 ab
319 2745 578 2828 Archiepiscopo‚
599 2742 778 2808 secundnm
803 2745 939 2825 glossam
963 2746 1006 2831 (in
1028 2757 1128 2830 caput
1149 2752 1178 2826 i,
1197 2752 1234 2813 de

114 2863 254 2942 «Officio
270 2866 394 2937 Viccrii,
416 2861 450 2923 in
468 2861 500 2934 6,
518 2858 619 2923 verbo
637 2858 851 2942 Raticccdili),
868 2861 1104 2938 Innocentium,
1123 2869 1156 2927 et
1174 2864 1234 2929 Ar·

114 2976 373 3042 schidiaeonum
385 2976 429 3061 (in
444 2982 542 3057 caput
562 2979 707 3052 Bouiano,
728 2979 742 3052 5
764 2975 862 3050 finali,
892 2979 928 3038 dc
947 2980 1024 3040 Foro
1043 2985 1230 3059 competenti,

115 3090 232 3156 «libro
249 3087 295 3172 6).
317 3090 356 3153 Et
375 3085 483 3172 quoad
496 3085 764 3170 jurisdictionem,
785 3095 819 3150 et
835 3106 905 3171 quaa
923 3088 1047 3153 ratione
1068 3089 1161 3154 officii
1182 3111 1236 3174 pc·

114 3213 212 3273 otest
230 3223 400 3280 exercere,
417 3224 481 3269 non
502 3201 622 3267 dicitur
636 3202 788 3268 subditus
799 3204 978 3291 Episcopo,
1005 3224 1110 3290 neque
1129 3207 1235 3275 minor

114 3323 203 3389 cillo
220 3323 326 3407 (Berc,
347 3320 480 3383 coasilio
493 3321 546 3395 22,
563 3338 595 3382 n.
610 3321 661 3393 13,
678 3319 841 3385 volumine
858 3318 901 3404 1).
920 3321 1022 3385 Prout
1038 3322 1147 3398 eliam,
1161 3324 1236 3407 quia

114 3441 328 3524 «Episcopus
342 3456 406 3501 non
423 3443 531 3519 potest
546 3454 615 3500 essa
627 3433 730 3520 judex
749 3436 781 3500 in
793 3457 888 3502 causa
900 3438 950 3502 sui
966 3438 1084 3504 Vicarii
1101 3439 1149 3525 (ut
1170 3439 1237 3506 dixi

114 3581 131 3621 c
145 3551 318 3640 supra...);
335 3571 485 3636 ergonec
505 3552 595 3616 illum
612 3553 726 3634 punire
746 3560 867 3635 potest,
892 3574 934 3618 ex
958 3552 1093 3620 delectu
1104 3554 1235 3640 jurisdi-

114 3673 281 3753 cctionis3
301 3687 342 3733 ne
365 3668 441 3734 alias
465 3666 593 3732 dicatur
616 3667 765 3752 judicare
792 3670 826 3733 in
850 3671 981 3755 propria
1010 3690 1117 3735 causa.
1149 3672 1237 3738 Sicut

114 3818 129 3852 a
146 3790 261 3864 etiam,
280 3786 354 3870 quia
367 3785 547 3867 Episcopus
569 3792 702 3849 tenetur
718 3783 759 3848 de
776 3784 898 3851 delicto
914 3786 964 3850 sui
978 3787 1096 3850 vicarii
1115 3787 1170 3852 rel
1181 3787 1239 3854 of-

113 3905 263 3972 uficialis
278 3901 496 3985 delinquentis
510 3903 544 3965 in
567 3900 668 3966 officio
693 3901 797 3986 (Rota,
823 3900 1131 3980 decempedalis
1155 3906 1232 3984 278,

114 4026 181 4089 uin
201 4015 452 4101 novissimis...).
474 4019 624 4082 Necnon
643 4019 741 4082 etiam
754 4025 789 4082 et
809 4018 884 4101 quic
903 4018 1079 4101 Episcopus
1101 4025 1237 4087 tenetur

115 4141 306 4208 «exhibere
342 4137 503 4201 Vicarium
535 4135 588 4199 vel
623 4133 796 4204 Officialem
822 4132 1126 4221 delinquentem...;
1147 4136 1236 4206 unde

115 4280 221 4327 ccum
242 4279 307 4324 non
332 4254 502 4322 conveniat
529 4251 665 4336 sibiipsi
685 4251 757 4315 illos
780 4250 947 4329 exhibere,
967 4271 1007 4317 ne
1022 4253 1064 4317 sit
1080 4250 1184 4337 judex
1202 4261 1238 4325 et

116 4397 236 4463 «pars,
253 4377 373 4443 meritc
388 4373 481 4438 illum
493 4370 608 4453 punire
627 4388 693 4435 non
708 4367 840 4452 poterit.
862 4397 876 4423 »

263 4490 284 4548 l.
1080 4485 1116 4545 is
