2714 4980
584 260 693 307 mnan.
1130 240 1192 304 stt

1142 351 1194 408 Pae.

1143 426 1193 476 3⁴2

73 425 200 480 SECTIO
212 428 249 476 11.
266 430 299 476 De
312 430 376 476 curia
390 429 516 490 episcopali
525 436 587 477 recte
600 427 750 489 intelligenda
759 436 782 475 et
796 425 925 476 ordinanda
939 459 1114 478 ......

73 514 171 562 CAPUT
183 514 202 560 l.
223 513 257 560 De
270 512 342 561 variis
362 513 526 575 episcopalium
540 514 657 561 curiarum
680 511 762 561 formis
776 514 805 560 ab
819 509 915 559 exordio
929 510 1039 560 Ecclesia
1052 524 1126 574 nsque

104 610 166 644 nunc
178 598 288 659 synopsis
296 598 407 644 historica
411 630 1111 648 ......................
1142 594 1192 645 342

69 683 138 730 CAP.
156 684 188 730 ll.
205 684 238 729 De
256 687 317 729 recta
330 682 423 729 notione
436 682 561 730 vicariatus
581 681 695 742 generalis
709 681 828 743 Episcopi,
855 694 897 728 seu
911 679 1080 730 officialitatis.
1106 715 1113 730 .
1143 680 1193 729 549

105 764 118 831 ξ
131 767 151 813 l.
166 768 199 813 De
211 767 312 814 essentia
330 773 351 813 et
363 764 495 814 delinitione
508 767 634 814 vicariatus
652 767 766 827 generalis
779 765 892 827 Episcopi
907 800 1114 815 .......
1143 767 1193 814 550

137 851 286 912 Propositio
301 852 333 898 1².
347 853 380 898 De
394 853 494 899 essentia
504 851 630 899 vicariatus
643 851 753 912 Episcopi
768 850 890 912 estaliqua
904 857 1007 912 potestas
1014 849 1126 899 ecclesia-

173 937 232 983 stica
243 969 1115 987 ...........................
1144 936 1194 984 550

137 1020 341 1081 Propositum.
357 1022 462 1068 Potestas
476 1021 569 1069 vicario
582 1021 691 1082 Episcopi
715 1027 848 1081 competens
869 1027 905 1068 est
922 1020 1078 1068 essentialiter
1093 1007 1126 1087 'et

172 1113 220 1153 tota
244 1113 330 1167 quanta
356 1106 515 1153 ministerialis
530 1141 1104 1157 ..................
1133 1105 1185 1154 550

137 1189 287 1259 ¹Propost'tc'o
297 1189 353 1236 llll.
371 1190 463 1237 Vicarro
471 1190 572 1250 generali
584 1191 694 1252 Episcopi
707 1189 861 1238 essentialiter
868 1203 914 1237 non
926 1189 1037 1251 competit
1051 1195 1077 1236 ut
1088 1202 1128 1236 va-

171 1276 217 1323 leat
230 1276 293 1322 vices
305 1275 414 1335 Episcopi
428 1288 496 1336 agere
506 1277 529 1323 in
544 1276 671 1324 exercenda
680 1276 776 1324 Ordinis
794 1275 932 1336 episcopalis
946 1281 1059 1336 potestate
1073 1310 1079 1323 .
1107 1309 1113 1323 .
1142 1275 1189 1323 551

137 1361 286 1421 Proposltr'o
300 1361 351 1409 [va.
369 1363 401 1408 De
412 1362 512 1408 essentia
522 1361 647 1408 vicariatus
660 1361 773 1420 generalis
790 1366 825 1407 est
834 1366 936 1420 potestas
947 1357 1069 1407 exercendi
1081 1358 1125 1406 ali-

169 1459 238 1506 quam
249 1445 436 1506 jurisdictionem
449 1446 558 1506 Episcopi
582 1445 714 1506 propriam.
739 1481 745 1493 .
773 1479 776 1485 .
804 1482 809 1493 .
838 1480 845 1494 .
873 1481 879 1494 .
905 1479 913 1495 .
939 1479 946 1493 .
972 1478 979 1492 .
1005 1427 1011 1492 ζ
1039 1478 1048 1495 .
1072 1477 1080 1491 .
1106 1478 1113 1493 .
1143 1444 1189 1490 551

136 1530 285 1590 Proposltt‘o
300 1531 340 1576 va,
353 1531 440 1577 llicarii
453 1531 568 1590 generalis
586 1529 718 1590 jurisdictio
739 1536 775 1577 est
788 1529 943 1576 essentialiter
957 1528 1035 1589 aliquo
1054 1541 1125 1576 sensu

169 1614 324 1662 aniversalis
334 1613 410 1676 quoad
427 1615 570 1662 territorium
583 1628 625 1661 seu
639 1627 760 1674 personas,
777 1621 798 1661 et
814 1613 890 1675 quoad
903 1627 1006 1661 causas.
1033 1648 1040 1663 .
1067 1649 1074 1663 .
1101 1647 1107 1661 .
1139 1614 1187 1661 552

138 1699 281 1760 l’ropost'te’o
292 1699 344 1746 vla,
360 1699 487 1746 vicariatui
497 1698 597 1759 generali
608 1697 738 1746 essentialis
747 1711 793 1744 non
809 1705 845 1745 est
858 1697 1020 1745 universalitas
1027 1695 1124 1757 jurisdi-

171 1785 241 1831 tionis
252 1785 332 1831 stricte
349 1791 450 1844 sumpta,
465 1782 506 1831 sed
521 1783 641 1830 dumtaxat
651 1783 770 1830 moraliter
784 1790 876 1844 sumpta
879 1816 1107 1832 ........
1136 1783 1186 1829 555

138 1867 287 1928 Proposita'o
300 1868 365 1914 vna,
380 1867 411 1914 Ut
420 1868 472 1928 quis
486 1868 517 1915 sit
530 1867 637 1914 Vicarius
656 1865 770 1927 generalis
788 1868 899 1929 Episcopi
913 1867 1066 1916 essentialiter
1084 1881 1124 1915 re-

171 1951 273 2011 quiritur
286 1953 312 1996 ut
323 1950 354 1997 sit
364 1950 472 1997 llicarius
486 1951 509 1997 in
520 1949 690 2011 spiritualibus,
701 1963 746 1998 non
757 1956 834 1997 antem
848 1951 872 1997 in
886 1952 1056 2013 temporalibus
1071 1986 1078 2001 .
1104 1987 1111 2000 .
1140 1953 1190 2000 555

139 2034 372 2096 preposituram.
388 2035 431 2081 Est
443 2032 472 2080 de
485 2034 585 2082 essentia
599 2034 724 2082 vicariatus
736 2034 850 2094 generalis
861 2035 981 2096 Episcopi,
992 2044 1019 2083 ut
1030 2043 1097 2097 actus
1109 2048 1122 2081 a

176 2123 269 2170 l'icario
285 2117 386 2183 generali
400 2126 477 2179 gestos
489 2119 620 2180 Episcopus
637 2117 705 2166 iaciat
719 2132 792 2179 suos;
806 2118 875 2178 idest,
890 2125 916 2167 ut
929 2120 946 2166 ii
958 2127 1024 2167 actus
1042 2119 1123 2168 eodem

172 2207 241 2255 modo
255 2209 279 2256 in
290 2210 342 2269 jnre
356 2211 446 2259 valeant
455 2226 482 2259 ac
491 2212 511 2259 ai
521 2219 598 2260 essent
611 2213 640 2260 ab
656 2213 707 2272 ipso
728 2212 843 2273 Episcopo
855 2211 914 2272 gesti
928 2244 1102 2264 ......
1137 2213 1187 2262 556

141 2291 287 2353 Proposltio
303 2295 357 2342 ixa,
370 2297 477 2345 vicarius
491 2297 605 2358 generalis
615 2295 724 2360 Episcopi
736 2305 797 2345 recte
810 2295 902 2355 deliniri
914 2303 1006 2358 potest:
1022 2297 1126 2358 legitime

175 2375 300 2437 deputatus
315 2378 344 2425 ad
371 2372 522 2428 exercendam
537 2382 674 2442 generaliter
688 2380 875 2442 jurisdictionem
898 2380 1052 2442 episcopalem
1074 2381 1124 2430 vice

172 2462 292 2522 Episcopi,
308 2469 330 2510 et
339 2463 371 2510 ita
385 2470 411 2511 ut
424 2472 489 2512 actus
502 2465 552 2527 ejus
562 2467 591 2514 ab
604 2467 721 2527 Episcopo
739 2466 797 2526 gesti
813 2474 951 2515 censeantur
954 2501 1115 2518 ......
1142 2466 1191 2517 558

104 2543 117 2609 fl
128 2547 160 2594 ll.
170 2548 292 2595 Evolvitur
303 2548 366 2596 notio
377 2547 406 2596 de
418 2556 501 2597 natura
512 2551 636 2598 vicariatus
654 2551 769 2612 generalis
781 2551 890 2612 Episcopi
904 2585 1112 2604 .......
1141 2553 1191 2601 559

138 2629 244 2693 Quaestio
257 2636 292 2680 tr.
304 2634 364 2680 Num
379 2633 486 2682 vicarius
500 2634 614 2694 generalis
623 2633 926 2697 Episcopijurisdictionem
941 2635 1025 2684 habeat
1036 2649 1050 2683 a
1063 2637 1130 2698 lege,-

176 2728 206 2762 an
218 2729 273 2764 vero
285 2717 314 2764 ah
327 2717 453 2779 Episcopo?
467 2752 1108 2772 ....................
1139 2723 1190 2784 559

138 2797 244 2862 Quoeotlo
255 2803 291 2848 2¹.
308 2803 390 2849 Utrum
400 2799 506 2851 vicarius
518 2803 631 2864 generalis
645 2804 754 2866 Episcopi
768 2802 915 2852 ordinariam
930 2805 1014 2852 habeat
1022 2803 1122 2866 jurisdi-

171 2885 280 2947 ctionem,
295 2901 324 2935 an
334 2901 389 2936 vere
401 2887 551 2949 delegatam?
569 2921 1111 2939 .................
1141 2891 1190 2939 aot

138 2966 245 3031 Quoestio
254 2973 290 3022 5¹.
303 2972 338 3019 An
352 2973 428 3020 valeat
444 2974 575 3036 Episcopus
588 2974 675 3022 vicarii
693 2974 730 3022 sui
744 2974 860 3036 generalis
883 2973 1069 3036 jurisdictionem
1081 2986 1125 3037 pro

172 3052 270 3102 arbitrio
281 3056 421 3118 restringere
438 3096 445 3113 ,
470 3091 1114 3110 ....................
1141 3056 1191 3106 569

139 3134 246 3199 Quaestio
259 3143 295 3187 4¹.
309 3143 393 3190 Utrum
405 3143 567 3191 revocabilitas
579 3143 610 3190 sit
629 3141 657 3190 de
672 3143 772 3191 essentia
785 3126 911 3191 vicariatus
923 3142 1057 3204 generalis?
1071 3178 1078 3192 .
1104 3178 1111 3193 .
1142 3141 1191 3191 570

137 3219 244 3284 Quoeotlo
267 3227 302 3274 5⁸.
333 3227 454 3282 Quomodo
479 3228 586 3276 vicarius
606 3228 722 3289 generalis
743 3227 835 3277 differat
856 3229 885 3276 ah
911 3229 1006 3290 antiquo
1038 3228 1123 3277 Archi·

170 3307 270 3357 diacono
274 3345 1110 3366 ..........................
1140 3315 1187 3362 571

138 3388 244 3453 Quoeatio
263 3395 299 3440 6¹.
328 3396 448 3451 Quomodo
468 3397 574 3446 llicarius
595 3397 709 3458 generalis
737 3396 828 3447 diflerat
848 3411 861 3445 a
882 3397 987 3460 delegato
1010 3406 1033 3447 et
1054 3413 1069 3446 a
1086 3398 1122 3447 vi-

170 3479 234 3527 cario
260 3479 407 3530 loraneo‘l',.
434 3516 440 3530 .
466 3519 472 3530 .
499 3519 506 3531 .
533 3481 542 3531 .'
565 3514 1108 3536 .................
1137 3484 1187 3531 372

137 3559 244 3622 Quartae
256 3567 292 3611 7¹.
304 3565 424 3621 Quomodo
436 3565 611 3627 intelligendum
623 3566 653 3614 sit
667 3579 713 3614 non
722 3565 773 3614 dari
782 3567 960 3629 appellationem
980 3583 994 3616 a
1007 3570 1120 3618 sententia

173 3649 260 3697 llicarii
274 3650 389 3710 generalis
408 3649 437 3697 ad
458 3651 618 3712 Episcopum?
632 3685 1108 3704 ...............
1137 3655 1190 3703 575

148 3729 255 3794 Quaestio
275 3735 311 3782 8¹.
336 3737 372 3783 An
391 3736 520 3796 Episcopus
542 3735 617 3796 possit
635 3733 761 3783 concedere
778 3735 948 3784 restitutionem
966 3738 990 3784 in
1005 3737 1123 3804 integrunt

166 3827 248 3867 contra
261 3821 399 3868 sententiam
407 3820 493 3868 Vicarii
505 3819 542 3867 sui
552 3819 667 3880 generalis
682 3833 688 3866 :
704 3824 727 3865 et
741 3819 885 3867 anllicarius
900 3819 963 3868 idem
972 3821 1056 3884 possit,
1072 3828 1122 3870 tum

168 3911 250 3952 contra
265 3919 340 3959 suam,
356 3912 404 3954 turn
418 3911 498 3953 contra
511 3903 620 3965 Episcopi
634 3903 791 3951 sententiam?
806 3938 1106 3959 ..........
1133 3907 1185 3956 stt
1235 3907 1239 3915 '

145 3986 251 4051 Qaoeatlu
262 3991 299 4038 9⁸.
315 3992 377 4038 Ana
394 3989 507 4038 sententia
515 3988 603 4038 llicarii
620 3988 734 4050 generalis
746 3987 831 4050 possit,
850 3989 887 4037 sin
897 3989 976 4038 minus
997 3990 1134 4052 appellari„

131 4128 133 4134 ,
167 4082 192 4124 at
205 4076 288 4124 saltem
302 4075 430 4136 supplicari
449 4073 478 4122 ad
500 4074 639 4135 Episcopum
644 4105 1107 4126 ...............
1136 4077 1188 4124 575

135 4159 242 4223 occatio
257 4163 310 4209 10⁸.
326 4161 362 4209 55
375 4160 505 4221 Episcopus
518 4172 611 4208 causmn
624 4156 761 4220 pendentem
774 4171 852 4209 coram
870 4159 962 4208 vicario
981 4173 1024 4208 suo
1043 4159 1073 4208 ael
1097 4174 1123 4208 se
1184 4143 1187 4148 ’

167 4262 278 4298 revocare
291 4245 375 4309 possit,
389 4252 428 4294 aut
440 4245 509 4294 etiam
519 4245 540 4294 ei
553 4246 659 4294 inhibere
670 4257 700 4292 55
717 4243 806 4305 judicet
825 4244 850 4292 in
862 4252 925 4293 certa
938 4258 1040 4297 causa..
1067 4282 1072 4292 .
1100 4279 1108 4297 .
1136 4244 1187 4297 578

135 4334 241 4400 Quoesle'o
256 4335 308 4381 ttt.
333 4333 393 4380 llum
416 4330 528 4392 appellari
554 4329 629 4391 possit
657 4328 795 4390 adelegato
819 4329 928 4391 Episcopi
949 4328 978 4377 ad
999 4329 1118 4379 vicarium
