2714 4980
519 323 599 371 raas
620 321 780 371 sncuuna.
1140 311 1205 375 385

95 448 181 515 rium
198 446 387 532 generalem
402 446 444 513 ab
459 445 611 531 Officiali3
632 447 678 512 ita
692 453 730 510 ut
743 444 890 511 vicarius
907 446 1065 529 generalis
1079 447 1209 516 dicatur

95 564 152 651 qui
164 567 203 629 de
216 567 297 646 sacto
310 564 528 630 voluntariam
550 569 679 629 tantum
690 547 947 647 jurisdictionem
967 570 1118 650 exercet3
1135 565 1210 633 Offi-

95 681 185 749 'cialis
197 699 280 749 uero
294 681 353 766 qni
369 683 406 746 da
428 684 509 763 sacto
527 686 661 747 exercet
674 679 844 746 dumtaxat
870 681 1114 746 contentiosam.
1138 684 1211 750 «In

95 795 293 882 «aliquibus
317 795 503 881 regionibus
524 796 612 862 ultra
633 802 761 861 montes
778 793 833 881 (ait
854 795 1052 862 Benedictus
1068 799 1154 877 XIV,
1175 802 1213 864 de

95 935 114 975 a
130 917 208 997 Syn.
232 907 331 992 amc,
351 913 374 978 l.
396 915 430 991 3,
450 932 480 978 c.
497 915 529 991 3,
546 932 580 978 n,
598 909 644 997 2),
667 910 848 996 presertim
862 911 896 975 in
911 912 1012 979 Gallia
1036 922 1072 980 et
1088 915 1210 999 Belgio,

96 1051 114 1090 c
129 1046 213 1095 usus
223 1027 374 1107 obtinuit,
383 1032 424 1093 ut
436 1027 594 1115 (vicarius
604 1023 774 1112 generalis)
785 1025 828 1091 ab
839 1024 973 1093 Officiali
984 1027 1214 1116 distinguatur3

97 1167 116 1208 a
132 1151 173 1212 et
187 1150 325 1209 Vmartua
343 1151 552 1226 nuncupetur
566 1143 622 1229 qui
636 1161 674 1209 ea
699 1149 834 1208 exercet
848 1159 920 1226 quae
935 1149 1012 1209 sant
1022 1143 1217 1229 jurisdictio

98 1283 117 1320 a
133 1259 403 1344 nisuoluntariae3
421 1259 570 1341 Officulta
585 1279 674 1337 vero,
692 1260 748 1344 qui
763 1257 981 1344 jurisdictioni
999 1270 1120 1345 praeest
1141 1280 1218 1329 con-

99 1375 298 1442 atentiosae.
320 1405 333 1430 »
354 1377 424 1442 Imo
446 1374 542 1441 dictae
568 1373 796 1441 consuetudini
816 1394 886 1442 sese
910 1375 1104 1444 adamussim
1129 1386 1220 1463 aptat

95 1491 199 1558 curiae
214 1491 365 1558 Romanae
382 1492 502 1574 praxis,
520 1497 631 1574 prout,
655 1490 744 1555 inter
766 1490 856 1570 alios,
876 1491 920 1557 sic
945 1490 1080 1558 adnotat
1097 1493 1220 1560 Laure-

95 1607 172 1673 nius
185 1605 234 1694 (dc
256 1612 386 1672 Vicaric'a
402 1611 519 1690 Episc,
538 1626 609 1691 cap.
633 1608 663 1684 l,
678 1624 711 1691 q.
737 1608 788 1684 17,
810 1627 844 1672 n.
861 1604 894 1691 2)
912 1628 919 1671 :
940 1631 956 1670 «
971 1610 1112 1674 Tametsi
1121 1610 1221 1694 igitur

103 1747 119 1781 a
138 1721 290 1789 Officialis
304 1722 490 1807 principalis
505 1722 656 1806 Episcopi
667 1729 703 1787 et
715 1721 861 1788 Vicarius
874 1725 1033 1807 generalis
1046 1723 1134 1791 idem
1145 1727 1220 1804 sint,

105 1858 181 1904 aex
193 1857 256 1904 usu
269 1846 378 1904 tamen
391 1845 426 1904 et
443 1837 691 1916 consuetudine,
718 1844 786 1903 tam
801 1836 934 1904 datariae
950 1858 1048 1924 quam
1062 1841 1226 1906 cancella·

108 1976 126 2018 a
141 1954 201 2021 riae
213 1954 416 2038 apostolice,
434 1954 555 2019 littere
571 1951 867 2037 sedisapostolicae
887 1953 969 2040 (qua
986 1973 1117 2039 semper
1135 1974 1224 2022 com-

108 2093 126 2133 a
141 2072 320 2136 mittuntur
333 2070 468 2136 vicariis
482 2070 734 2154 Episcoporum,
752 2069 821 2134 sive
833 2069 1043 2136 beneficiales
1060 2072 1139 2150 sint,
1156 2072 1225 2138 sive

109 2185 418 2271 «dispensationum
434 2185 729 2264 Matrimonialium,
743 2185 811 2251 sive
825 2188 1029 2253 continentes
1037 2187 1226 2254 mandatum

109 2326 126 2363 a
144 2301 276 2387 aliquod
285 2300 425 2368 munau
439 2297 599 2386 gratiam),
617 2300 699 2367 siad
712 2302 862 2385 regiones
872 2302 1125 2369 ultramontanas
1137 2303 1228 2391 (puta

107 2440 126 2482 a
140 2418 339 2502 Hispaniam,
360 2417 507 2497 Galliam,
535 2417 751 2495 Germaniam,
776 2417 929 2501 angliam,
954 2417 1129 2498 Polouiam,
1143 2419 1228 2485 Afri-

111 2559 127 2594 a
140 2553 224 2613 cam,
235 2531 314 2619 etc.)
324 2532 516 2618 dirigantur,
528 2552 661 2617 semper
672 2532 895 2599 inscribuntur
905 2531 1049 2614 Officiali,
1061 2536 1128 2601 sive
1138 2535 1228 2602 adhi-

111 2650 242 2716 «betur
266 2649 428 2714 terminus
453 2649 624 2729 officialia:
648 2647 741 2713 verbi
765 2648 869 2732 gratita
890 2669 897 2712 :
922 2651 1030 2712 dilecto
1052 2650 1119 2727 filio
1144 2670 1228 2714 aeae-

110 2769 251 2830 arcln'lia
279 2769 388 2848 fratris
416 2771 513 2829 nostri
541 2769 686 2848 Episcopi
712 2770 955 2829 Moraastericoais
982 2767 1136 2847 officiali,·
1172 2768 1228 2833 vel

110 2881 334 2965 «simpliciter
350 2902 358 2946 :
377 2866 485 2946 dilecto
500 2881 567 2960 filio
583 2882 716 2961 officiali
732 2863 973 2946 Monosterieasi.
993 2882 1126 2948 Littera
1146 2901 1226 2950 uero

102 3019 126 3077 k«
141 2997 312 3064 destinatae
328 2995 372 3061 ad
385 2997 535 3080 regiones
549 2996 762 3060 cismontanos
774 2994 879 3081 (verbi
896 2997 1010 3079 gratia,
1024 2996 1068 3061 ad
1084 2998 1221 3078 Italiam,

110 3112 356 3195 «Huugariam,
379 3110 581 3189 Dalmatiam,
605 3109 784 3188 Albaniam,
817 3109 1027 3190 Sclaveniam,
1054 3111 1221 3198 Cyprum,

110 3253 126 3291 a
144 3229 288 3306 Cretam,
300 3235 335 3293 et
349 3234 459 3311 partes
470 3224 663 3303 orientales,
679 3226 760 3291 item
776 3225 924 3305 Siciliam,
933 3226 1106 3309 Corsicam,
1116 3230 1225 3295 Sardi-

109 3345 241 3423 aniam,
259 3340 352 3428 etc),
373 3341 597 3408 inscribuntur
626 3342 754 3408 Vicario
778 3343 935 3427 generali3
969 3344 1065 3410 verbi
1091 3347 1219 3428 gratia:

108 3464 251 3526 «dilecto
257 3460 325 3539 filio
334 3463 452 3524 Vicarc'o
463 3460 642 3522 venerabilia
652 3461 762 3539 fratris
770 3464 868 3522 nostri
877 3462 1018 3543 Episcopi
1028 3465 1224 3528 Bononiensis
1266 3443 1276 3459 ⁸

109 3602 125 3643 c
143 3583 179 3643 ia
196 3579 406 3660 spiritualitate
418 3579 562 3658 uenerati.
578 3598 594 3636 a
616 3575 733 3641 Certus
748 3594 827 3660 ergo
848 3584 883 3642 et
895 3577 1058 3660 legitimus
1072 3587 1121 3646 est
1138 3599 1222 3664 prae·

105 3696 206 3764 dictae
225 3693 438 3759 distinctionis
453 3711 541 3759 usus.

149 3813 194 3881 dt
203 3829 333 3893 verocx
342 3809 402 3874 hac
415 3808 649 3876 consuetudine
658 3827 862 3894 nequaquam
874 3809 988 3874 inferri
997 3817 1105 3893 potest
1116 3810 1222 3880 diver·

103 3948 175 3997 sam
191 3946 263 3994 ease
278 3927 311 3991 in
325 3927 429 4009 seipsa
440 3922 700 4010 jurisdictionem
707 3924 778 4010 ejus
788 3925 854 4011 qui,
869 3927 902 3991 in
917 3925 1011 3991 dictis
1021 3927 1216 4010 regionibus,

107 4052 248 4113 vocatur
263 4042 421 4121 Officialis,
441 4048 475 4107 et
493 4039 636 4126 ejusqui
653 4042 798 4107 vicarius
816 4042 976 4125 generalis
998 4052 1216 4127 nuncupatur.

107 4163 190 4229 Nam
206 4161 328 4227 intacta
343 4165 532 4224 remanente
545 4156 649 4242 juxta,
669 4155 722 4241 jus
740 4176 921 4237 commune,
940 4157 1172 4242 jurisdictionis
1186 4168 1222 4227 et

106 4276 205 4345 officii
221 4275 406 4352 identitate,
425 4272 502 4339 satis
519 4272 678 4339 fundatur
693 4272 781 4338 dicta
801 4272 965 4338 distinctio
979 4275 1012 4337 in
1028 4274 1222 4343 accidentali

107 4394 164 4460 illo
177 4391 328 4476 Episcopi
338 4397 516 4474 praecepto,
536 4407 599 4474 quo
615 4391 925 4456 unusvoluntariam
939 4388 1119 4469 dumtaxat,
1138 4392 1223 4461 alter

218 4504 239 4560 l.
1083 4503 1120 4562 23
