2714 4980
122 313 188 376 420
467 325 654 375 rancrarus
676 328 720 374 nn
742 327 893 375 runrcns.

127 484 140 508 κ
154 462 204 520 tat
229 453 332 538 glossa
365 453 399 516 in'
425 456 619 534 caputLieet
649 452 697 539 (cle
723 453 833 533 Officio
865 456 994 532 vacarat,
1023 453 1058 517 in
1084 454 1117 530 6,
1142 450 1233 517 verbo

125 565 407 653 «committoator);
426 576 461 634 et
478 574 594 633 tenent
612 567 802 648 flamensis,
822 567 1051 647 Gorarrurias,
1080 567 1233 646 sororius,

125 713 139 742 «
157 687 301 764 Garoias,
313 683 473 763 Tanchez,
493 685 631 762 Moneta,
642 684 755 768 Engel,
766 681 989 762 Reiffenstuel‚
1002 683 1159 761 Barbosa,
1173 683 1238 748 Pel·

123 829 138 857 o
154 803 309 886 legrinus,
327 808 362 867 et
369 800 445 866 alii:
462 805 613 865 notantes
626 812 692 866 non
707 817 777 864 esse
796 817 942 876 necesse,
959 797 1051 884 qnod
1068 816 1237 865 omnesau-

122 946 136 972 «
153 917 295 1003 predicti
315 933 407 982 casus
425 914 650 999 exprimantur
668 914 702 979 in
721 913 827 980 forma
841 914 1015 978 vicariatus
1030 931 1092 980 seu
1126 914 1239 979 instra.

121 1063 136 1090 α
156 1041 266 1101 mento
301 1031 550 1116 commissionis;
585 1030 646 1098 sed
671 1029 818 1096 sufficere
850 1030 941 1115 quod
976 1031 1078 1116 aliqui
1118 1037 1235 1097 mutum

119 1179 133 1205 κ
149 1151 373 1234 exprimantur
390 1168 464 1214 cum
478 1147 635 1232 predicta
661 1147 805 1213 clausula
823 1145 984 1233 (seucum
999 1147 1062 1213 alia
1078 1144 1196 1231 simili),
1211 1155 1236 1212 ct

121 1294 135 1320 r
150 1269 333 1346 mutuatio,
350 1268 419 1328 licet
429 1266 606 1328 marlotum
616 1269 742 1345 accipent
757 1266 884 1345 speciale
897 1282 908 1327 :
923 1263 1107 1329 dummodo
1119 1269 1232 1343 tamen,

122 1411 137 1436 ι
153 1389 191 1446 ut
209 1400 308 1466 supra
326 1379 451 1447 dictum
478 1388 539 1459 est,
557 1379 626 1464 ipsa
642 1379 703 1446 alia
720 1397 786 1444 non
809 1378 873 1444 sint
888 1379 1041 1463 graviora
1056 1380 1114 1447 vel
1126 1378 1235 1466 majora

120 1527 133 1552 «
151 1498 358 1581 expressis.»

164 1617 197 1678 5⁰
216 1614 248 1678 Si
264 1613 453 1697 Episcopus,
472 1619 644 1696 postquam
659 1611 771 1695 posuit
794 1609 878 1676 hanc
896 1610 949 1676 rel
962 1611 1105 1678 similem
1122 1612 1254 1678 formu·⁴

120 1759 133 1785 α
153 1730 230 1807 lam,
255 1736 285 1792 et
299 1732 363 1793 olio
393 1734 494 1793 amaia
517 1749 573 1811 pro
586 1731 691 1810 potae
705 1733 904 1793 catemariam
930 1731 1170 1794 estmoaaotum
1184 1749 1235 1812 spa

115 1840 203 1928 ciale,
223 1846 364 1929 excipiat
376 1864 529 1929 expresse
544 1845 686 1929 aliquem
702 1863 814 1910 casum
830 1843 1022 1910 mandatum
1038 1846 1181 1930 speciale
1193 1864 1235 1911 re·

114 1963 309 2048 quirentem,
320 1981 362 2027 an
371 1961 517 2026 Vicarius
530 1961 691 2045 generalis
705 1961 738 2025 in
754 1968 872 2026 catera
887 1960 1043 2044 specialia
1053 1960 1234 2047 jurisdictio·

116 2098 192 2144 nem
208 2078 366 2144 habebit?
386 2076 623 2160 «Respondeo,
644 2077 689 2144 ait
714 2077 905 2156 Ieurenius,
927 2097 994 2144 non
1018 2078 1233 2146 convenirem

123 2223 137 2249 κ
151 2193 213 2274 hoc
241 2201 439 2259 auctores.»
463 2192 616 2258 Rationes
630 2210 691 2275 pro
713 2197 747 2258 et
763 2200 877 2258 contra
900 2190 977 2258 vide
997 2193 1091 2278 apud
1113 2195 1232 2261 citatum

118 2312 315 2378 canonistam
329 2309 377 2397 (de
387 2315 518 2376 Vicoriis
532 2313 650 2391 Epire,
671 2326 730 2391 cap
743 2312 775 2388 3,
794 2306 924 2394 qiol).

161 2431 196 2494 6⁰
210 2429 258 2492 Ex
272 2425 378 2504 dictis,
396 2423 567 2509 prudentis
586 2425 737 2509 Episcopi
745 2425 819 2504 erit,
836 2426 871 2490 in
891 2424 1099 2494 conficiendo
1113 2429 1232 2496 vicano·

116 2550 170 2610 tus
188 2542 347 2626 generalis
370 2543 599 2619 instrumento,
628 2541 734 2623 primo
764 2541 952 2624 exprimere
980 2542 1092 2628 aliqua
1126 2550 1232 2629 majoris

116 2665 258 2725 momenti
274 2659 446 2742 specialia;
474 2656 620 2723 secundo
636 2654 761 2723 addere
785 2657 961 2723 clausulam
984 2667 1014 2723 et
1040 2664 1107 2725 ulio
1132 2666 1229 2739 manu,

115 2783 208 2842 ctiam
221 2777 347 2859 speciale
360 2777 536 2840 mandatam
549 2779 734 2867 requirentia
739 2797 756 2855 ,·
771 2775 871 2840 tertio
887 2794 1044 2859 expresse
1066 2776 1147 2844 dein
1164 2777 1233 2843 exci-

115 2912 195 2978 pere
212 2911 250 2958 ea
266 2889 430 2974 specialia,
445 2907 516 2975 qua
527 2887 777 2974 ajurisdictione
792 2890 912 2956 Vicarii
926 2893 1093 2975 generalis
1111 2900 1233 2978 excepta

116 3009 269 3076 voluerit.
284 3007 334 3071 Sic
348 3025 466 3090 nempe
481 3006 584 3070 omnis
596 3005 835 3090 praecavebitur
848 3007 935 3074 circa
949 3009 1072 3076 Vicarii
1089 3009 1235 3096 generalis

117 3129 314 3209 potestatem
334 3119 527 3187 difficultas:
553 3123 681 3187 certum
700 3121 860 3206 siquidem
882 3123 948 3189 erit
974 3124 1037 3209 ipsi
1061 3135 1233 3211 competere

116 3234 373 3321 jurisdictionem
384 3235 494 3324 quoad
508 3242 609 3301 oracio
630 3240 784 3319 specialia,
804 3240 951 3324 exceptis
965 3257 1040 3326 quae
1060 3242 1096 3308 in
1119 3209 1188 3329 ipso
1198 3244 1234 3306 in-

118 3360 301 3422 strumento
317 3373 474 3440 expresse
489 3354 702 3439 reperientur
716 3363 864 3440 excepta.

632 3642 648 3715 i
672 3639 728 3704 IV.

124 3867 220 3928 Quando
234 3879 262 3918 ex
271 3865 380 3917 mandato
396 3864 492 3928 speciali
509 3865 620 3930 Episcopi
632 3867 741 3917 vicarius
761 3869 877 3930 generalis
894 3869 966 3921 habet
987 3871 1012 3920 in
1026 3873 1139 3936 specialia
1148 3871 1232 3938 jurisdi-

156 3965 265 4025 ctionem,
288 3975 318 4010 an
336 3961 361 4010 in
375 3961 410 4010 eis
423 3956 553 4008 censendus
567 3959 599 4008 sit
621 3958 750 4024 delegatus,
773 3961 805 4011 ita
825 3969 851 4010 ut
873 3962 943 4014 detur
955 3967 985 4016 ab
999 3981 1029 4018 so
1054 3968 1086 4018 ad
1104 3969 1229 4032 Episcopum

157 4056 299 4122 appellatio?

169 4290 1228 4384 Respondeo,posseEpiscopumejnsmodispecialiaVioariogene

123 4413 183 4479 rali
201 4409 416 4485 committere,
429 4408 483 4472 rel
497 4413 650 4492 tanquam
662 4409 800 4489 Vicario,
814 4412 868 4477 rel
883 4419 1040 4499 tanquam
1050 4413 1143 4483 mero
1156 4412 1228 4480 dele·
