2714 4980
487 302 566 351 mus
589 302 747 350 sueonos.
1105 284 1169 351 483

51 429 220 509 doctores,
235 435 273 493 ut
288 428 374 493 inira
385 445 595 520 exponemus.
614 426 699 492 Item
711 423 861 492 addimus
871 427 1068 507 reprimite&
1083 418 1168 510 quia,

51 554 92 611 ut
107 563 184 610 mox
195 544 331 629 patebit,
350 544 472 629 aliquas
482 542 553 609 dari
567 542 609 608 ad
617 542 805 627 generalem
817 541 906 606 illam
921 541 1067 625 regulam
1082 556 1174 608 exce·

52 665 194 747 ptioues,
216 670 344 728 certum
357 668 408 726 est
420 669 455 726 et
466 660 509 726 ab
522 659 673 726 omnibus
691 658 876 725 admissum.

100 782 300 846 Prorosmo
312 779 368 843 11³.
393 814 440 827 --
452 780 589 859 Proefatn
605 781 655 841 lex
667 783 819 856 canonica,
837 779 1029 859 moestitias
1049 782 1176 858 attingit

52 900 153 960 dictos
167 897 299 975 clericos,
318 896 536 975 ecumqaaado
552 894 693 991 beneficae
710 901 824 957 cureat.
842 929 888 941 -
905 895 953 959 llx
965 911 1005 958 eo
1022 892 1112 977 quod
1127 891 1178 957 di-

54 1018 154 1078 catur
167 1011 202 1075 in
216 1011 315 1075 citata
327 1008 494 1087 decretali,
514 1009 647 1075 clericos
662 1009 696 1073 in
715 1009 814 1074 sacris
836 1010 1028 1075 constitutos
1049 1016 1179 1075 anota-

38 1114 163 1193 ”riatus
178 1127 333 1192 exercitio
345 1124 563 1191 remouendos
571 1145 641 1190 esse
649 1145 708 1208 per
715 1127 923 1204 beneficiorum
934 1129 1176 1206 subtractionem

54 1245 286 1310 existimarunt
296 1242 449 1308 doctores
464 1261 531 1307 non
546 1243 653 1325 pauci,
672 1243 921 1326 prohibitionem
936 1261 1002 1307 nou
1016 1242 1112 1327 dirigi
1121 1243 1181 1307 nisi

57 1363 96 1425 in
113 1361 300 1439 beneficiatos
327 1360 472 1425 clericos.
492 1361 595 1425 Immo
618 1376 693 1424 cum
710 1366 746 1424 et
769 1361 898 1442 ipsimet
915 1359 1099 1425 beneficiati
1115 1378 1181 1426 non

59 1476 303 1543 interdicantur
319 1483 385 1558 ipso
405 1480 485 1557 sacto
503 1476 546 1542 ab
567 1475 755 1542 exercendo
777 1475 866 1541 dicto
888 1495 1033 1555 munere,
1051 1474 1111 1542 sed
1130 1475 1183 1561 ju·

60 1591 205 1659 beantur
214 1592 256 1658 ab
265 1593 426 1675 Episcopo
433 1589 597 1671 interdici,
608 1598 768 1675 putarunt
774 1592 920 1657 nonnulli
933 1593 1115 1671 canonista,
1128 1609 1184 1658 eos

37 1706 131 1776 'non
153 1708 320 1792 prohiberi
347 1709 408 1773 nisi
432 1709 636 1792 inquantum
655 1708 766 1774 volunt
787 1707 984 1773 heneficium
1009 1708 1182 1775 retinere:

60 1826 143 1909 ipsis
153 1843 275 1906 nempe
290 1823 430 1889 itteram
451 1842 522 1889 esse
541 1824 738 1889 notariatum
757 1841 924 1902 exercere,
948 1823 1046 1891 modo
1060 1822 1185 1891 benefi-

63 1943 117 2008 cio
131 1961 190 2009 suo
203 1942 405 2006 renuntient.
499 2025 502 2031 ,

110 2061 176 2123 lata
187 2075 268 2123 vero
287 2057 368 2139 legis
380 2056 610 2140 interpretatio
635 2074 700 2120 non
712 2054 845 2122 videtur
863 2055 1017 2122 fundata:
1035 2055 1186 2141 probabi-

61 2175 130 2240 lius
145 2173 232 2238 enim
250 2173 356 2238 voluit
372 2173 539 2256 legislator
554 2172 690 2239 clericos
706 2191 819 2238 omues
832 2173 866 2236 in
878 2173 978 2238 sacris
992 2173 1187 2240 constitutos

62 2290 327 2356 atnbellionatus
338 2287 440 2353 officio
454 2289 579 2364 arceri,
608 2289 677 2352 sive
698 2287 895 2354 beneficium
910 2286 1092 2368 haberent,
1118 2290 1187 2357 sive

63 2425 145 2471 non.
165 2407 246 2471 Nam
262 2424 324 2488 per
340 2423 448 2470 sacros
462 2420 614 2482 canones,
630 2411 666 2467 et
686 2421 729 2467 ex
751 2412 912 2486 perpetua
927 2405 1077 2470 Ecclesiae
1093 2404 1188 2472 disci⁴

64 2522 165 2606 plina,
176 2521 355 2603 generatim
364 2519 580 2603 prohibentur
591 2517 713 2596 clerici,
723 2539 764 2584 ne
774 2520 949 2586 militantes
957 2522 1039 2600 Deo,
1051 2522 1189 2606 negotiis

65 2636 276 2704 sacularibus
294 2656 363 2702 sese
392 2637 604 2701 immisceant.
631 2635 777 2701 Officium
804 2643 915 2702 antem
942 2637 1184 2718 tabellionatus,

64 2755 248 2840 presertim
262 2755 296 2818 in
310 2754 415 2818 causis
429 2761 463 2818 et
481 2753 579 2818 curiis
590 2752 1041 2833 saecularibnsexerceudum,
1051 2755 1189 2820 clericos

64 2871 162 2936 nimis
178 2869 317 2934 multum
333 2869 382 2955 (ut
394 2865 495 2953 patet)
510 2867 551 2933 ab
564 2868 717 2950 angelicis
732 2885 844 2932 rernm
857 2868 1189 2936 coelestiumfnnctio-

65 2988 165 3053 mbus
179 2985 373 3063 retraheret,
393 2992 428 3049 et
448 2985 482 3048 in
497 2990 646 3049 terrenas
661 3001 756 3047 curas
775 2990 812 3048 et
832 2981 1065 3049 sollicitudines
1076 2983 1189 3069 injice-

67 3112 134 3172 ret.
154 3102 248 3169 Unde
267 3123 306 3168 ea
328 3102 370 3168 de
384 3119 479 3166 causa
495 3100 679 3166 censendus
697 3107 747 3166 est
764 3100 930 3183 legislator
943 3099 1187 3168 tabellionatum

69 3222 199 3289 clericis
220 3223 255 3287 in
273 3221 371 3285 sacris
389 3218 573 3284 constitutis
596 3216 795 3300 prohibitum
809 3216 960 3282 voluisse.
987 3219 1064 3283 Haec
1077 3207 1188 3285 autem

69 3337 157 3404 ratio
170 3345 238 3402 tam
256 3354 334 3418 erga
348 3333 509 3400 beneficio
529 3339 689 3411 carentes,
704 3351 800 3417 quam
814 3350 892 3415 erga
905 3332 1113 3400 beneficiatos
1125 3336 1188 3402 cle·

69 3456 159 3522 riecs
170 3454 270 3519 ualet.
290 3453 374 3535 Ergo
387 3449 466 3515 dum
480 3447 576 3514 addit
592 3448 759 3532 legislator
779 3446 885 3526 dictos
902 3449 1038 3516 clericos
1051 3471 1070 3516 a
1081 3451 1188 3518 tabel-

68 3573 195 3639 lionatu
210 3587 282 3634 esse
295 3566 455 3632 arcendos
468 3586 521 3648 per
532 3565 739 3644 beneficiorum
749 3568 989 3645 subtractionem,
1005 3566 1188 3634 censendus

69 3696 123 3756 est
134 3685 292 3752 indicasse
311 3684 398 3762 ,hanc
414 3701 544 3766 poenam
558 3682 733 3764 specialem
749 3679 857 3764 quoad
871 3681 1096 3765 beneficiat0s;
1114 3684 1187 3750 nul·

68 3805 199 3872 latenas
215 3809 325 3866 autem
343 3798 591 3882 prohibitionem
607 3796 650 3861 ad
666 3797 753 3879 ipsos
773 3796 993 3880 restrinxisse3
1012 3795 1072 3862 sed
1086 3796 1188 3863 bene-

69 3921 145 3988 ficio
157 3924 306 3983 carentes
321 3915 455 3980 clericos
471 3914 639 3998 reliquisse
651 3912 809 3995 Episcopo
824 3931 885 3994 per
901 3913 979 3976 alias
991 3931 1104 3994 poeuas
1116 3912 1187 3980 ido·

70 4053 150 4102 neas
165 4030 374 4109 coercendos,
390 4030 450 4095 nisi
461 4029 682 4095 tabellionatui
694 4027 894 4092 renuntient.
908 4026 1012 4108 Quam
1023 4035 1134 4095 autem
1147 4038 1187 4096 ut

70 4150 323 4238 probabiliorem
337 4146 545 4212 defendimus
559 4144 763 4222 sententiam,
780 4143 911 4208 omnino
925 4144 1128 4226 amplexatus
1136 4153 1187 4212 est

73 4272 265 4354 Fagnauns:
285 4287 302 4327 c
319 4264 386 4348 llgo
396 4262 551 4340 arbitror,
572 4261 688 4347 inquit,
706 4261 740 4324 iu
752 4259 1122 4328 hocarticulononesse
1133 4263 1188 4330 fa-

76 4410 93 4451 a
109 4381 262 4452 ciendam
278 4382 355 4459 vim,
373 4398 414 4446 an
429 4380 567 4447 clericus
580 4379 614 4445 in
631 4376 729 4445 sacris
744 4369 864 4444 habeat
885 4384 1075 4464 competens
1088 4379 1189 4451 bene-
