2714 4980
181 309 248 376 tac
352 287 353 290 ¹
530 319 719 372 moranus
740 323 785 371 uu
805 319 956 371 runicus.

184 449 318 518 citium:
335 467 413 534 ergo
429 445 560 534 dejure
582 449 746 515 commati
764 454 801 514 et
822 449 857 515 in
878 445 1013 515 'coeteris
1037 447 1160 524 carnia
1182 446 1300 512 cleric'a

184 567 284 635 etium
310 567 475 633 minorum
493 564 644 633 ordinum
660 564 823 650 ejusmodi
836 561 978 632 officium
992 562 1213 631 interdictum
1228 581 1299 630 ceu·

184 682 323 753 tendum
339 670 402 750 est}
483 696 490 706 ·
983 665 984 668 ¹

230 797 389 866 Addimus
403 798 464 864 sub
479 796 539 865 bac
553 798 770 882 prohibitione
784 797 866 883 juris
879 797 1062 892 communis
1075 794 1303 881 comprehendi

185 914 323 982 clericm
352 913 515 980 minorum
542 913 693 981 ordinum
720 915 846 980 etiamsi
872 911 1032 981 beneficio
1055 918 1205 978 careant.
1230 911 1304 994 Quia

185 1029 266 1097 dum
281 1031 388 1116 aliqua
401 1030 577 1114 probibitio
595 1038 646 1097 est
660 1031 829 1114 generalis,
850 1050 916 1097 non
934 1029 1038 1095 debet
1053 1029 1230 1112 restringi,
1252 1027 1304 1092 nisi

185 1145 228 1213 de
244 1145 331 1211 facta
343 1146 549 1212 restrictione
570 1165 629 1212 seu
651 1146 846 1229 exceptione
865 1152 958 1210 certo
973 1149 1131 1209 constet:
1153 1141 1244 1228 quod
1257 1161 1304 1206 au-

185 1269 255 1330 tem
284 1261 397 1327 elerici
420 1261 581 1327 minorum
597 1260 750 1327 ordinum
765 1261 822 1346 qui
838 1259 998 1328 beneficio
1023 1266 1153 1337 carent,
1181 1257 1224 1325 ob
1243 1276 1304 1323 ean

186 1375 346 1444 rationem
359 1395 425 1441 non
436 1375 758 1460 comprehendantur
777 1377 838 1442 snb
857 1375 1001 1460 generali
1010 1374 1238 1458 prohibitione
1249 1391 1305 1439 uon

187 1489 366 1587 exercendi
379 1493 570 1569 notariatus,
587 1512 629 1558 ex
644 1493 734 1558 nulla
743 1490 828 1575 juris
843 1492 926 1558 sacri
939 1490 1162 1574 dispositione
1176 1496 1302 1559 constat.

188 1606 284 1674 Unde
303 1607 486 1691 excipiendi
502 1608 674 1675 dumtaxat
688 1608 845 1675 videntur
858 1609 883 1674 ii
895 1609 1060 1675 minorum
1083 1606 1242 1673 ordinum
1253 1606 1305 1673 cle

188 1723 260 1802 rici,
277 1724 334 1810 qui
346 1724 478 1790 aliunde
493 1723 581 1791 unde
598 1732 861 1791 sustentarentur
875 1743 940 1791 nou
957 1723 1143 1808 habereut3
1162 1723 1240 1807 quia
1251 1723 1304 1787 hac

189 1843 275 1909 ratio
301 1861 343 1908 ex
365 1848 512 1925 egestate
529 1840 703 1924 desumpta
723 1841 758 1905 in
778 1838 854 1923 jure
881 1838 1063 1918 fundatur,
1093 1846 1134 1905 ut
1157 1835 1305 1906 medodi

190 1975 311 2025 cemus.

236 2074 356 2142 lisdem
372 2074 444 2140 tere
461 2073 641 2141 redonibus
656 2072 894 2139 conclusionem
916 2078 1062 2138 nostram
1091 2070 1305 2155 probaritla

191 2208 318 2276 gnanus
345 2190 409 2257 boc
425 2189 524 2255 modo
545 2210 552 2255 :
578 2191 678 2272 «ligo
700 2208 779 2257 vero
795 2189 942 2256 existimo
961 2187 1045 2253 hanc
1064 2186 1305 2270 prohibitionem

199 2329 216 2369 u
232 2305 367 2374 extendi
374 2305 417 2373 ad
425 2324 538 2374 omues
544 2307 680 2373 clericos
689 2307 788 2373 etiam
794 2307 955 2372 minorum
964 2299 1306 2380 ordinum,dummodo

199 2445 217 2484 u
235 2442 276 2489 ex
294 2421 453 2490 beneficio
476 2422 530 2489 vel
545 2422 740 2506 patrimonio
763 2419 1004 2488 habeantnudc
1018 2418 1199 2487 commode
1212 2421 1306 2485 virere

200 2538 371 2621 «possint.
398 2541 795 2622 Moveor...'pertextum
816 2537 852 2602 in
875 2536 979 2618 capite
1001 2539 1044 2602 Ut
1053 2532 1307 2618 officium...,-nli

202 2675 219 2715 o
235 2651 427 2738 indulgetur
441 2652 566 2719 clericis
580 2653 712 2718 ettomin
726 2653 834 2731 sacris,
849 2653 933 2717 utin
943 2669 1039 2717 causa
1050 2650 1191 2718 barecis
1204 2649 1308 2736 pumat

203 2769 464 2835 tabellionatus
481 2768 625 2835 officinm
636 2786 805 2835 exercerc.
823 2766 973 2835 Pondere
983 2765 1308 2834 illamdietionemim

204 2909 222 2948 a
239 2886 425 2970 plicativam
446 2891 550 2965 ettam,
568 2903 640 2969 quae
660 2883 805 2951 ostendit
827 2880 1011 2968 hujusmodi
1031 2881 1204 2948 indultum
1226 2882 1308 2948 fuisse

205 3019 426 3068 «concessum
445 3002 543 3066 etiam
561 3000 687 3067 clericis
701 3000 864 3066 minorum
879 2997 1054 3082 ordinnm3
1083 3017 1168 3083 ergo
1193 2999 1310 3065 circum

208 3101 363 3202 «scapo
380 3116 521 3196 inuno,
536 3115 572 3183 aa
590 3117 636 3182 eu
651 3124 724 3182 erat
737 3116 954 3199 prouectum
982 3115 1129 3200 alioquin
1154 3115 1311 3181 nunno

209 3261 225 3296 o
246 3237 331 3302 rium
347 3235 463 3302 fuisset
487 3233 669 3301 concedere
693 3232 784 3318 quod
804 3233 852 3299 eis
869 3241 941 3299 erat
956 3234 1155 3316 permissum
1177 3232 1310 3332 ajuro...

209 3375 226 3414 o
242 3354 328 3418 Item
352 3352 380 3416 si
402 3352 542 3434 speciale
562 3358 613 3416 est
638 3350 751 3417 favore
780 3348 870 3427 fidei,
898 3357 937 3415 ut
957 3349 1069 3415 clerici
1093 3351 1129 3415 iu
1152 3347 1313 3416 minoribus

210 3491 227 3531 u
244 3469 370 3552 possint
378 3468 427 3535 uti
437 3467 661 3546 tabellionatu,
676 3467 796 3550 crgoin
807 3466 876 3533 aliis
890 3485 955 3532 non
969 3472 1117 3548 possunt.
1133 3487 1152 3528 a
1171 3466 1220 3553 (Iu
1231 3465 1313 3547 eaput

209 3591 293 3654 Sicut
312 3593 351 3666 tc,
372 3584 426 3650 tit.
447 3586 598 3650 Nectarici
612 3585 865 3664 columbatur.
880 3579 949 3666 27.)

253 3702 451 3768 Puerosinio
463 3701 532 3767 ΙΨ.
543 3736 589 3749 ··-
604 3702 764 3780 Relipioais
774 3705 897 3780 iustum
906 3703 1080 3762 notariatus
1094 3699 1232 3779 officium
1244 3713 1315 3778 rapt

210 3823 318 3885 leuiter
326 3819 511 3900 prohibitum
529 3823 585 3879 cst.
600 3852 646 3865 --
657 3816 845 3882 Eruiturex
856 3812 955 3880 modo
971 3814 1071 3879 eitato
1082 3815 1191 3898 capite
1211 3810 1316 3892 lltoffi·

209 3941 288 4000 anm
307 3935 374 4020 (ll,
394 3930 481 3998 tituli
497 3934 528 4010 2,
553 3931 629 3997 libri
645 3933 677 4009 5,
694 3931 729 3997 in
746 3927 792 4015 6),
809 3932 924 4014 inquo
942 3930 1093 3995 Clemens
1105 3931 1153 3995 tv
1174 3925 1316 4012 religiosis

210 4069 272 4136 per
300 4049 435 4117 modum
455 4048 656 4131 exceptionis
681 4055 716 4114 et
739 4047 902 4130 privilegii
924 4045 1088 4112 concedit
1101 4046 1316 4112 tabellionatus

211 4168 394 4250 exercitum
407 4166 440 4230 in
455 4171 546 4231 certa
560 4162 699 4248 quadam
714 4181 883 4230 causarum
897 4163 1018 4246 specie.
1037 4163 1121 4228 Gum
1135 4164 1221 4228 enim
1235 4176 1315 4226 exce·

211 4284 281 4366 ptio
295 4281 465 4348 confirmet
486 4280 645 4363 regulam,
661 4279 812 4364 seqnitur
826 4288 919 4347 extra
937 4297 1048 4346 casum
1068 4279 1216 4362 specialis
1230 4274 1315 4361 priri

210 4397 289 4483 legii
304 4416 436 4465 munere
450 4396 484 4477 id
495 4395 589 4477 officii
600 4396 757 4478 religiosis
765 4393 988 4472 interdictum,
1003 4395 1045 4464 llt
1057 4395 1104 4463 itu
1115 4392 1314 4463 cummuniter
