2714 4980
119 313 183 376 520
450 327 638 378 morawa
661 328 705 377 nn
728 327 877 376 runicus.

117 449 306 518 inhibitione
319 468 402 536 opus
414 457 486 536 est3
500 451 577 537 qnia
587 456 668 518 tnnc
678 452 750 536 ipso
761 449 850 518 iacto
859 451 1008 538 ligantur
1017 450 1141 538 judicis
1154 472 1233 535 oqao

118 586 244 633 manus.

163 682 195 747 Si
210 698 291 747 vero
303 680 442 766 jadera
462 700 528 768 qno
543 682 751 769 appellationi
765 701 829 750 non
844 682 990 762 deferat,
1011 689 1127 768 potest
1142 691 1176 749 et
1192 703 1237 748 so

116 798 165 864 let
176 796 325 863 vicarius
338 792 497 880 generalis
506 797 759 881 hrchiepiscopi,
777 799 1031 882 appellationem
1044 818 1065 864 a
1078 797 1238 864 definitiva

117 912 290 996 recipiens,
311 911 365 977 rei
382 910 424 977 ab
441 911 686 978 interlocutoria
703 919 760 978 ant
780 913 964 997 gravamine
992 912 1082 979 hene
1103 911 1238 997 appella-

116 1031 188 1094 tum
206 1027 304 1093 fuisse
320 1026 542 1110 pronuntians,
559 1028 769 1093 inhibitionem
785 1025 895 1094 facere
908 1027 1000 1094 dicto
1014 1027 1124 1112 judici
1141 1049 1161 1092 a
1183 1049 1233 1110 qao

118 1164 160 1210 ne
179 1143 268 1209 ultra
280 1143 313 1206 in
329 1161 426 1208 causa
441 1140 609 1225 procedat.

163 1261 199 1324 6⁰
221 1257 270 1324 An
296 1259 397 1342 possit
416 1259 565 1324 Vicarins
581 1256 841 1343 Amffiepiacopi,
869 1257 1067 1341 praedictam
1085 1258 1238 1328 inhibitio

119 1394 194 1440 nem
209 1373 319 1440 facere
329 1375 477 1455 subpono
490 1378 822 1438 recommendationis?
835 1373 1234 1459 Respondeturnegative.

122 1512 139 1552 a
152 1489 247 1557 Ratio
261 1495 310 1554 est
323 1487 399 1573 quia
408 1489 555 1553 Vicarius
564 1488 805 1574 Archiepiscopi
816 1509 880 1555 non
889 1495 1000 1573 potest
1012 1490 1106 1557 ferre
1118 1499 1237 1557 senten·

121 1605 245 1682 «tiam,
261 1603 316 1669 rel
328 1621 485 1669 exercere
502 1601 773 1687 jurisdictionem,
791 1604 846 1670 vel
859 1605 1073 1688 promulgare
1093 1625 1237 1672 censuras

122 1719 390 1785 aecclesiasticas
409 1717 443 1783 in
467 1718 701 1803 suffraganeos,
726 1726 873 1784 eaisteote
895 1726 929 1785 in
949 1726 1116 1802 provincio
1141 1723 1237 1786 Arcti

122 1858 140 1896 a
154 1840 288 1916 giacopo
301 1833 384 1920 (cap.
396 1837 427 1912 l,
440 1835 477 1897 de
486 1834 590 1914 officio
600 1836 715 1912 ordia,
724 1833 759 1898 in
769 1832 802 1918 6)
816 1856 823 1900 :
838 1833 928 1920 quod
940 1835 1096 1918 procedit
1107 1843 1236 1920 propter

123 1948 377 2014 «reverentiam
396 1946 561 2031 dignitatis
574 1949 774 2033 episcopalis.
806 1949 870 2015 Sed
884 1949 1089 2037 ¹intelligitur
1110 1950 1153 2017 de
1171 1971 1236 2017 sen·

124 2088 141 2127 a
156 2065 258 2156 tentia
276 2062 444 2130 definitiva
457 2081 689 2143 censurarum,
704 2072 739 2131 et
754 2084 820 2130 non
834 2065 963 2151 quando
984 2067 1136 2132 Vicarius
1147 2086 1235 2152 gene·

125 2204 142 2243 «
158 2179 234 2246 mlis
253 2179 522 2263 Metropolitanus
543 2179 708 2247 inhiberet
733 2182 795 2247 sab
818 2199 915 2265 poena
941 2184 1165 2267 suspensionis
1184 2203 1235 2251 seu

125 2318 142 2358 a
156 2293 364 2360 interdicti.»
387 2294 586 2380 (Pellegrini
605 2295 679 2361 loco
692 2297 762 2375 cit,
779 2317 812 2362 n.
830 2295 901 2382 ii.)

167 2412 244 2475 Haec
260 2411 380 2476 cursim
394 2409 553 2475 adnotare
566 2411 738 2491 voluimus,
752 2413 944 2496 paucissima
955 2432 998 2479 ex
1013 2413 1164 2498 plurimis
1174 2432 1235 2499 quae

123 2526 167 2593 ad
180 2525 350 2608 praesentis
371 2526 485 2608 capitis
499 2525 668 2591 materiam
680 2528 896 2610 pertinerent.
916 2529 964 2594 Ne
976 2528 1106 2595 scilicet
1116 2536 1235 2605 caetera,

125 2641 265 2725 propriis
279 2638 423 2719 sedibus,
441 2641 558 2707 sivein
573 2640 645 2719 hoc,
663 2641 772 2708 sivein
786 2643 856 2708 aliis
865 2643 1063 2709 tractatibus
1075 2645 1235 2720 collocata,

125 2756 285 2822 inutiliter
299 2761 541 2839 repeterentur.

528 3421 612 3469 1⁴³1le
632 3421 715 3470 Tomi
737 3421 862 3468 sitisti:
