2714 4980
459 342 463 349 -
555 315 795 371 rsasrarrm„
839 338 843 344 -
1155 301 1213 363 22!

104 440 176 505 «ud
189 438 454 524 respondendum
468 447 503 504 et
513 437 799 504 contradicendum
812 439 895 503 sicut
906 446 1099 523 procurator
1109 460 1116 522 3
1128 436 1219 504 ideo·

102 574 200 641 aque
224 554 387 662 sufficisssi
409 554 567 620 confessio
588 552 739 619 advocati
762 561 894 636 aparte
918 559 1104 630 revocetur,
1122 553 1219 618 etiam
1254 626 1257 632 ,

104 692 202 738 «non
217 672 357 755 allegato
371 679 405 736 et
418 671 555 755 probato
567 689 715 737 errore.»
735 669 907 755 (Pirrhing,
920 671 954 735 in
967 671 1018 734 tit.
1032 672 1086 747 38,
1107 669 1182 734 libri
1201 674 1211 734 1

101 786 331 863 decretalium,
350 807 384 852 n.
402 784 471 870 82.)
1280 775 1283 783 '

96 954 102 962 .
152 904 205 968 16.
223 905 271 967 Ex
285 899 438 966 mandato
453 901 676 984 procuratorio
694 901 799 965 oritur
814 901 898 965 actio
920 899 1044 964 directa
1063 897 1216 977 mandati,

101 1037 175 1103 quae
197 1017 295 1081 datur
315 1016 446 1082 domino
467 1024 579 1080 contra
597 1021 855 1099 procuratorem,
867 1022 905 1078 ut
924 1015 1082 1079 rationem
1100 1013 1220 1080 reddat

100 1133 247 1198 omnium
259 1150 330 1217 quar
345 1132 454 1214 gessit,
472 1136 507 1195 et
518 1131 669 1196 restituat
684 1149 755 1215 que
772 1150 813 1195 cx
826 1149 940 1195 resen
953 1129 1010 1194 lite
1028 1134 1220 1195 consecutus

103 1256 165 1326 est,
177 1249 247 1313 sive
262 1246 350 1331 juste
367 1247 434 1312 sive
446 1245 565 1330 injuste
580 1246 664 1332 (lege
679 1251 739 1326 Qui
748 1253 872 1328 proprio
885 1247 940 1322 46,
956 1251 1165 1326 §procuratum
1182 1245 1216 1313 d.

102 1360 431 1446 deProcurotorttu-sl:
447 1363 527 1426 item
545 1369 583 1426 ut
597 1380 692 1426 omne
706 1359 872 1437 damnum,
885 1380 947 1445 per
959 1360 1072 1426 dolum
1085 1361 1140 1427 vel
1155 1362 1221 1429 cul·

102 1497 178 1562 pam
195 1466 257 1543 seu
273 1477 501 1561 negligentiam
520 1476 740 1559 procuratoris
761 1475 892 1541 domino
912 1475 1048 1554 illatum,
1067 1495 1219 1560 compen·

102 1601 205 1659 cetur.
227 1594 324 1680 (Lege
343 1598 426 1658 Licet
443 1595 498 1670 42,
518 1598 534 1670 5
557 1613 593 1656 ec
615 1595 770 1674 obligatio,
789 1591 822 1657 ff.
839 1595 877 1656 de
894 1595 1154 1659 Procuratoribus.
1171 1629 1218 1644 -

101 1709 186 1794 Lege
203 1714 431 1774 Procuratorem
453 1712 504 1787 ll,
522 1715 556 1774 et
574 1709 647 1792 lege
665 1730 684 1771 a
704 1713 904 1774 Procuratorc
923 1712 974 1786 13,
996 1728 1026 1774 c.
1049 1711 1215 1794 daudati..)

101 1824 133 1890 Si
146 1843 226 1889 vero
241 1833 435 1907 procurator
448 1823 573 1890 dictum
586 1823 737 1889 damnum
750 1842 958 1907 compensare
971 1825 1093 1908 nequit,
1107 1843 1218 1893 conce·

101 1939 211 2006 dendo
235 1946 286 2006 est
307 1939 439 2007 domino
460 1940 625 2006 restitutio
645 1940 679 2003 in
698 1939 873 2022 integrum,
891 1938 995 2004 idest
1015 1939 1151 2005 facultas
1173 1940 1215 2006 de

102 2071 197 2120 causa
208 2053 352 2139 judicata·
366 2057 486 2121 iterum
501 2052 658 2137 litigandi,
674 2051 791 2119 eodem
803 2052 902 2120 modo
914 2072 952 2120 ac
967 2055 994 2119 si
1008 2053 1153 2121 nondum
1164 2054 1216 2140 ju·

100 2168 206 2236 dicata
220 2171 354 2254 fuisset3
370 2170 512 2236 infertur
525 2170 559 2235 id
573 2170 700 2253 exlege
718 2172 880 2252 Eleganter
889 2170 932 2256 (7,
950 2171 983 2236 ff.
994 2175 1031 2236 de
1045 2169 1145 2255 Dolo).

141 2288 225 2354 Hinc
242 2287 331 2364 licet,
352 2294 506 2370 utsupra
526 2285 650 2351 dictum
671 2291 732 2362 est,
756 2283 889 2351 domino
908 2285 1101 2370 prejudicat
1120 2287 1215 2370 culpa

101 2410 135 2468 et
147 2402 346 2485 negligentia
361 2401 591 2484 procuratoris,
611 2400 657 2466 ita
668 2407 707 2464 ut
715 2400 749 2463 in
761 2398 882 2483 judicio
895 2399 1105 2467 condemnari
1115 2402 1215 2484 possit

100 2515 142 2582 ad
156 2515 349 2582 solvendum
365 2515 401 2581 id
415 2513 505 2600 quod
517 2515 613 2597 culpa
625 2515 847 2598 procuratoris
862 2515 1050 2598 neglectum
1064 2524 1116 2581 est
1128 2517 1214 2603 (quia

99 2631 161 2697 sibi
180 2633 342 2715 imputare
372 2630 472 2697 debet
501 2629 649 2697 dominus
674 2629 762 2714 quod
780 2631 999 2713 negligentem
1022 2640 1214 2714 procurato-

99 2766 169 2814 rem
186 2746 537 2831 constituerit);tamen
552 2750 787 2830 peractionem
801 2745 944 2813 mandati
961 2747 1002 2813 ab
1018 2767 1059 2813 eo
1077 2767 1214 2833 recupe—

98 2880 173 2929 rare
193 2870 303 2946 potest
317 2862 465 2929 dominus
479 2861 595 2928 damna
608 2869 643 2927 et
655 2861 824 2927 interesse.

144 2984 197 3046 17.
224 2979 370 3043 Vicissim
382 2985 575 3060 procurator
588 2979 655 3042 sive
673 2977 798 3041 Actoris
809 2978 877 3042 sive
891 2978 966 3054 Rei,
984 2985 1098 3043 contra
1111 2977 1213 3045 domi⁴

99 3112 174 3158 num
189 3093 289 3158 habet
307 3092 450 3157 mandati
464 3094 633 3169 actionem,
649 3091 691 3157 ad
705 3091 902 3174 repetendas
917 3111 1028 3157 omnes
1040 3112 1208 3176 expensas,

98 3227 177 3294 qum
197 3208 364 3274 occasione
383 3206 526 3272 mandati
543 3192 601 3272 seu
622 3207 743 3290 negotii
760 3207 823 3272 sibi
849 3208 1007 3274 commissi
1032 3207 1117 3273 bona
1142 3205 1209 3274 fide

99 3323 185 3391 iecit.
215 3324 351 3389 constat
373 3330 445 3388 tum
468 3321 542 3407 jure
569 3323 711 3388 Romano
736 3321 823 3408 (vide
848 3330 959 3388 textus
982 3324 1098 3391 citatos
1121 3323 1210 3407 apud

98 3437 265 3521 Pirrhing,
285 3437 325 3501 in·
333 3439 384 3503 tit.
402 3440 456 3515 38,
473 3437 548 3503 libri
565 3441 577 3502 l
602 3436 743 3516 decret,
761 3457 794 3502 n.
815 3437 883 3521 85),
898 3446 970 3503 tum
985 3436 1142 3505 decretali
1156 3441 1208 3504 In-

97 3554 238 3619 nocentii
255 3552 304 3618 IlI
320 3553 367 3617 sic
381 3551 586 3618 decernentis
604 3575 610 3618 :
632 3557 811 3617 uaeramus
829 3561 974 3635 quotenus
995 3575 1140 3638 expensus
1157 3575 1209 3618 cr-

96 3671 267 3735 didiuccrw
280 3674 401 3731 restitue·
411 3670 545 3748 faciatis,
560 3675 588 3730 sr‘
603 3671 735 3748 legitime
744 3671 873 3749 probare
882 3675 1017 3750 potuerit
1031 3690 1062 3732 se
1074 3673 1112 3733 de
1124 3689 1210 3732 marr

96 3786 162 3851 dato
181 3785 312 3866 capitali
333 3789 492 3864 suscepisse
507 3786 656 3864 pecata
678 3789 798 3863 repotia
809 3783 1024 3864 promovenda,
1044 3791 1075 3846 et
1083 3791 1209 3865 propter

95 3900 141 3969 loc
162 3905 207 3967 cd
230 3904 337 3966 Sedent
357 3903 556 3983 Apostottcam
578 3906 732 3963 accessisse
757 3899 873 3986 (cupite
897 3902 971 3962 Cum
987 3919 1044 3980 pro
1059 3918 1150 3963 causa
1172 3901 1204 3979 6,

95 4016 247 4095 trulias,
263 4015 339 4082 libri
359 4019 369 4081 1
392 4013 632 4098 decretalium).
