2714 4980
126 291 171 357 itt
474 300 664 355 moranus
684 303 730 353 ns
750 300 899 355 tuntum.

129 459 144 487 α
159 431 261 501 solam
270 427 479 501 donatiouem
486 430 732 514 imperatorum,
741 430 840 498 etiam
847 425 892 499 de
901 427 1246 518 aliisclericissummo

129 545 304 613 «Pontifici
322 543 541 624 inferioribus,
558 545 737 630 peruiciosa
752 552 804 612 est
821 550 856 613 et
869 545 1000 617 minime
1015 542 1245 629 praeadditus

129 692 143 719 c
156 662 198 730 de
217 663 349 729 Summo
364 669 474 727 'autem
489 660 660 742 Pontifice,
684 662 816 728 omnino
831 658 1039 746 reprobanda
1053 665 1089 727 et
1110 659 1243 727 minime

128 806 143 834 a
154 776 325 845 toleranda
335 785 396 844 est.
410 805 425 834 a
441 777 591 865 (Defensio
604 777 990 859 anathemaremur.
1005 777 1106 858 sect,
1120 794 1196 860 cap.
1208 775 1239 855 t,

122 915 157 961 n.
167 892 214 980 2.)
226 898 260 961 2⁰
269 892 396 961 Ibidem
406 893 594 978 probamus,
604 892 723 960 dictam
732 893 928 978 opinionem,
937 910 1008 980 quae
1018 892 1173 960 clericale
1183 889 1245 958 fori

122 1011 331 1098 privilegium
353 1030 372 1076 a
393 1010 461 1076 sola
476 1011 712 1095 imperatorum
731 1010 937 1078 concessione
957 1009 1092 1093 repetit,
1106 1007 1173 1075 etsi
1187 1027 1242 1076 ue-

123 1136 222 1216 queat
234 1125 564 1212 censuratheologica
572 1127 707 1210 percelli
716 1125 766 1215 (eo
776 1124 866 1213 quod
873 1125 1021 1193 nonnulli
1032 1123 1154 1193 scholae
1168 1124 1241 1194 doo-

121 1252 213 1312 tores
230 1245 262 1311 ei
274 1244 530 1328 patrocinentur,
548 1249 583 1311 et
596 1241 743 1311 noudum
757 1261 910 1328 expresse
927 1242 969 1309 ab
986 1241 1134 1309 Ecclesia
1153 1241 1242 1310 dam·

121 1371 198 1430 nata
221 1359 348 1447 fuerit),
367 1380 437 1428 esse
461 1368 572 1429 tamen
598 1362 727 1429 omnino
751 1361 875 1440 famam,
901 1360 1117 1445 perniciosam
1143 1351 1194 1448 (1)
1209 1366 1243 1426 et

122 1473 357 1560 deserendam;
371 1493 483 1542 veram
497 1484 607 1542 autem
618 1475 653 1540 in
667 1473 727 1541 hac
740 1493 777 1542 re
789 1493 859 1541 esse
876 1473 1068 1552 doctrinam,
1084 1491 1159 1560 quae
1170 1471 1241 1558 jure

122 1590 235 1672 divino
257 1610 277 1659 a
296 1597 459 1675 potestate
477 1590 622 1661 seculari
646 1599 814 1676 exemptos
830 1591 865 1657 in
882 1591 985 1659 causis
1004 1589 1242 1674 temporalibus

121 1707 258 1779 daucos
271 1707 432 1791 defendit.
452 1710 501 1779 Ne
512 1728 590 1794 argo
607 1708 657 1783 tis
672 1707 790 1778 eadem
803 1707 838 1779 in
848 1707 966 1777 nostris
984 1705 1243 1777 institutionibus

122 1833 309 1907 occurrant,
326 1826 369 1894 ad
382 1827 517 1895 citatum
527 1835 705 1905 tractatum
720 1834 869 1900 nocuum
882 1826 1107 1913 gramaticam
1119 1824 1242 1897 hancce

122 1944 336 2031 questionem
350 1945 560 2017 remittimus,
1091 1967 1093 1971 ’

585 2231 719 2302 CAPUT
736 2237 775 2302 V.

122 2486 167 2585 ou
179 2531 291 2587 oaosrs
309 2533 559 2591 anmomumus
573 2535 647 2599 oca
661 2535 707 2587 au
728 2534 842 2589 ronna
864 2532 1147 2592 acccusrssrrcuu
1167 2533 1242 2587 rm·

231 2648 352 2704 muana
367 2613 510 2705 asmona
525 2651 754 2706 uucurcmrm
766 2652 949 2706 morosum
964 2651 1105 2705 mnrcrs.

124 2954 132 2982 =‘
163 2943 362 3015 Prorosmo
375 2943 415 3011 1¹.
431 2979 479 2995 ·-
492 2946 529 3011 st
536 2947 691 3030 justitiam
704 2944 919 3009 administrare
933 2943 1070 3026 ereptioni
1083 2942 1239 3009 semideis

115 3065 260 3144 potestas,
277 3078 380 3140 conso,
399 3059 469 3126 iicet
480 3079 560 3125 orere
571 3059 755 3144 temporalis,
777 3056 819 3123 od
832 3062 933 3141 [crum
948 3058 1185 3125 ecclesiasticum
1197 3056 1239 3124 ie·

117 3179 223 3259 citime
244 3176 391 3256 defotoa
408 3211 456 3228 -
472 3174 523 3242 Ita
541 3176 713 3245 canonista
735 3175 953 3242 communiter
968 3172 1050 3242 dum
1075 3174 1241 3261 iuterpre

116 3295 230 3355 tantur
253 3288 455 3361 decretalem
480 3295 564 3356 Licet
583 3291 768 3364 Innocentii
786 3291 836 3361 III
860 3290 980 3380 (capite
1010 3292 1070 3370 10,
1094 3288 1187 3358 tituli
1201 3291 1237 3368 2,

116 3403 230 3471 libris
250 3401 491 3496 decretalium).
515 3404 677 3478 Probatur
702 3413 814 3473 autem
836 3409 869 3472 1⁰
888 3424 930 3472 er
950 3403 1040 3477 dicta
1060 3403 1238 3486 decretali,

116 3537 178 3587 seu
195 3540 237 3591 ex
247 3540 286 3588 eo
301 3522 391 3611 quod
405 3523 566 3602 Ecclesia,
583 3540 654 3611 qua
671 3540 733 3607 per
746 3521 948 3613 disciplinam
960 3541 1053 3617 suem
1072 3523 1242 3595 universa·

116 3638 183 3732 lem
196 3635 275 3705 nihil
288 3635 472 3706 indebitum
485 3636 548 3708 sibi
557 3637 705 3708 tribuere
725 3643 846 3725 potest,
864 3635 948 3708 hauc
962 3655 1083 3705 revera
1095 3642 1243 3725 potesta·

116 3759 187 3821 tem
206 3752 269 3822 sibi
293 3752 336 3822 de
359 3752 449 3821 iacto
473 3752 620 3823 vindicet
643 3772 704 3845 per
727 3751 811 3822 illud
834 3751 1010 3823 decretum
1034 3752 1126 3823 inter
1151 3752 1244 3841 leges

153 4030 190 4097 (l)
205 4032 285 4082 Potest
297 4029 376 4096 niqra
388 4031 534 4098 propositio,
548 4030 605 4097 quin
621 4031 667 4094 ipsi
684 4029 735 4084 ulla
751 4030 860 4084 inuratur
876 4044 977 4085 censura
995 4029 1145 4097 theologice,
1163 4031 1244 4098 impu-

117 4125 187 4191 caari
200 4131 311 4189 unquam
323 4126 384 4177 falsa
396 4133 420 4174 et
432 4125 575 4195 perniciosa.
589 4125 694 4189 scriptor
710 4139 802 4195 nempe,
816 4129 857 4194 qui
870 4127 1048 4178 ratiociniorum
1066 4139 1169 4179 suorum
1181 4126 1244 4178 serie

116 4217 212 4269 devenit
224 4217 254 4267 ad
267 4219 328 4269 hauc
340 4217 523 4281 conductorem,
538 4230 599 4283 erpo
612 4217 685 4282 [aba
698 4224 734 4270 est
754 4222 937 4285 aperniciosa
955 4220 1005 4272 illc
1020 4220 1183 4287 propositio,
1196 4231 1243 4272 nou

116 4315 226 4362 amemur
241 4315 320 4361 rotam
339 4309 494 4375 theologicam
511 4311 619 4374 tumore,
644 4311 686 4362 sed
701 4311 822 4365 domarat
842 4313 900 4380 quid
917 4313 969 4379 ipsc
985 4312 1074 4367 sentiat
1086 4315 1239 4380 exprimere,

37 4427 39 4431 ’
116 4404 316 4472 accommodo
329 4405 452 4460 murem
463 4405 582 4458 moute
