2714 4980
24 319 26 322 ·
134 295 195 359 188
464 309 651 361 marsuas
676 309 720 358 nn
745 309 896 359 runicus.

129 451 214 512 suas,
236 433 270 498 in
287 432 399 499 mulus
418 433 535 500 saitem
555 433 659 499 causis
682 431 740 520 (1),
769 431 866 499 alteri
890 433 1100 502 committere
1128 445 1238 522 posset.

128 549 233 635 Atque
261 548 339 616 iude
361 551 426 617 orti
447 558 670 633 procuratores,
692 549 801 628 idest,
821 549 960 616 aliorum
976 552 1121 636 negotia,
1137 573 1238 622 eorum

127 664 200 733 loco
211 672 245 732 et
255 668 396 746 nomine,
411 674 447 734 et
460 686 501 733 ex
515 667 662 751 ipsorum
676 664 840 744 mandato,
860 673 1013 750 gerentes
1027 675 1062 734 et
1077 668 1237 754 expedies

128 787 191 847 tes.

173 897 266 963 Circa
288 895 449 983 ejusmodi
473 907 703 982 procuratores
722 917 870 986 quaeum
891 898 955 965 sint
972 898 1148 986 precipua
1165 898 1231 987 jum

128 1014 273 1082 canonici
286 1013 523 1100 dispositiones,
540 1035 626 1082 nunc
638 1015 870 1101 exponendum
885 1015 1022 1083 ocurrit.

664 1267 720 1344 51.

426 1487 607 1535 Procuratorum
620 1484 724 1536 definitio
736 1492 759 1536 et
769 1485 839 1536 uaria
852 1484 951 1550 species.

173 1728 203 1791 1.
220 1724 253 1789 Si
267 1723 497 1809 etymologiam
513 1723 766 1809 perpendamus,
788 1723 877 1792 idem
897 1743 1012 1793 sonare
1027 1721 1158 1795 'uidetur
1169 1745 1224 1810 pru

124 1851 255 1923 curator,
275 1861 313 1909 ac
322 1864 382 1925 pro
395 1845 457 1906 alio
475 1850 619 1923 carata,-
634 1862 674 1909 eo
690 1842 779 1929 quod
791 1862 909 1928 nempe
925 1863 991 1910 non
1009 1863 1079 1924 sua,
1098 1842 1154 1911 sed
1166 1844 1224 1910 dte

123 1960 190 2026 rius
207 1959 336 2044 negotia
351 1965 458 2026 curet.

167 2077 206 2141 In
221 2074 296 2161 jure
319 2076 464 2143 Romano
480 2077 562 2164 (lege
582 2080 765 2141 Procurator
777 2079 806 2155 l,
823 2075 857 2143 ff.
874 2079 912 2141 de
925 2073 1179 2162 Procurutaritua]
1190 2075 1223 2140 ita

124 2191 304 2259 definitur:
318 2201 499 2276 procurator
512 2200 567 2273 est,
590 2199 643 2275 qui
660 2196 764 2257 alicua
776 2199 896 2276 repotia
910 2196 1054 2258 mamete
1066 2191 1224 2258 domiuiod

123 2315 290 2373 ministrat.
314 2310 440 2375 Fusiori
464 2309 684 2392 descriptione
705 2329 781 2375 eum
800 2329 870 2376 esse
890 2314 1138 2394 procuratorem
1162 2304 1223 2375 dicit

123 2424 413 2510 Schmuizgruebcr
435 2425 481 2512 (in
496 2426 548 2490 tit.
567 2429 623 2506 38,
639 2426 748 2492 libril
771 2425 912 2504 decret,
929 2446 962 2492 n.
984 2423 1027 2512 l),
1052 2455 1067 2482 ι
1088 2422 1223 2514 quiade
1243 2496 1245 2499 ,

55 2617 56 2620 ¹
127 2569 141 2597 α
154 2542 251 2619 mino,
269 2540 368 2606 rebus
383 2541 449 2606 suis
466 2560 637 2624 superesse
649 2560 712 2625 per
727 2543 871 2626 seipsum
884 2561 949 2609 non
964 2543 1097 2610 valente
1111 2543 1163 2610 vel
1176 2556 1224 2607 non

126 2687 141 2715 a
155 2659 297 2737 volente,
316 2658 539 2737 constituitur,
558 2666 596 2724 ut
613 2660 715 2744 ipsius
732 2660 875 2726 absentis
893 2661 1040 2744 negotia,
1070 2681 1171 2728 unum
1182 2654 1223 2723 rel

127 2805 141 2831 κ
154 2775 259 2859 plura,
275 2776 439 2842 autetiam
451 2791 566 2840 eorum
582 2776 840 2855 universitatem,
854 2777 889 2841 in
902 2782 958 2843 aut
969 2784 1064 2843 extra
1072 2776 1221 2863 judicium,

126 2922 140 2947 «
156 2892 210 2958 vel
229 2892 416 2977 utrobique,
441 2890 646 2974 expedienda
665 2891 930 2977 perficiendaque
952 2891 1170 2958 administret.
1187 2887 1224 2955 la

126 3007 261 3095 «quoad
272 3027 402 3075 sensum
419 3009 572 3075 doctores
590 3010 817 3076 communiter.
845 3037 859 3065 »ι

165 3127 246 3192 Hinc
269 3134 361 3211 patet
382 3125 546 3211 quomodo
565 3131 760 3209 procurator
774 3127 815 3192 ab
832 3125 993 3193 advocato
1012 3124 1153 3192 differat.
1175 3116 1223 3191 At·

121 3250 257 3311 vocatus
272 3245 358 3308 enim
371 3261 436 3309 non
451 3244 517 3328 agit
532 3244 601 3327 ipse
614 3263 672 3309 seu
687 3243 890 3310 administrat
899 3244 1083 3329 negotium3
1103 3243 1223 3311 sedtan·

119 3367 191 3426 tum
204 3359 333 3427 domino
345 3361 398 3428 vel
409 3361 509 3446 ipsius
522 3363 730 3446 procuratori
741 3362 774 3426 in
786 3360 907 3448 judicio
919 3362 1028 3446 agenti
1043 3363 1219 3428 auxiliatur:

120 3478 151 3544 ei
163 3497 282 3563 nempe
300 3479 408 3545 verbis
421 3479 475 3545 vel
485 3480 612 3564 scriptis
624 3478 780 3566 Juvamen
793 3485 936 3562 praestat.
956 3477 1052 3561 Quod
1065 3478 1221 3545 discrimen

118 3603 210 3681 patet
229 3598 393 3680 praecipue
414 3597 448 3661 in
470 3596 665 3681 peragendis
691 3596 819 3662 actibus
846 3618 852 3662 :
878 3616 952 3661 nam
970 3597 996 3661 si
1016 3595 1219 3682 juramentum

118 3715 278 3799 exigatur,
309 3714 392 3780 illud
417 3733 481 3779 non
504 3715 545 3780 ab
570 3713 742 3792 advocato,
770 3713 903 3781 sedvel
925 3733 943 3778 a
965 3713 1098 3780 domino
1122 3713 1173 3780 vel
1188 3704 1219 3773 ab

116 3832 217 3917 ipsius
230 3840 442 3917 procuratore
457 3831 679 3928 praestandum
694 3839 744 3898 est
759 3854 766 3898 ε
785 3833 811 3896 si
825 3831 924 3898 detur
936 3851 1112 3898 consensus
1124 3831 1164 3898 ad
1176 3824 1219 3893 ali·

117 3968 214 4035 quam
229 3949 504 4034 compositionem,
517 3967 582 4014 uon
596 3948 746 4016 advocati
756 3968 930 4017 consensus
941 3947 1120 4034 quidquam
1134 3945 1215 4016 votet,

120 4228 124 4238 “
151 4229 187 4293 (i)
205 4229 295 4279 Dicitur
305 4230 336 4282 iu
346 4231 436 4282 multia
452 4230 545 4282 tultam
562 4230 658 4293 camis,
677 4231 708 4280 ob
727 4231 877 4294 questionem
897 4227 958 4294 inira
979 4228 1148 4292 excutiendam,
1165 4217 1216 4274 aria

115 4337 187 4374 causa
200 4324 315 4373 criminali
329 4324 420 4376 admitti
433 4326 509 4389 possit
522 4331 669 4388 procurator.
1202 4319 1204 4324 ’
