2714 4980
126 281 190 346 188
473 295 660 345 rascmrns
682 295 725 341 nn
745 293 896 343 ranmns.

121 421 188 506 jam
205 418 328 485 lactea
351 418 499 502 partibus
525 426 711 486 contractus
732 418 926 488 rescissione.
939 433 1000 484 sen
1017 419 1216 498 annulation'e,

124 535 292 602 conveniri
310 535 432 618 poterit
453 531 542 606 Reus
555 537 589 600 in
606 535 680 601 loco
693 535 752 602 ubi
770 535 839 599 haee
853 533 1019 600 annulatio
1034 533 1221 615 1111111111

121 652 169 719 ibi
191 652 394 735 reperiatur3
413 651 488 736 qnia
506 652 567 719 ista
587 672 629 718 ex
646 660 760 718 mutuo
780 640 939 717 consensu
961 651 1121 731 rescissio,
1137 659 1184 718 est
1197 659 1223 719 et

115 769 192 851 ipso
201 768 316 852 aliquis
331 772 528 835 contractus.

167 886 310 965 Exceptio
324 886 365 947 aet
379 887 514 964 repetam
528 887 572 949 3¹.
597 921 643 934 --
665 885 697 949 Si
718 891 829 950 tomen
850 891 966 968 agatur
989 882 1032 949 de
1056 890 1221 963 contractu,

122 1018 188 1065 non
200 999 267 1085 jam
280 999 425 1076 rescisso,
444 998 503 1064 sed
517 998 747 1078 rescindendo,
771 1001 877 1064 oritur
890 1001 977 1065 inter
996 999 1149 1066 doctores
1163 1019 1224 1065 oon·

123 1117 294 1182 troversia.
319 1117 379 1183 Alii
400 1115 557 1182 affirmant
582 1135 676 1200 posse
695 1124 773 1181 tunc
791 1117 891 1182 etiam
905 1117 1011 1182 Reum
1025 1118 1225 1183 conveniriin

120 1233 195 1301 loco
209 1233 268 1297 ubi
279 1240 466 1298 contractus
479 1232 576 1298 initus
596 1233 674 1311 suit,
693 1234 721 1298 si
737 1233 783 1298 ibi
797 1251 940 1316 praesens
960 1235 1169 1317 reperiatur:
1184 1232 1225 1298 alii

123 1356 254 1433 negant,
273 1357 307 1415 et
326 1346 529 1414 contendunt
547 1367 628 1412 eum,
641 1366 706 1413 non
723 1367 817 1432 posse
836 1348 1008 1413 conveniri
1027 1350 1090 1414 nisi
1109 1349 1144 1414 in
1165 1349 1224 1414 loco

121 1467 222 1550 ipsius
246 1465 414 1548 domicilii3
432 1466 517 1549 qnia,
530 1462 700 1551 (inquiunt)
725 1465 835 1530 forum
855 1465 981 1531 ratione
1008 1472 1223 1531 contractusa

120 1583 195 1667 lege
213 1581 276 1647 fuit
300 1599 489 1646 concessum
510 1588 548 1645 ut
567 1581 794 1647 consuleretur
817 1588 1023 1647 contractum
1039 1582 1221 1665 impletioni,

120 1717 185 1765 non
203 1715 317 1763 eorum
338 1696 541 1763 rescissioni:
562 1695 624 1762 Alii
648 1715 722 1761 cum
743 1696 1035 1779 Schmalzgrueber
1057 1697 1102 1784 (in
1125 1698 1176 1763 tit.
1197 1698 1221 1773 l,

119 1814 178 1883 lib.
201 1812 378 1891 21111111,
401 1833 434 1876 ιι.
456 1810 524 1896 37),
546 1812 752 1896 distinguunt·
764 1812 825 1880 hoc
840 1810 938 1877 modo
956 1831 964 1877 t
983 1814 1038 1879 vel
1052 1797 1222 1878 contractus

119 1931 199 2001 vitio
214 1930 321 2014 aliquo
335 1929 527 1993 instrinseco
558 1928 720 1995 laboravit
744 1928 849 2015 (verbi
871 1929 975 2012 gratia
996 1931 1153 1994 usurarie
1176 1929 1222 1993 inl

119 2043 274 2131 quitatis),
296 2045 352 2109 vel
365 2063 449 2127 non;
467 2051 501 2110 et
516 2044 570 2110 vel
583 2042 650 2128 jam
663 2045 818 2128 impletus
832 2044 906 2123 fnit,
925 2044 980 2111 vel
996 2065 1063 2111 non
1080 2068 1089 2112 :
1106 2044 1220 2111 sinnllo

120 2162 197 2227 vitio
207 2152 380 2226 intrinseco
393 2159 552 2226 laboravit
571 2168 605 2225 et
618 2159 686 2245 jam
699 2161 854 2244 impletus
865 2161 939 2238 fnit,
953 2181 1019 2226 non
1031 2169 1141 2245 potest
1150 2162 1221 2227 Reus

121 2277 288 2344 conveniri
307 2278 369 2341 nisi
386 2296 496 2343 coram
516 2275 628 2362 judice
656 2276 808 2343 domicilii
834 2300 842 2343 :
866 2277 899 2341 si
923 2277 977 2342 vel
995 2277 1151 2360 impletus
1160 2295 1221 2342 noo·

121 2393 200 2460 dum
214 2395 265 2473 sit,
281 2394 335 2459 vel
349 2395 496 2478 quamvis
512 2393 667 2476 impletus
689 2395 767 2459 vitio
787 2395 895 2478 aliquo
912 2395 1092 2459 intrinseco
1115 2392 1220 2459 lohere

121 2512 185 2590 vit,
206 2511 372 2576 conveniri
389 2510 475 2575 Reus
493 2509 615 2592 poterit
632 2510 666 2575 in
678 2509 750 2575 loeo
770 2515 966 2588 contractus,
986 2510 1014 2596 si
1027 2508 1076 2575 ibi
1092 2508 1221 2594 reperia-

121 2632 189 2692 tur.

165 2743 305 2808 Rsannn
327 2742 371 2805 4¹.
388 2746 478 2806 -Si
490 2743 696 2806 contrahentes
707 2748 909 2806 consenserint
923 2750 958 2805 at
978 2750 1151 2807 contractas
1162 2744 1220 2805 seri-

115 2866 171 2942 pto
189 2859 259 2938 fiat,
279 2860 359 2920 locas
380 2864 549 2922 contractas
569 2860 783 2939 inteltiqeneins
807 2861 926 2936 emitte,
945 2863 979 2920 in
1001 2879 1060 2939 qno
1079 2863 1220 2941 seriptine

115 2979 266 3057 perfectas
285 2981 341 3052 est,
360 2993 420 3036 noa
437 2980 471 3036 in
496 2994 552 3056 qno
574 2977 657 3054 faeta
670 2951 808 3056 primam
828 2980 983 3038 conventio
1000 2978 1075 3056 fait.
1091 3011 1138 3024 -
1157 2975 1221 3039 nm

120 3089 199 3157 tuna
216 3110 315 3156 verns
336 3096 521 3155 contractus
544 3098 619 3156 ante
642 3091 852 3173 scriptionem
870 3089 1017 3155 nondum
1040 3092 1170 3175 existit5
1192 3105 1221 3152 ae

120 3207 257 3292 proinde
268 3208 359 3272 locus
373 3212 557 3272 contractus
576 3214 626 3272 est
639 3213 767 3271 tontum
781 3208 872 3272 loeus
891 3208 1004 3292 inquo
1020 3209 1145 3292 scripto
1162 3222 1223 3292 per

120 3322 240 3389 ficitur.
253 3324 367 3408 Neque
383 3323 449 3388 ulle
460 3321 569 3387 estde
583 3323 643 3387 hac
659 3342 696 3388 re
709 3323 795 3387 inter
811 3322 964 3389 doctores
975 3323 1146 3389 dissensio.

165 3441 306 3506 Renum
329 3443 372 3503 5¹.
393 3475 439 3486 —
456 3443 491 3504 Si
510 3420 716 3502 contrahentes
730 3459 789 3520 pro
806 3443 978 3521 impletione
998 3443 1048 3503 aet
1067 3443 1226 3504 rescissione

121 3565 290 3622 contractas
305 3561 503 3621 determinent
520 3564 635 3620 certam
650 3560 779 3638 aliquem
797 3560 904 3638 locam,
927 3577 947 3621 a
966 3560 1028 3620 loco
1044 3564 1079 3622 in
1095 3578 1153 3640 prio
1169 3573 1230 3619 aes·-

123 3678 248 3741 tranant
269 3679 431 3755 diversam,
451 3678 590 3739 locossic
610 3677 826 3738 determinatas
842 3695 899 3757 pro
917 3677 979 3739 loeo
996 3684 1169 3740 contractas
1181 3673 1226 3736 11·

120 3799 231 3860 beatas
245 3803 300 3889 esi.
314 3793 589 3858 -Tuncscilicet
598 3793 684 3857 Reus
697 3793 866 3858 conveniri
876 3778 1009 3876 poter'it,
1022 3814 1091 3861 non
1104 3791 1226 3878 quidem

119 3915 152 3979 in
162 3915 235 3980 loco
248 3913 306 3978 ubi
316 3911 423 3977 factus
435 3911 499 3976 fuit
514 3917 713 3988 contractus,
730 3909 836 3974 sedin
851 3911 924 3977 loco
937 3909 981 3976 ad
994 3910 1151 3978 eumdem
1162 3927 1228 3976 coo·

118 4038 260 4096 tractum
274 4027 474 4112 explendum
488 4029 543 4094 vel
557 4027 811 4094 rescindendum
824 4036 939 4095 mutuo
954 4047 1116 4095 consensu
1132 4030 1228 4095 deter-

119 4148 259 4231 minat03
274 4147 350 4231 quia
364 4163 482 4228 nempe
499 4151 686 4209 contraxisse
703 4151 904 4227 unusquisqne
919 4151 953 4209 ia
967 4166 1001 4209 eo
1012 4148 1076 4209 iaco
1090 4148 1228 4227 intelir‘pi·

121 4274 182 4345 tnr‚
200 4271 233 4328 in
247 4284 305 4345 qao
325 4270 360 4327 at
381 4265 508 4332 solveret
525 4283 556 4327 se
576 4265 733 4344 obttpavit,
753 4270 791 4327 ut
805 4261 926 4327 dicitur
945 4261 1018 4346 lege
1041 4267 1228 4328 Contrarias

123 4382 189 4470 (21,
207 4378 240 4446 ff.
258 4377 300 4447 de
317 4377 356 4446 0.
370 4387 405 4445 11
417 4374 484 4462 A.);
502 4385 537 4444 et
553 4377 642 4443 idem
661 4377 812 4444 firmatur
830 4379 899 4444 aliis
914 4379 1012 4444 etiam
1029 4375 1227 4447 iustinianeis
