2714 4980
122 288 189 349 270
471 304 658 353 rnncrsrus
681 307 726 353 or
747 305 896 353 Jontmts.

120 424 266 508 Excepta
289 443 370 509 ergo
394 425 449 491 illa
475 424 519 491 de
544 427 645 495 meris
669 426 840 495 ordinibus
864 425 1079 511 suscipiendis
1102 429 1236 495 materia

123 539 231 626 (quam
251 539 487 609 adtractatum
505 541 548 609 de
566 542 641 628 jure
658 544 910 610 sacramentario
929 541 1151 628 remittimus),
1168 551 1239 613 tau·

120 639 344 739 quamregula
358 657 434 740 poni
446 661 678 741 potest,'reum
690 657 950 725 conveniendum
964 678 1030 726 non
1042 678 1115 725 essa
1130 677 1243 731 eoram

118 767 230 855 judice
245 771 396 839 domicilii
413 774 554 857 originis,
577 773 637 840 sed
653 792 763 840 coram
776 771 885 858 judice
902 773 1055 841 domicilii
1070 774 1236 841 habitatio·

120 888 180 966 nis,
208 888 261 953 vel
285 907 395 955 coram
413 888 524 975 judice
548 888 701 957 domicilii
722 889 801 969 ficti,
827 889 941 975 ajure
967 891 1068 958 certis
1094 892 1232 974 personis

122 1003 227 1090 (verbi
248 1007 361 1088 gratia
386 1009 491 1085 uxori,
524 1006 700 1085 monachis,
723 1006 933 1090 vagabundis,
964 1004 1044 1091 etc.)
1073 1007 1225 1090 assignati.

120 1119 286 1186 Probatur
300 1127 401 1204 primo
414 1121 559 1187 textibus
577 1121 659 1207 juris
675 1122 842 1187 canonici:
862 1123 896 1186 in
914 1122 1023 1205 capite
1043 1123 1225 1204 Sioatficaott

122 1235 166 1322 (5,
185 1237 272 1301 tituli
290 1239 344 1314 29,
365 1236 439 1302 libri
457 1240 475 1302 3
497 1235 722 1322 decretalium)
740 1236 941 1304 declaratum
958 1236 1123 1316 videmus,
1144 1255 1224 1322 qnos

120 1349 215 1431 dm,
236 1353 293 1436 qui
317 1372 359 1419 ex
377 1353 449 1419 loco
471 1354 604 1436 originis
620 1355 655 1419 in
672 1353 766 1419 aliam
786 1353 952 1420 dioecesim
969 1353 1196 1436 migraverant,
1204 1372 1224 1417 a

118 1465 341 1551 jurisdictione
357 1469 591 1552 Episcoporum
604 1470 668 1535 loci
683 1468 834 1535 derelicti
848 1489 914 1534 non
929 1467 1089 1552 pendere,
1111 1466 1171 1534 sed
1182 1485 1224 1550 po

119 1585 231 1649 testati
251 1584 415 1651 Ordinarii
435 1584 584 1652 doceas
605 1585 640 1649 in
662 1605 760 1671 quam
781 1585 981 1651 mansionem
1004 1583 1224 1651 transtulerant

119 1700 246 1786 subjici.
262 1705 346 1768 Item
361 1703 394 1767 iu
410 1702 524 1769 ultimo
539 1703 645 1787 capite
660 1703 748 1768 tituli
765 1705 797 1780 2,
812 1701 884 1768 libri
900 1703 921 1766 2
938 1700 1163 1780 decretalium,
1179 1701 1223 1767 ubi

118 1819 200 1883 uarii
215 1827 449 1885 enumerantur
462 1819 572 1884 iorum
587 1817 744 1885 sortiendi
756 1817 854 1896 modi,
873 1816 916 1883 de
932 1817 1065 1901 originis
1078 1816 1222 1887 domicillo

120 1936 249 2000 omnino
264 1935 390 2001 sssetur.
409 1934 574 2001 Probatur
584 1938 711 1998 aecacdo
723 1934 815 2016 praxi
828 1934 1123 1999 ecclesiasticorum
1136 1933 1223 1999 tribu·

117 2052 361 2136 nullumquam
371 2052 556 2135 generalem
566 2058 729 2117 testantur
739 2050 889 2144 doctores
900 2050 987 2137 (vide
999 2051 1224 2134 Schmalzgruc

118 2166 189 2244 her,
208 2167 243 2231 in
259 2167 313 2235 tit.
332 2170 364 2245 2,
380 2167 458 2235 libri
474 2165 733 2244 accurentium,
749 2186 783 2231 n.
799 2164 866 2251 23).
882 2166 1048 2233 Probatur
1060 2174 1149 2230 tertio
1159 2186 1223 2233 una·

117 2283 196 2347 nimi
220 2282 458 2347 canonistatum
483 2301 653 2360 consensu,
679 2300 778 2365 quem
807 2280 929 2347 ibidem
950 2289 1094 2349 testatur
1121 2283 1224 2349 citatus

118 2403 244 2469 auctor.
258 2397 353 2463 Ratio
369 2404 430 2475 est,
446 2398 521 2482 quia
536 2415 598 2480 per
610 2395 808 2463 domicilium
821 2396 1026 2463 habitationis
1040 2398 1113 2483 quis
1127 2397 1165 2463 fit
1176 2395 1224 2463 or-

118 2510 245 2587 dinario
261 2513 347 2579 illius
363 2513 428 2578 loci
448 2532 527 2579 vere
544 2521 580 2579 et
598 2513 729 2596 proprie
749 2512 917 2595 subditus;
935 2511 1025 2578 unde
1042 2532 1111 2579 uon
1128 2517 1224 2596 posset

118 2628 225 2709 simul,
245 2630 367 2715 absque
390 2628 512 2697 ordinis
533 2629 790 2714 perturbatione,
809 2627 899 2693 idern
918 2627 1094 2695 Ordinario
1115 2627 1223 2695 lociin

117 2765 182 2830 quo
197 2754 249 2813 est
268 2744 466 2813 domicilium
479 2747 610 2830 originis
629 2743 796 2830 subjectus
810 2763 991 2810 remanere.
1011 2743 1223 2829 Quodnam

116 2863 230 2947 inipso
241 2862 401 2931 domicilio
412 2864 544 2947 originis¹
556 2863 675 2929 habeat
687 2870 723 2928 et
733 2861 931 2927 domicilium
941 2861 1159 2942 habitationis,
1170 2860 1223 2926 dn·

116 2977 206 3053 bium
226 2986 360 3047 nonest
387 2981 465 3064 quin
481 2977 607 3045 ibidem
626 2979 792 3044 conveniri
808 2980 925 3060 possit:
948 2985 1065 3043 atvero
1083 2979 1110 3042 si
1130 2985 1223 3044 trane

117 3094 226 3162 eundo
236 3104 368 3163 tantum
382 3098 415 3159 in
428 3095 501 3161 loco
515 3095 646 3178 originis
660 3094 788 3172 existat,
804 3113 845 3158 an
862 3095 965 3178 possit
978 3093 1104 3161 ibidem
1120 3111 1223 3161 conae

116 3213 190 3290 riri,
217 3232 283 3277 non
308 3213 443 3296 'reperio
465 3210 554 3295 apud
579 3211 758 3275 mnonistas
789 3210 875 3275 clare
901 3228 1105 3293 expressum.
1138 3211 1221 3275 «Per

120 3328 348 3395 «domicilium
366 3329 510 3411 originis,
530 3328 576 3392 ait
601 3327 752 3410 Pirrhing
770 3327 813 3412 (in
827 3326 880 3391 tit.
901 3329 931 3404 2,
953 3327 1029 3393 libri
1050 3326 1218 3402 hdecret,

120 3465 184 3511 an.
206 3442 271 3529 11),
286 3444 458 3529 subjicitur
475 3444 546 3529 quis
564 3445 668 3511 solum
682 3441 864 3509 secundum
879 3442 974 3527 quid;
993 3443 1040 3508 i-ta
1058 3450 1097 3509 ut
1113 3460 1220 3511 conre-

121 3562 215 3627 oniri
225 3578 291 3627 non
304 3561 417 3644 possit,
434 3563 495 3627 nisi
510 3563 544 3626 in
557 3560 630 3625 loco
640 3578 782 3643 presens
797 3560 875 3624 sit.»
886 3561 966 3640 Qua
980 3559 1084 3625 verba
1092 3561 1220 3625 insinuat

118 3678 210 3745 citari
233 3697 327 3761 posse
354 3677 387 3741 in
415 3675 577 3741 domicilio
602 3675 732 3758 originis
750 3675 806 3758 qui
825 3671 958 3752 ibidem,
979 3676 1079 3741 etiam
1096 3676 1163 3741 iter
1182 3671 1220 3739 la·

117 3793 247 3872 ciendo,
266 3793 441 3876 reperitur.
455 3791 561 3857 Aliter
576 3799 685 3856 autem
701 3791 822 3855 sentire
837 3789 971 3856 videtur
986 3791 1220 3875 Schmalzgrue·

115 3910 176 4004 ber
203 3910 282 3975 dum
306 3910 372 3974 ait:
400 3908 634 3974 «Generaliter
652 3912 823 3990 receptum
846 3913 905 3983 est,
930 3915 969 3972 ut
986 3926 1086 3972 nemo
1108 3909 1143 3975 in
1158 3907 1220 3975 loto

118 4026 292 4110 «originis,
307 4024 374 4091 sive
389 4024 422 4088 in
434 4023 663 4099 criminalibus,
672 4024 740 4088 sive
756 4023 809 4086 inc
819 4023 950 4087 ivilibus
966 4017 1219 4100 conveniamus

119 4166 135 4203 a
149 4162 216 4209 non
229 4149 403 4208 concurrat
414 4139 613 4209 domicilium
628 4138 868 4205 habitationis.»
882 4138 932 4223 (In
941 4140 995 4205 tit.
1009 4141 1042 4216 2,
1056 4137 1161 4209 librih
1171 4134 1218 4202 de

117 4265 198 4324 aret.
230 4276 263 4325 u.
276 4260 336 4325 23.

132 4418 136 4429 .
161 4305 218 4438 111⁹.
246 4255 614 4453 Quomlrdacootrobctor,
629 4379 659 4434 et
672 4374 733 4452 sori
747 4376 971 4452 ompotentium
988 4369 1217 4437 accusanda
