2714 4980
127 285 189 353 142
468 299 655 349 rnuounrus
677 302 722 349 nn
743 301 892 351 runicus.

122 427 328 495 subditorum
341 427 564 494 innocentium
578 427 772 511 predictum
787 427 976 494 dominium.
992 427 1089 495 Unde
1102 430 1138 493 in
1151 428 1237 496 nullo

122 564 200 612 oasa
216 552 324 631 potest
341 545 526 630 respublica
544 544 646 631 judici
666 546 787 612 lioitam
808 547 918 613 faeere
940 547 1042 613 talem
1059 546 1238 612 innocentis

121 662 435 731 condemnationem.
1082 658 1088 668 ‘

163 778 393 847 Difficultatem
411 786 523 846 autem
539 781 583 848 ad
604 780 727 868 judicia
746 781 963 847 ecclesiastiea
985 779 1235 865 restringendus

117 902 209 979 patet
223 897 356 963 tertiam
366 892 561 964 sententiam
574 899 608 964 in
624 902 762 983 primam
776 898 943 983 residere;
964 917 1040 964 eum
1059 898 1237 964 sententias

117 1013 279 1096 sanguinis
289 1031 454 1098 nunquam
467 1013 725 1097 pronuntiandas
741 1014 859 1080 habeat
870 1012 973 1099 judex
987 1013 1239 1079 ecclesiasticus

117 1128 211 1195 Unde
226 1129 335 1214 quoad
348 1130 457 1195 forum
470 1131 720 1197 ecclesiasticum
737 1131 783 1195 sio
800 1137 870 1196 tota
889 1129 1025 1215 quaestio
1047 1130 1176 1219 resumi
1189 1148 1238 1213 po

115 1252 182 1312 test
197 1267 204 1312 :
212 1250 400 1330 mutabilius
421 1252 529 1330 potest
547 1255 582 1313 et
597 1247 699 1314 debet
716 1246 819 1332 judex
843 1246 1083 1312 ecclesiasticus
1108 1263 1237 1330 sempor

116 1364 327 1446 pronuntiare
347 1367 508 1428 secundnm
527 1368 660 1448 ottepatn
683 1373 714 1428 et
726 1367 868 1447 probatu,
896 1364 1023 1428 etiantsi
1044 1382 1087 1428 ex
1111 1362 1238 1446 privata

116 1497 173 1545 sua
184 1479 319 1545 seientia
332 1488 424 1546 eerto
437 1482 568 1547 noverit
587 1481 802 1565 allegatorum
824 1488 858 1545 et
882 1479 1097 1563 probatorum
1117 1478 1239 1544 falsita

115 1602 195 1660 tem.
213 1594 381 1660 Contraria
394 1603 504 1661 autem
526 1596 635 1682 opinio
654 1605 704 1661 est
719 1597 824 1660 miuus
844 1594 1034 1678 probabilis.
1053 1596 1112 1660 Est
1129 1602 1237 1660 autern

117 1715 210 1775 extra
226 1710 489 1788 controversiam,
510 1708 618 1774 teneri
636 1707 779 1793 judicem
803 1707 846 1774 ad
868 1706 1057 1773 iaciendum
1079 1705 1264 1793 quidquid*¹

116 1832 237 1909 potest,
259 1833 296 1890 ut
308 1824 429 1892 liberet
441 1844 518 1890 eum
536 1844 634 1911 quem
649 1826 774 1910 privata
791 1826 926 1891 seientia
942 1825 1035 1890 novit
1056 1825 1235 1904 innoxium,

117 1950 290 2028 antequam
300 1943 404 2021 illum,
426 1943 468 2009 oh
482 1943 622 2027 allegata
635 1951 670 2009 et
683 1943 834 2027 probata,
856 1941 1066 2008 condemnet.

161 2061 196 2125 3.
220 2058 261 2126 In
274 2057 475 2144 precedenti
493 2079 569 2125 casu
587 2060 835 2145 supponebatur
851 2057 955 2145 judex
977 2065 1071 2126 certo
1092 2058 1238 2126 oonsoius

56 2188 60 2193 ’
117 2173 160 2241 de
181 2175 367 2242 innocentia
388 2176 458 2242 Rei.
477 2173 564 2256 Quid
585 2177 713 2241 vero-si
731 2175 835 2261 judex
856 2176 988 2260 privata
1003 2175 1141 2242 seientia
1159 2174 1239 2240 sciat

116 2309 193 2358 eum
211 2310 283 2359 esse
305 2292 457 2358 noxium?
468 2291 518 2358 An
537 2292 679 2377 poterit,
701 2300 816 2360 eontra
835 2295 968 2375 ottepmo
986 2299 1017 2357 et
1032 2295 1177 2375 probata,
1198 2309 1239 2358 eu

116 2406 236 2493 quibus
254 2406 326 2494 ejus
343 2408 529 2476 innoeentia
550 2407 748 2476 sufficienter
768 2409 1022 2492 demonstratur,
1041 2409 1136 2475 illum
1165 2427 1238 2475 oon·

119 2520 289 2593 damnare.

159 2643 391 2738 Respondetur
408 2645 570 2728 negative.
590 2645 670 2710 Nam
680 2642 754 2730 jura
771 2645 885 2711 favent
903 2645 989 2729 Reo;
1002 2642 1091 2711 unde
1102 2633 1237 2710 etiamsi

116 2767 227 2843 posset
240 2759 344 2846 judex
356 2762 406 2826 uti
420 2762 554 2826 scientia
575 2781 634 2827 sna
657 2763 785 2846 privata
803 2761 845 2827 ad
860 2759 1096 2829 absolvendum
1118 2760 1235 2839 Reum,

117 2884 245 2943 certum
259 2885 309 2943 est
323 2876 358 2943 id
374 2879 405 2944 ei
419 2897 486 2943 non
500 2879 599 2944 licere
622 2878 665 2943 ad
688 2879 841 2945 eumdem
864 2877 1164 2962 condemnandum
1180 2875 1239 2944 sed

116 2994 333 3061 condemnare
354 2997 457 3061 Reum
483 3002 596 3080 potest
619 2995 789 3062 dumtaxat
809 2994 927 3080 juder,
946 2994 1076 3080 quando
1096 2993 1237 3079 juridice

115 3120 243 3178 constat
259 3113 363 3196 ipsius
387 3113 521 3177 crimen.
537 3114 604 3178 Nee
624 3114 783 3178 mentitur
806 3131 883 3178 eum
906 3110 1118 3191 absolvendo,
1138 3128 1237 3198 'quem

116 3236 206 3295 serto
219 3228 280 3293 soit
301 3247 372 3294 esse
389 3230 533 3308 noxium,
549 3227 608 3294 sed
624 3247 724 3314 quem
740 3241 911 3313 processus
925 3230 1057 3295 nonium
1081 3248 1149 3294 non
1166 3246 1239 3312 pro·

115 3343 221 3426 barit;
235 3344 384 3428 quianon
402 3345 592 3429 pronuntiat
605 3347 740 3429 praeoise
759 3362 835 3410 eum
852 3363 922 3410 esse
938 3345 1160 3425 innooentem‚
1178 3343 1236 3411 sed

114 3467 244 3525 tantum
256 3467 430 3525 noeentum
447 3479 511 3526 non
523 3462 665 3545 probari.
681 3464 739 3527 list
757 3468 867 3527 autem
882 3462 939 3526 illa
953 3461 1116 3528 oonelosio
1130 3461 1239 3529 unani·

116 3576 213 3642 miter
229 3584 374 3662 recepta,
392 3577 565 3664 multisque
585 3577 670 3663 juris
687 3579 771 3644 saori
787 3577 1031 3659 testinnonium
1054 3585 1089 3644 et
1107 3578 1237 3644 omniuo

117 3700 219 3759 serta.

635 3929 708 4006 Π.

551 4159 585 4209 De
595 4157 674 4222 judice
686 4160 801 4224 delegato.

162 4396 243 4464 Cum
259 4396 369 4464 muita
384 4414 487 4464 eausa
506 4396 726 4465 ecelesiastica
738 4415 800 4484 per
817 4416 874 4467 eos
887 4397 1015 4485 judiees
1027 4397 1231 4480 dirimantur,
