2714 4980
560 283 639 330 raas
661 283 775 330 rmus.
1158 270 1219 333 237

149 411 186 472 6⁰
210 406 261 474 Ob
275 404 526 490 prohibitionem
542 403 624 489 juris
638 405 783 485 Romani,
800 407 834 470 in
847 405 919 472 loro
933 406 1150 472 ecclesiastico
1169 425 1223 473 re·

102 529 249 607 ceptam,
267 521 309 588 ab
320 521 422 587 officio
434 520 584 587 advocati
596 528 728 587 arcetur
741 520 854 607 judex,
866 521 976 606 quoad
988 522 1076 587 iilam
1092 541 1220 589 eausam

100 637 136 702 in
152 657 218 724 qua
233 635 336 722 J'udex
354 635 549 701 constitutus
563 635 640 719 iuit3
663 636 709 699 ita
726 642 764 700 ut
785 642 863 700 tunc
883 636 946 719 ipsi
963 653 1028 699 non
1041 636 1139 700 liceat
1161 634 1222 701 ulli

101 773 146 821 ex
158 753 361 838 litigantibus
380 752 576 836 patrocinari
596 751 679 837 (lege
695 755 836 833 Quisquis
854 753 886 829 6,
905 770 934 816 c.
950 755 987 816 dc
1006 748 1217 835 Postuioudo).

102 872 178 937 Dici
206 871 306 934 etiarn
331 875 439 952 potest
463 866 622 952 ejusmodi
649 866 900 951 prohibitionem
925 887 966 933 ex
987 866 1062 953 jure
1082 866 1221 932 naturali

102 985 227 1068 liuere3
243 1003 283 1051 eo
299 982 389 1068 quod
397 984 513 1048 merito
520 981 701 1048 timendum
712 982 755 1047 sit
766 1002 808 1048 ne
823 983 898 1048 tulis
911 981 1013 1068 judex
1027 983 1220 1049 sententiam

102 1101 191 1167 ferat
208 1101 242 1164 in
260 1100 408 1166 favorem
421 1099 471 1163 sui
487 1099 624 1164 clientis.

148 1223 183 1286 7ο
198 1219 281 1284 ltem
298 1216 341 1281 ob
355 1214 605 1300 prohibitionem
615 1214 696 1299 juris
707 1215 852 1306 Romani,
869 1214 989 1282 infore
1004 1215 1221 1282 ecclesiastico

103 1341 284 1417 receptum,
301 1329 458 1396 nonlicet
472 1329 710 1414 potentioribus
723 1328 861 1394 officium
877 1328 1026 1395 advocati
1039 1331 1142 1397 obire.
1159 1331 1222 1418 (Ti-

102 1451 173 1516 tulo
185 1452 233 1514 Ne
247 1451 335 1511 itacui
344 1448 574 1530 potentioribus,
595 1446 647 1523 14,
663 1445 738 1510 libri
756 1449 775 1509 2
792 1445 917 1510 Codicis
928 1448 947 1510 J
950 1444 1124 1531 ustiniani.)
1138 1448 1221 1513 Hinc

103 1562 272 1650 injudicio
290 1562 507 1628 ecclesiastico
523 1578 589 1625 non
605 1558 800 1626 admittendi
810 1569 887 1626 sunt
903 1567 1055 1647 tanquam
1071 1561 1222 1630 advocati

103 1686 282 1767 magnates,
302 1698 364 1744 nec
377 1678 463 1743 ullus
478 1679 545 1743 sive
565 1677 714 1757 clericus,
732 1678 800 1744 sive
815 1679 927 1757 laicus,
946 1678 1067 1744 divitiis
1084 1681 1221 1745 muneri·

102 1799 207 1865 busve
224 1795 364 1881 publicis
378 1801 435 1860 aut
450 1793 511 1859 alia
525 1793 567 1859 de
585 1813 691 1872 causa,
709 1794 896 1860 notabiliter
912 1803 1107 1878 praepotens.
1127 1797 1221 1862 Ratio

102 1922 163 1994 est,
182 1933 225 1978 ne
243 1930 320 1997 pars
335 1909 472 1976 adversa
483 1911 697 1995 opprimatur.
718 1911 813 1976 Dicta
828 1918 938 1976 autem
956 1911 1132 1994 prohibitio
1143 1912 1219 1997 jure

101 2028 247 2096 naturali
261 2025 429 2105 fundatur,
445 2033 484 2091 ut
495 2032 597 2111 petet.

145 2150 181 2214 8⁰
205 2146 290 2210 Item
307 2163 325 2209 a
344 2162 480 2209 munere
495 2142 643 2208 advocati
664 2141 737 2227 jure
760 2142 903 2209 Romano
922 2152 1078 2210 areentur
1097 2146 1219 2213 littera·

101 2281 176 2329 rum
190 2268 226 2327 et
238 2258 362 2345 jurium
378 2259 521 2344 imperiti
538 2259 622 2345 (lege
636 2263 697 2323 Nec
709 2267 882 2323 ceterorum
906 2263 937 2338 2,
954 2261 1041 2328 tituli
1058 2265 1095 2326 dc
1109 2267 1218 2328 Postu-

101 2381 205 2456 iooaio,
222 2374 349 2441 Codicis
359 2371 552 2459 Iustiniani).
574 2375 693 2439 Utrum
707 2380 818 2439 autem
836 2382 870 2440 et
883 2394 949 2461 qno
963 2396 1060 2443 sensu
1078 2377 1220 2462 prohibi·

100 2494 144 2561 tio
157 2494 215 2559 illa
229 2493 295 2557 vim
309 2491 428 2557 habeat
440 2492 474 2555 in
486 2490 558 2557 foro
572 2490 797 2568 ecclesiastico,
819 2509 884 2556 non
899 2491 977 2556 mihi
989 2493 1084 2576 plane
1098 2495 1215 2579 liquet.

102 2611 131 2676 Si
142 2628 264 2693 nempe
279 2608 444 2674 notorium
467 2607 509 2672 sit
530 2607 670 2692 aliquem
684 2626 755 2671 csse
774 2604 891 2672 rudem
908 2608 942 2672 in
960 2608 1079 2674 litteris
1097 2617 1130 2676 et
1143 2609 1217 2696 jure

103 2727 269 2803 canonico,
289 2723 421 2790 videtur
441 2743 459 2788 a
482 2721 594 2807 judice
616 2723 735 2806 repelli
755 2742 859 2808 posse,
887 2725 1059 2791 autetiam
1080 2726 1215 2806 debere,

102 2863 138 2910 ne
155 2843 270 2908 clienti
296 2846 411 2906 noceat
438 2841 653 2924 potiusquam
670 2841 788 2922 prosit;
809 2846 843 2905 et
862 2839 922 2906 hoc
940 2860 1037 2906 sensu
1052 2860 1170 2927 urgere
1185 2845 1218 2909 in

99 2950 167 3018 loro
183 2949 401 3017 ecclesiastico
414 2945 533 3013 dictam
544 2946 872 3012 CodicisJustinianei
884 2947 1136 3029 prohibitionem
1154 2950 1218 3016 dici

98 3076 217 3150 potest.
241 3067 362 3132 Atvero
377 3070 490 3129 utrum
508 3081 640 3129 necesse
656 3061 710 3139 sit,
727 3063 836 3147 utqui
855 3082 963 3128 coram
979 3063 1088 3149 judice
1113 3067 1219 3134 eccle-

96 3165 224 3250 ¹tinstico
242 3169 528 3248 subadvocatum
547 3198 655 3263 agere,
673 3178 805 3262 publica
829 3179 1007 3246 obtinuerit
1033 3181 1218 3249 idoneitatis

95 3295 294 3373 testimonia,
309 3313 368 3359 seu
386 3301 424 3359 ut
443 3291 642 3376 approbatus
657 3290 759 3357 suerit
780 3289 823 3357 ad
847 3291 1015 3375 publicum
1041 3294 1217 3362 advocatie

95 3412 249 3488 officium,
277 3415 403 3474 attento
426 3407 500 3492 jure
521 3407 684 3473 communi
709 3406 818 3471 forsan
842 3406 1002 3491 disputari
1020 3419 1141 3494 posset.
1168 3414 1217 3480 De

95 3545 161 3616 pno
176 3526 335 3593 nonnulla
349 3525 520 3592 dumtaxat
534 3523 772 3601 adnotabimus,
787 3544 904 3609 nempe
920 3547 926 3591 :

137 3648 177 3712 9ο
201 3641 252 3708 ad
270 3643 490 3727 quaestionem,
515 3649 618 3704 utrum
632 3647 700 3722 quis
715 3643 818 3704 debeat
832 3661 894 3704 csse
912 3645 954 3706 aci
975 3644 1105 3724 officium
1115 3648 1235 3728 publi,

95 3780 164 3826 >um
179 3762 322 3823 advocati
339 3761 521 3841 approbatus
529 3805 541 3837 ‚
566 3765 602 3820 ut
614 3762 713 3839 possit
727 3777 827 3821 aarum
835 3761 939 3839 judice
952 3761 1147 3822 ecclesiastico
1160 3781 1219 3843 pro

95 3881 170 3942 ritis
177 3877 348 3958 postulare,
364 3878 563 3937 seoodvoccii
575 3873 705 3952 officium
716 3893 862 3952 exercere,
878 3871 1013 3939 videtur
1024 3873 1221 3958 distinguen-

95 3985 178 4051 dum
196 3983 286 4046 inter
302 3981 354 4065 jus
370 3999 551 4057 commune,
574 3987 608 4044 et
623 3977 676 4063 jus
687 3979 783 4044 alicui
795 3980 891 4043 curiae
907 3980 1131 4045 ecclesiasticae
1147 4001 1221 4064 pro

95 4103 220 4186 prium.
243 4096 294 4162 Ad
314 4097 366 4182 jus
389 4115 559 4163 commune
578 4095 668 4181 quod
688 4099 815 4174 attinet,
835 4096 957 4161 nubam
971 4098 1100 4180 reperio
1112 4099 1220 4183 legem

95 4213 361 4292 ecclesiasticam,
379 4218 437 4278 aut
447 4211 528 4298 juris
541 4212 676 4278 Romani
690 4212 723 4275 in
733 4213 805 4278 loro
819 4213 1037 4279 ecclesiastico
1051 4223 1218 4299 receptam

97 4330 354 4421 dispositionem,
369 4350 432 4415 qua
451 4329 649 4396 decernatur
659 4329 823 4412 litigantes
834 4330 940 4394 teneri
953 4328 994 4394 ad
1009 4331 1218 4399 assumendos
