2714 4980
537 300 615 350 PARS
637 301 795 350 SECUNDA.

561 605 695 671 CAPUT
717 607 773 671 IV.

363 858 406 904 DE
429 855 549 903 vrcaau
574 857 755 904 euasurus
777 855 973 903 POTESTATE.

156 1120 207 1187 Ad
219 1121 503 1188 determinandum
517 1141 683 1210 quousque
703 1142 738 1189 se
757 1122 914 1189 extendat
935 1123 1052 1188 Vicarii
1073 1123 1233 1207 generalis

109 1237 293 1323 jurisdictio
318 1260 376 1306 seu
396 1248 549 1324 potestas,
572 1241 633 1306 hoc
652 1240 749 1306 modo
769 1238 1009 1323 procedemus:
1034 1242 1066 1303 1⁰
1088 1239 1232 1304 Stabilie

112 1374 187 1421 mus
205 1357 352 1440 regulam
376 1358 560 1441 generalem
585 1378 626 1423 ex
651 1377 715 1443 qua
740 1357 827 1423 dicta
852 1356 1080 1422 determinatio
1110 1354 1232 1422 deduci

114 1473 216 1556 possit
231 1481 266 1539 et
281 1472 400 1540 debeat
418 1496 425 1540 :
444 1475 653 1558 probabimus
670 1493 799 1558 nempe,
817 1477 851 1538 iol
867 1494 954 1556 posse
967 1476 1135 1555 pecoralem
1149 1478 1234 1537 Vica-

113 1592 196 1651 ricm
206 1609 271 1669 qucc
279 1597 379 1670 potest
393 1594 566 1671 Episcopus,
583 1595 715 1672 exceptis
729 1596 769 1652 iis
779 1609 844 1669 quw
851 1594 906 1671 jos
919 1597 1043 1671 eccepto
1058 1589 1165 1667 voluit,
1184 1589 1233 1650 vel

114 1724 181 1785 qcae
194 1708 356 1787 Episcopus
371 1709 429 1769 sibi
439 1727 576 1790 represso
594 1712 774 1786 reservavit;
793 1708 827 1770 2⁰
846 1706 879 1768 iu
891 1704 1079 1788 particulari
1091 1722 1234 1788 expone·

116 1838 190 1886 mus
215 1839 362 1905 quaenam
382 1823 423 1886 sit
446 1841 522 1905 pars
537 1821 769 1907 jurisdictionis
788 1822 986 1906 episcopalis,
1010 1839 1106 1904 quam
1131 1821 1235 1886 noluit

113 1935 168 2020 jus
183 1954 352 2003 commune
364 1958 381 2003 a
391 1937 517 2002 Vicario
530 1939 673 2022 generali
685 1957 780 2022 posse
795 1938 957 2015 exerceri,
969 1936 1090 2021 absque
1106 1937 1236 2019 speciali

116 2050 271 2118 mandato
285 2053 448 2138 Episcopi3
471 2057 506 2120 3⁰
530 2055 608 2120 item
629 2075 668 2120 ea
691 2054 906 2120 indicabimus
922 2072 993 2137 qua
1014 2054 1067 2118 lex
1091 2053 1237 2118 ecclesia·

116 2167 200 2232 stica
212 2168 317 2233 noluit
336 2189 355 2234 a
372 2170 500 2236 Vicario
517 2171 662 2253 generali
679 2168 829 2254 expediri
847 2189 951 2253 posse,
969 2169 1092 2234 etiamsi
1112 2170 1239 2252 Episco-

117 2302 181 2367 pus
194 2285 227 2347 in
240 2283 276 2349 id
289 2287 473 2368 specialiter
490 2289 688 2353 consentiret
701 2309 708 2372 ;
724 2288 760 2352 4⁰
775 2288 1011 2371 praecipuarum
1029 2287 1237 2351 materiarum

118 2417 192 2483 quae
210 2401 242 2466 vi
254 2400 399 2468 mandati
413 2404 571 2487 generalis
590 2402 718 2469 Vicario
734 2403 878 2487 generali
894 2401 1042 2480 subsunt,
1062 2402 1122 2467 nisi
1140 2421 1237 2486 quam

118 2516 181 2583 sihi
205 2537 359 2601 expresse
379 2520 557 2605 Episcopus
582 2522 813 2597 reservaverit,
848 2520 1030 2604 catalogum
1062 2518 1238 2605 subjunge-

118 2655 204 2701 mus.

636 2838 651 2909 ,l
676 2835 701 2896 l.

119 3055 243 3117 Tanquam
264 3053 344 3116 regula
359 3054 474 3116 generalis
491 3051 659 3102 admittendum
678 3058 722 3114 est,
746 3063 815 3113 posse
834 3050 951 3100 Vicarinm
973 3051 1104 3115 generalem
1127 3048 1241 3113 quidquid

155 3156 236 3211 potest
248 3149 388 3213 Episcopus,
404 3149 568 3211 exceptisque
579 3149 619 3210 jus
629 3153 724 3209 excepta
736 3146 820 3208 voluit,
830 3145 865 3195 vel
877 3159 927 3208 quae
938 3147 1069 3210 Episcopus
1078 3146 1122 3196 sibi
1133 3158 1242 3208 expresse

157 3245 295 3294 reservarit.
894 3243 897 3247 ’

170 3469 324 3554 Sequitur
338 3467 500 3533 conclusio
514 3467 582 3530 haec
599 3481 640 3530 ex
656 3480 754 3546 supra
769 3460 909 3526 stabilita
920 3460 1093 3527 vicariatus
1109 3478 1245 3542 genera·

122 3590 166 3655 lis
190 3594 306 3652 natura
324 3605 383 3651 seu
397 3584 546 3651 essentia.
562 3579 777 3646 Prohavimus
802 3596 919 3661 nempe
943 3577 1062 3642 Vicarii
1088 3576 1246 3659 generalis

121 3701 384 3789 jurisdictionem
398 3718 463 3764 non
479 3717 550 3763 esse
565 3696 702 3762 divisam
717 3691 972 3789 ajnrisdictione
988 3692 1173 3777 episcopali,
1187 3689 1246 3756 sed

125 3819 278 3889 eamdem
292 3837 367 3884 cum
381 3818 469 3901 ipsa;
488 3820 523 3882 et
536 3811 795 3900 jurisdictionem
807 3810 889 3874 hanc
900 3809 961 3893 ipsi
975 3808 1078 3875 tribui
1089 3827 1149 3873 seu
1161 3826 1247 3873 com·

126 3947 247 4026 petere
262 3939 453 4019 qeuerolitcr,
468 3933 564 4010 idest,
586 3932 811 4008 univeraliter,
830 3928 943 3993 saltem
954 3927 986 3990 in
999 3926 1115 3991 morali
1129 3943 1245 4007 sensu3

127 4065 165 4122 et
180 4073 256 4120 eum
273 4053 458 4117 nullatenus
472 4049 544 4115 fore
558 4048 722 4113 Vicarium
730 4045 927 4129 generalem,
942 4043 1000 4109 sed
1019 4041 1146 4108 merum
1157 4040 1250 4107 dum·

127 4176 219 4238 taxat
233 4168 431 4252 delegatum,
447 4166 502 4250 qui
515 4184 580 4228 non
592 4163 729 4228 haberet
746 4158 1003 4246 jurisdictionem
1019 4157 1168 4242 Episcopi
1180 4164 1249 4222 uoi-

127 4289 286 4363 ocrsolm,
316 4284 429 4349 saltem
452 4280 617 4346 moraliter
634 4275 816 4362 loquendo;
838 4276 891 4341 vel
914 4276 969 4359 qni
995 4293 1078 4352 eam,
1103 4274 1251 4359 quamvis

128 4401 359 4477 universalem,
388 4397 525 4463 haberet
545 4394 680 4461 divisam
703 4389 959 4478 ajurisdictione
977 4391 1136 4474 Episcopi,
1155 4392 1199 4456 ita
1213 4399 1251 4458 ut
