2714 4980
120 308 184 372 tio
462 322 650 373 ranorrros
672 325 717 372 on
738 323 887 374 runicus.

117 460 205 517 testeo
225 453 354 533 annales
371 454 504 532 saccini,
517 457 577 533 pro
596 455 734 517 libertate
752 458 902 517 sententia
911 457 1098 537 proferetur.
1118 454 1230 521 Proba·

14 615 16 619 ⁴
114 578 171 636 tur
188 572 222 633 2⁰
235 570 341 652 capite
356 572 478 633 Daoins
486 573 641 652 judiciam
657 567 711 647 26,
729 574 766 636 de
776 576 932 637 Sententia
947 580 978 637 ei
988 592 1021 636 re
1033 575 1231 656 judicatam

115 704 180 769 qno
198 685 243 749 sic
262 683 466 766 disponitur:
486 689 577 748 Tenet
586 705 645 766 pro
660 705 711 748 reo
723 705 784 748 non
797 705 855 766 pro
876 693 977 750 actore
990 691 1161 767 sententio,
1179 694 1231 750 atet

116 807 149 865 in
163 820 252 864 caasa
267 802 440 881 favorabili,
458 807 537 882 pata
554 806 764 879 matrimonio,
788 804 1051 881 inanimatae,
1075 822 1129 865 sea
1152 810 1231 866 testa

116 922 225 982 nenio.
242 916 378 982 Probari
391 923 500 999 posset
514 920 549 981 3⁰
563 937 605 982 ex
618 915 692 1001 jure
704 918 857 994 naturali,
873 919 992 984 merito
1008 917 1116 983 dictas
1132 938 1231 984 causas

117 1034 178 1100 hoc
192 1032 361 1116 privilegio
374 1032 511 1116 muniri;
529 1033 605 1117 quia
618 1052 735 1116 nempe
747 1032 783 1097 id
794 1033 933 1117 requirit
949 1033 1075 1098 bonum
1089 1035 1230 1118 generale

118 1154 281 1220 societatis
298 1153 466 1237 religiosa,
489 1160 526 1217 ut
540 1161 632 1218 recta
649 1154 735 1218 ratio
750 1153 869 1238 cuique
887 1173 957 1218 rem
972 1148 1181 1237 expendenti
1192 1155 1230 1219 ia-

117 1271 178 1337 cile
203 1270 315 1335 dictat.
337 1270 453 1335 Valere
468 1276 578 1335 autem
593 1271 770 1334 etiamnum
789 1268 950 1354 ejusmodi
969 1267 1054 1354 juris
1074 1271 1161 1335 sacri
1176 1269 1229 1334 dis

117 1387 322 1472 positionem,
337 1392 491 1470 procerte
501 1386 682 1451 tenendum
694 1395 758 1470 est3
772 1387 847 1471 quia
858 1386 958 1451 etiam
967 1388 994 1451 si
1003 1387 1127 1452 alicubi
1138 1387 1229 1471 irrep·

118 1503 212 1567 sisset
236 1502 400 1567 contraria
427 1501 649 1579 consuetudo,
676 1521 736 1585 pro
766 1501 910 1566 invalida
937 1509 971 1567 et
987 1501 1124 1567 abusiva
1153 1511 1228 1569 esset

117 1618 283 1695 habenda,
308 1624 424 1702 utpote
454 1637 553 1702 grave
582 1625 813 1684 nocumentum
837 1618 983 1684 societati
1012 1618 1173 1704 religiosa
1198 1628 1227 1687 ct

119 1739 204 1804 bono
219 1738 397 1804 animarum
411 1735 564 1804 afferens.

659 1991 697 2053 V.

386 2222 424 2272 Do
436 2221 593 2287 oblinatione
601 2221 746 2286 judicandi
753 2219 835 2283 jacta
849 2221 975 2284 alienato.

169 2445 200 2508 1.
217 2442 341 2521 ludex,
359 2446 538 2525 nepotariter
557 2442 740 2528 loquendo,
760 2441 909 2528 judicare
929 2440 1031 2508 debet
1055 2441 1234 2508 secundum

121 2559 258 2642 allegata
275 2567 308 2624 et
328 2559 475 2642 probata.
494 2562 551 2625 Est
573 2561 750 2625 communis
769 2559 941 2624 doctorum
966 2559 1151 2642 sententia3
1168 2575 1235 2642 qna

122 2697 164 2743 ex
177 2676 315 2759 ipsomet
326 2674 400 2761 jure
411 2677 549 2742 naturali
561 2685 651 2743 certa
664 2684 773 2760 potest
788 2676 1013 2753 demonstrari
1031 2680 1070 2738 ut
1084 2670 1166 2740 satis
1179 2667 1236 2757 per

122 2813 156 2859 se
174 2801 275 2877 patet.
293 2794 439 2858 Diximus
454 2800 565 2860 autem
588 2797 784 2877 concinniter,
804 2794 847 2860 ob
869 2812 980 2858 casum
1000 2793 1234 2877 particularem

121 2930 208 2976 nnnc
227 2910 475 2989 discutiendum,
495 2930 638 2994 nempe:
1066 2987 1069 2990 ,

167 3031 198 3092 2.
217 3028 265 3092 An
275 3026 378 3112 judex
394 3027 513 3094 debeat
523 3027 669 3113 judicare
685 3028 864 3093 secundum
879 3029 1017 3110 allegata
1033 3032 1068 3091 et
1084 3027 1233 3109 probata,

123 3146 222 3212 etiam
235 3150 348 3210 contra
357 3140 522 3229 propriam
530 3153 653 3211 certam
662 3146 850 3211 scientiam?
864 3146 900 3210 ln
910 3145 1071 3227 triplicem
1087 3143 1237 3210 doctores

123 3261 315 3327 sententiam
325 3261 434 3326 abiere
447 3283 454 3326 :
464 3269 567 3343 prima
575 3263 735 3328 sententio
744 3261 891 3327 absolute
899 3269 934 3326 et
942 3260 1120 3324 universim
1133 3267 1235 3337 tenet,
1255 3282 1271 3299 ·

123 3397 218 3463 posse
228 3376 371 3462 judicem
385 3387 420 3444 et
435 3378 568 3456 debere,
577 3397 706 3462 semper
719 3387 754 3444 et
764 3380 798 3443 in
811 3396 1014 3462 quacumque
1029 3395 1138 3453 causa,
1151 3375 1238 3461 judi-

125 3514 200 3561 care
213 3493 392 3560 secundum
407 3499 539 3577 ailepota
554 3502 584 3558 et
594 3497 733 3576 probata,
745 3496 843 3559 etiam
852 3501 965 3559 contra
979 3493 1149 3576 propriam
1164 3511 1239 3558 con-

124 3612 301 3678 scientiam.
312 3610 405 3677 Unde
418 3612 444 3676 si
452 3610 553 3697 judex
562 3612 829 3695 privatascientia
837 3616 929 3676 certo
937 3610 1017 3674 sciat
1027 3609 1236 3674 innocentem

126 3751 196 3798 esse
211 3731 302 3808 eum‚'
315 3731 370 3814 qui
381 3729 475 3815 juxta
487 3730 624 3813 allegata
639 3737 673 3794 et
687 3728 826 3813 probata
840 3746 900 3811 pro
915 3734 1054 3791 nocente
1071 3724 1241 3790 habendus

126 3857 187 3927 est,
209 3856 243 3915 et
260 3847 387 3912 nullam
405 3847 545 3929 supersit
567 3844 710 3910 medium
733 3843 885 3909 eamdem
908 3841 1087 3920 liberandi,
1106 3839 1243 3907 debebit

126 3985 202 4031 eum
221 3974 384 4049 tamqnam
403 3968 575 4029 nocentem
599 3961 828 4027 condemnare.
850 3963 962 4040 Jaace,
990 3959 1095 4043 inquit
1111 3964 1242 4023 sanctus

129 4082 273 4160 Thomas,
291 4088 319 4144 si
335 4087 392 4145 scit
409 4085 539 4163 aliquem
557 4086 740 4144 innocentem
755 4099 827 4159 esse,
849 4084 902 4160 anai
921 4080 1011 4158 salsis
1031 4080 1156 4140 testibus
1176 4095 1243 4139 con-

127 4205 271 4277 vinctior,
286 4201 370 4263 debet
380 4202 557 4280 alilipentias
567 4203 742 4260 anaminare
754 4203 851 4274 testes,
867 4201 901 4258 nt
915 4199 1051 4257 inveniat
1062 4200 1241 4256 occasionem

129 4319 278 4381 liberandi
290 4322 458 4396 innectam,
473 4323 549 4379 sicat
560 4317 670 4380 Daniel
680 4317 761 4394 sccii.
777 4319 812 4378 Si
822 4320 922 4376 ancien
933 4313 986 4374 loa
996 4330 1056 4374 non
1062 4316 1175 4390 potest,
1192 4312 1242 4373 dc·

131 4437 178 4498 iet
190 4453 256 4500 cam
269 4439 415 4516 saperiori
430 4437 595 4516 celinquere
601 4434 813 4517 mannaan.
835 4434 870 4496 Si
883 4437 983 4494 anton
996 4429 1049 4490 iac
1061 4446 1122 4491 non
1132 4432 1239 4509 potest,
