2714 4980
552 289 631 339 rsus
653 289 812 340 succum.
1174 277 1238 344 447

116 434 211 480 suam
236 415 432 481 sententiam
457 415 633 500 corrigere,
659 416 869 501 quantumvis
897 415 1015 502 injusta
1040 417 1151 499 inerit,
1180 438 1240 486 nec

116 532 243 615 poterit
255 531 395 598 validam
406 532 525 596 Vicarii
538 533 589 598 sni
603 533 797 599 sententiam
812 535 988 617 corrigere,
1005 536 1067 600 etsi
1084 554 1156 602 eam
1179 538 1242 602 iui-

114 666 215 731 quam
228 646 402 713 existimet.
417 648 522 712 Porro
537 654 667 744 certum
681 655 731 713 est
748 653 784 713 et
799 656 893 713 extra
904 667 1034 715 omnem
1050 659 1241 718 controver-

114 765 196 828 siam
214 765 366 847 positum,
383 782 447 828 nou
461 782 555 846 posse
571 764 767 830 sententiam
781 763 823 830 ab
839 765 997 850 Episcopo
1013 765 1121 832 valide
1136 767 1240 852 prola·

113 887 195 956 tam,
224 879 430 963 quantumvis
457 877 577 963 injusta
605 880 658 957 sit,
684 878 725 944 ab
754 896 794 944 eo
813 881 961 945 reuocari
979 889 1037 946 aut
1058 880 1235 948 immutari.

112 996 197 1060 llam
206 994 343 1080 quilibet
359 993 549 1061 Ordinarins
564 995 828 1079 persententiam
839 993 1040 1062 definitivam
1058 998 1139 1084 (siue
1151 997 1238 1083 justu

112 1111 184 1175 sire
198 1109 318 1195 injusta
341 1110 453 1189 fuerit,
475 1110 698 1178 modulamen
723 1128 789 1175 non
811 1111 853 1175 sit
881 1111 951 1194 ipsu
962 1111 1037 1196 jure
1056 1111 1187 1199 nnlla)(
1210 1111 1235 1198 l,

112 1232 269 1290 censetur
282 1224 385 1291 officio
404 1245 462 1292 suo
475 1224 625 1310 functum
642 1227 686 1291 ita
705 1233 742 1290 ut
758 1223 825 1310 J'am
839 1227 927 1290 omni
946 1225 1173 1311 jurisdictione
1188 1247 1238 1294 ca·

112 1349 188 1407 reat
200 1340 245 1406 ad
260 1341 521 1425 cognoscendum
536 1342 578 1408 de
595 1361 690 1407 causa
703 1341 827 1425 abipso
844 1339 1012 1408 definitive
1027 1341 1182 1427 judicata,
1203 1352 1238 1409 et

111 1463 185 1521 tota
205 1455 389 1540 jurisdictio
414 1456 458 1523 ad
474 1453 734 1540 cognoscendum
758 1456 867 1523 denuo
892 1457 1065 1525 decadem
1085 1479 1181 1527 causo
1194 1459 1237 1527 ad

109 1571 256 1656 judicem
269 1574 492 1656 appellationis
507 1573 712 1639 devolvatur.
732 1573 827 1640 Unde
841 1582 1097 1641 reverateuetur
1107 1578 1238 1660 Episco-

111 1707 177 1782 pus
191 1708 232 1753 ex
244 1687 420 1754 definitivis
449 1690 617 1754 sententiis
632 1710 650 1754 a
666 1690 794 1755 vicario
809 1709 867 1756 suo
890 1689 998 1756 valide
1029 1693 1181 1777 prolatis;
1202 1691 1238 1759 id

111 1812 176 1881 est,
192 1805 381 1871 nullatenus
391 1805 480 1871 valet
492 1824 547 1870 eas
557 1805 731 1870 immutare
742 1813 799 1870 aut
811 1804 1012 1872 rescindere.

101 1897 105 1903 ⁵
164 1921 377 2000 QuAEsr104¹.
394 1959 439 1970 -
453 1925 499 1986 An
512 1928 541 1985 cl
552 1924 694 2003 qucrucdo
709 1926 873 2003 Episcopus
888 1929 1025 1984 tencatur
1042 1942 1081 1985 cc
1096 1930 1174 1986 occis
1183 1930 1237 2007 ju-

117 2039 379 2101 arctatleumua
402 2041 516 2101 Vicoric'
539 2042 587 2099 sci
605 2040 893 2118 ectrojuelicc‘olc'ler
907 2041 1083 2118 pestisl-
1097 2037 1236 2105 Videtur

118 2149 311 2228 dicendum,
324 2170 380 2217 eos
389 2152 508 2218 Vicarii
518 2151 679 2235 generalis
691 2144 966 2236 extra-judiciales
980 2159 1072 2217 actus
1085 2171 1179 2236 posse
1194 2153 1237 2219 ab

116 2269 280 2351 Episcopo
302 2269 419 2352 corrigi
433 2275 469 2334 et
488 2269 664 2347 immutari,
689 2286 770 2351 quos
793 2274 903 2351 posset
928 2268 1118 2351 Episcopus,
1141 2269 1168 2334 si
1194 2268 1237 2335 ab

117 2385 190 2467 ipso
213 2385 296 2468 gesti
321 2384 441 2462 forent,
461 2384 630 2449 annullare
657 2390 692 2448 et
718 2383 882 2466 corrigere
902 2404 908 2447 :
928 2384 946 2448 e
969 2391 1082 2449 contra
1111 2385 1167 2468 qni
1193 2383 1235 2448 ab

117 2501 279 2584 Episcopo
297 2499 381 2584 gesti
397 2500 546 2565 revocari
560 2506 738 2583 nequeunt,
757 2497 907 2564 eumdem
923 2498 1088 2578 ellectum,
1107 2501 1235 2584 positia

117 2617 249 2682 Vicario
260 2617 413 2701 generali,
434 2617 623 2682 sortientur.
647 2615 729 2681 Rem
752 2615 911 2699 exemplis
934 2617 1145 2682 illustremus.
1167 2618 1236 2682 Dis-

117 2735 342 2819 pensationem
355 2734 396 2799 ab
413 2732 580 2798 intertitiis
597 2730 749 2797 ordinum
771 2752 790 2795 a
812 2750 847 2796 se
877 2750 1060 2797 concessam
1078 2750 1234 2798 revocare

116 2856 229 2933 potest
237 2848 426 2933 Episcopus,
444 2855 519 2914 ante
535 2847 699 2930 expletam
717 2845 957 2912 ordinationem
975 2868 982 2911 :
997 2843 1146 2911 eamdem
1162 2866 1234 2911 con-

118 2964 327 3029 cessionema
347 2963 474 3028 vicario
489 2960 634 3044 generali
652 2959 772 3024 factam
787 2978 943 3025 revocare
959 2959 1091 3043 poterit.
1106 2959 1234 3026 Rescin-

117 3079 200 3146 dere
225 3080 339 3163 nequit
357 3079 534 3161 Episcopus
559 3075 799 3142 matrimonium
819 3073 897 3141 alias
921 3073 1077 3153 ualidum,
1095 3074 1147 3140 cui
1164 3077 1233 3159 ipse

116 3198 331 3263 assistentiam
345 3194 485 3279 praebuit
502 3216 509 3259 :
527 3213 588 3259 nec
601 3192 789 3288 rescindere
802 3193 924 3277 poterit
937 3192 964 3256 si
981 3191 1063 3261 hanc
1084 3193 1234 3259 assisten-

116 3315 196 3379 tiam
221 3311 399 3396 prebuerit
428 3309 576 3376 llicarius
598 3310 774 3392 generalis,
804 3309 1012 3394 quantumvis
1035 3308 1128 3374 inea
1150 3327 1234 3392 prae·

116 3427 233 3496 stando
246 3427 443 3512 peccaverit.
459 3424 659 3492 Rescindere
678 3427 797 3510 nequit
808 3426 986 3510 Episcopus
997 3425 1233 3491 absolutionem

116 3546 160 3612 ab
174 3542 517 3619 excommunicatione,
544 3558 641 3625 quam
660 3543 888 3624 pronuntiaret
907 3562 913 3607 :
928 3559 1034 3626 neque
1049 3540 1160 3607 iacere
1175 3561 1234 3626 pc·

116 3667 184 3729 test
198 3666 235 3725 ut
249 3680 314 3727 non
331 3660 395 3725 sint
410 3676 489 3723 vere
505 3656 644 3722 absoluti
662 3675 743 3741 quos
757 3657 903 3723 Vicarius
916 3656 957 3722 ab
974 3657 1238 3724 excommunica·-

114 3777 205 3843 tione
227 3774 375 3857 absolvit.
392 3771 485 3838 Idem
504 3771 628 3855 applica
648 3772 774 3837 caeteris
786 3770 1020 3857 jurisdictionis
1046 3770 1234 3856 extra-judi-

114 3890 251 3957 cialibus
266 3888 401 3966 actibus,
420 3905 501 3972 quos
522 3887 685 3969 explicare
708 3887 740 3949 vi
759 3885 858 3952 oflicii
883 3886 934 3950 sui
957 3891 1066 3967 potest
1086 3886 1232 3952 Vicarius

114 4006 275 4092 generalis
289 4027 296 4088 ;
315 4011 349 4070 et
360 4005 506 4086 reperies
515 4009 595 4067 tunc
606 4021 699 4086 posse
714 4000 755 4065 ab
767 4002 925 4086 Episcopo
937 4000 1087 4079 rescindi,
1103 4001 1233 4086 quando

115 4131 150 4189 et
159 4122 201 4188 ab
214 4120 331 4189 eodem
341 4121 499 4204 Episcopo
514 4119 596 4202 gesti
611 4117 753 4185 rescindi
770 4124 912 4202 possent.
934 4114 1032 4198 Quod
1046 4116 1179 4183 tandem
1194 4137 1232 4185 eo

150 4385 187 4450 (l)
203 4383 237 4433 bc
250 4395 297 4446 qne
305 4381 412 4433 nullitate
424 4379 477 4430 ride
491 4377 553 4428 inira
567 4379 668 4429 sectione
678 4380 703 4439 5,
719 4392 772 4440 cap.
787 4379 811 4426 2.
