2714 4980
124 286 187 349 354
472 301 660 349 anserinus
682 304 727 349 nn
749 303 897 350 tUchlts.

122 424 184 490 bus
200 425 365 508 restringit
380 423 441 488 hoc
459 423 556 490 modo
571 447 578 489 :
594 429 677 490 Licet
690 432 723 490 in
742 427 908 506 Offioioicm
922 430 1077 509 Episcopi,
1092 447 1144 509 por
1156 448 1216 492 con·

116 548 291 606 missionem
304 543 395 622 affini
407 546 588 624 pnmroiitcr
600 545 658 606 sibi
671 547 795 624 foetam,
818 564 978 609 consorano
995 550 1125 626 connitio
1142 551 1220 608 noas

120 661 256 739 fernim,
279 666 457 741 potestatem
487 667 586 723 tomen
612 663 796 740 inquirendi,
817 663 1001 741 corripiendi,
1024 668 1080 724 ont
1094 663 1221 741 partimi
1264 722 1266 729 .

119 778 290 857 otiqnonom
305 795 451 854 encessns,
470 796 521 838 sen
534 777 650 860 oiiqnos
665 783 758 839 asnis
768 777 928 856 demittis,
943 777 1066 856 officiis,
1087 779 1136 840 nei
1147 780 1222 841 admi

120 892 350 956 nistrotionitns
371 896 539 970 onmoendi,
560 896 722 973 transferri
735 895 917 957 noiamnsin
928 897 1223 975 condemnatam
1264 894 1266 968 l

116 1012 238 1073 cioiitcr
253 1011 313 1073 lonc
327 1013 385 1074 sibi
399 1017 637 1074 committantur.
650 1012 698 1075 Ex
713 1010 830 1095 quilius
842 1009 925 1094 juris
939 1011 1126 1077 communis
1140 1009 1223 1092 dispo
1264 1006 1266 1051 ἶ

118 1127 288 1192 sitionibus
298 1135 412 1210 aperte
423 1129 583 1212 sequitur,
601 1147 695 1213 posse
705 1127 845 1212 aliquem
859 1147 930 1194 esse
945 1146 1069 1194 rerum
1081 1128 1223 1194 Vinariun
1264 1084 1266 1165 Ι

16 1318 18 1323 ,
119 1245 317 1336 generalem,
338 1245 398 1308 etsi
412 1244 512 1327 ipsius
530 1243 713 1329 jurisdictio
731 1246 774 1310 sit
786 1245 955 1311 moraliter
978 1243 1152 1311 dumtaxat
1170 1244 1223 1310 uui
1264 1262 1266 1267 ·

79 1344 81 1350 ¹
120 1360 255 1425 versalia
271 1359 380 1443 quoad
397 1380 519 1439 causas,
536 1361 647 1439 idest,
667 1361 889 1426 restrictiores
899 1359 1064 1444 quasdam
1079 1362 1219 1443 putatur.

119 1476 352 1542 Restrictiones
364 1486 475 1542 tamen
489 1477 551 1540 nte
568 1475 692 1542 debent
705 1496 776 1542 esse
796 1496 856 1559 per
873 1475 1010 1541 modum
1026 1476 1221 1558 exceptionis

114 1599 152 1656 et
172 1591 353 1676 jurisdictio
378 1591 479 1657 dehet
504 1592 644 1656 conferri
668 1593 864 1675 generaliter
886 1611 946 1658 seu
970 1593 1221 1665 universaliter:

119 1707 259 1792 alioquin
274 1709 419 1774 vicarius
434 1709 581 1791 Episcopi
593 1708 634 1773 ad
648 1716 755 1773 certas
770 1707 924 1792 quasdam
945 1706 1120 1774 dumtaxat
1133 1725 1223 1773 canas

119 1821 305 1905 deputatus,
325 1844 390 1888 non
407 1833 493 1889 esset
505 1825 651 1888 Vicarius
666 1824 835 1907 generalis,
855 1822 914 1889 sed
928 1842 1043 1889 merus
1058 1824 1219 1908 delegatus.

163 1941 197 2002 2⁰
220 1939 313 2005 Idem
329 1939 463 2005 videtur
478 1938 652 2004 dicendum
668 1939 709 2005 de
721 1940 966 2005 universalitate
984 1939 1097 2024 quoad
1112 1941 1223 2005 territo

118 2055 222 2138 rium3
237 2050 332 2137 posse
354 2074 471 2137 nempe
485 2061 519 2119 et
534 2055 628 2119 istam
643 2055 781 2147 intelligi
799 2055 979 2134 moraliter,
999 2075 1061 2120 seu
1074 2075 1150 2122 cum
1161 2075 1221 2120 nou·

117 2170 214 2235 nullis
239 2169 497 2253 exceptionibus.
525 2170 729 2235 Contrarium
757 2169 890 2254 quidem
921 2171 1061 2238 innuere
1088 2171 1221 2237 videntur

118 2289 300 2366 canonista,
319 2288 414 2352 verbi
436 2288 549 2370 gratia,
572 2287 770 2369 Laureuius3
797 2288 853 2371 qui
871 2287 1009 2365 vultui
1030 2293 1073 2353 ori
1090 2293 1221 2355 Vicorinn

116 2408 282 2486 pencrotcm
299 2409 471 2483 reqnirctnr
491 2405 717 2465 administratio
736 2408 769 2465 in
782 2405 994 2483 spiritualitas
1013 2410 1043 2466 ei
1061 2407 1220 2485 peneroitter

110 2527 272 2584 commisso
294 2522 391 2600 quood
414 2524 514 2582 orrrnio
531 2522 605 2597 ioco,
624 2539 675 2580 son
690 2525 783 2581 totam
794 2521 952 2583 dioecesin.
967 2523 1004 2584 Si
1017 2527 1099 2584 enim
1115 2515 1218 2606 (iuquit)

116 2644 296 2720 constitutus
307 2640 402 2699 soloin
417 2643 458 2698 sit
473 2640 601 2698 iimitotc
614 2643 731 2698 tontnrn
743 2656 802 2717 pro
816 2642 855 2699 iis
869 2643 921 2716 qni
942 2644 976 2700 in
989 2643 1117 2701 civitate
1132 2644 1220 2720 opino

113 2755 182 2832 poti
192 2754 314 2832 tenant,
330 2770 390 2813 non
396 2757 496 2831 potest
509 2754 621 2811 censeri
636 2754 663 2810 is
676 2768 737 2810 esse
748 2751 907 2829 pancratis,
932 2755 990 2812 etsi
1010 2757 1055 2812 sic
1074 2753 1220 2832 appetion-

119 2875 209 2932 tor...
225 2872 303 2947 (inin
313 2869 366 2929 itoc
376 2873 441 2947 ipso
453 2872 498 2928 ito
512 2871 667 2927 restrictos
678 2867 718 2927 od
730 2870 882 2928 cinitotcrn
893 2868 1069 2947 inmineat,
1083 2871 1219 2948 ironiam

116 2987 196 3049 idern
207 2989 415 3047 consistorium
436 3002 502 3044 cnm
519 2985 681 3062 Episcopo;
696 2983 747 3043 sed
764 2983 882 3045 notabit
891 2985 1138 3063 jurisdictionem
1153 2987 1219 3064 ajo·

118 3105 291 3166 risdictiono
310 3104 450 3183 Episcopi
470 3102 619 3177 dinisam,
641 3118 765 3178 cornone
782 3101 960 3180 dciepotom,
988 3119 1051 3163 non
1075 3103 1219 3165 chamilon

110 3221 320 3301 jurisdictioni
352 3221 539 3280 Vicoriornm
571 3217 733 3277 rnroiinm.
766 3214 825 3300 (Dc
853 3219 983 3279 Viooriis
1011 3221 1216 3300 Episcoporon,

118 3351 190 3414 cap.
220 3336 249 3410 l,
273 3331 450 3416 quastione
472 3327 518 3413 8.)
542 3330 616 3394 Haec
635 3337 745 3394 tamen
764 3328 912 3396 doctrina
927 3351 1003 3396 cum
1022 3332 1110 3398 thesi
1132 3340 1219 3400 nostro

40 3449 42 3454 '
116 3468 183 3513 non
196 3456 329 3531 pugnat.
347 3423 444 3512 Aliud
464 3447 549 3511 enim
568 3454 619 3512 est
640 3446 781 3530 aliquem
805 3448 957 3512 constitui
981 3449 1149 3516 Vicarium
1167 3447 1220 3530 toi

117 3568 208 3650 scopi
221 3567 355 3632 limitato
373 3568 471 3646 qnood
493 3568 582 3628 tatem
605 3568 767 3628 inimicent
787 3566 898 3645 torona·v
909 3573 944 3630 et
957 3565 1048 3632 aliud
1061 3585 1139 3633 culn
1150 3567 1222 3632 lior

117 3685 202 3749 marm
216 3681 369 3765 deputari
385 3680 584 3765 generaliter
597 3679 705 3765 quoad
726 3686 828 3745 totam
846 3680 1025 3760 dioecesim,
1041 3691 1161 3766 eccepto
1178 3681 1222 3745 aa

118 3807 298 3865 monasterio
320 3801 368 3861 noi
388 3802 444 3861 toti
464 3801 584 3880 oppido.
613 3796 767 3862 eradat
792 3799 964 3863 canonista
994 3798 1173 3884 loquuntur
1191 3796 1222 3862 de

118 3919 220 4002 priori
243 3914 454 3981 restrictionis
480 3914 607 3997 specie;
632 3919 666 3978 et
690 3931 797 3997 neque
818 3933 877 3979 uos
899 3933 1058 3998 negamus
1080 3917 1222 3983 Vinnium

118 4034 278 4117 Episcopi,
304 4051 365 4114 pro
388 4031 445 4094 tali
468 4029 617 4094 dioecosis
636 4029 708 4094 loco
733 4027 903 4096 dumtaxat
924 4033 1149 4111 constitutum,
1167 4048 1221 4098 este

118 4167 247 4213 morum
268 4147 464 4230 delegatum,
488 4154 522 4210 et
541 4146 728 4210 nullatenus
748 4164 808 4227 pro
834 4167 914 4212 vero
941 4149 1073 4214 Vicario
1096 4144 1221 4233 generali

118 4263 314 4329 habendum.
330 4263 449 4327 Atvero
465 4260 595 4345 quando
612 4263 837 4326 universalitas
851 4263 915 4344 ipsi
931 4282 1092 4330 concessae
1109 4259 1221 4350 jurisdi-

119 4381 233 4444 ctionis
249 4379 459 4461 restringitur
475 4397 535 4460 por
548 4377 680 4444 modum
697 4379 906 4463 exceptionis,
921 4381 967 4446 ita
977 4383 1221 4468 utconstitnatnr
