2714 4980
549 315 628 364 raas
649 316 809 364 scamni.
1169 301 1229 364 tlt

111 434 373 521 jurisdictionem
392 437 610 521 episcopalem
623 437 685 502 nisi
697 438 951 505 ministerialiter
965 447 1000 506 et
1015 439 1145 505 nomine
1162 440 1237 523 Epi·

115 552 209 635 scopi
224 550 454 627 exercendam,
477 560 512 619 et
526 552 571 618 ad
592 559 710 618 notum
731 552 881 638 ejusdem
902 555 1053 638 Episcopi
1068 555 1238 622 revocabi-

113 668 194 745 lem,
217 666 353 733 inferior
371 665 480 752 quoad
495 668 747 752 precellentium
767 669 952 735 censendus
970 677 1022 736 est
1040 688 1091 748 eo,
1109 671 1165 756 qni
1188 669 1237 736 di-

114 790 205 848 ctam
233 779 505 866 jurisdictionem,
529 801 590 867 per
622 801 656 848 se
686 784 792 866 ipsum
830 791 865 850 et
901 783 1166 869 independenter
1195 787 1238 852 ab
1312 791 1317 800 '

114 899 280 981 Episcopo
298 897 408 977 hahet,
432 905 465 963 ta
485 900 591 962 tabita
613 897 693 964 sede
715 899 822 983 plena,
842 908 876 965 et
895 901 993 966 etiam
1014 908 1048 966 ic
1066 910 1136 966 catu
1158 901 1237 968 sede

115 1018 267 1091 vacante,
285 1013 405 1097 quique
429 1032 489 1096 per
510 1015 651 1098 seipsum
673 1021 707 1079 et
732 1013 997 1098 independenter
1018 1016 1060 1081 ab
1080 1017 1238 1102 Episcopo

114 1135 170 1195 est
181 1128 355 1194 auxiliator
367 1136 463 1194 natus
478 1129 630 1212 Episcopi
640 1130 674 1194 in
688 1130 840 1194 Ecclesia
856 1131 1024 1213 regimine,
1045 1139 1080 1197 et
1098 1133 1156 1216 qui
1166 1141 1239 1198 tan·

115 1242 197 1310 dem
214 1241 251 1307 id
259 1241 343 1328 juris
359 1242 460 1309 habet
470 1242 532 1308 sibi
548 1242 710 1309 stabiliter
721 1262 780 1308 seu
794 1244 829 1307 in
843 1252 1070 1328 perpetuuma
1087 1247 1161 1329 lege
1177 1247 1239 1313 ccl·

113 1359 235 1425 latum.
255 1357 355 1443 atqui
371 1357 517 1423 vicarius
532 1358 705 1442 generalis,
729 1359 790 1424 etsi
809 1377 908 1424 unam
924 1367 959 1425 et
974 1359 1125 1427 eamdem
1143 1360 1240 1447 juris·

115 1473 297 1540 dictionem
324 1472 444 1539 habeat
470 1491 544 1538 cum
565 1473 741 1557 Episcopo,
766 1481 805 1539 ut
822 1475 1047 1558 probavimus,
1074 1477 1239 1562 ipsiusque

115 1608 295 1676 personam
310 1595 395 1673 agat,
409 1596 507 1673 atque
522 1587 600 1654 inde
618 1590 679 1672 ipsi
696 1590 874 1673 plurimum
887 1591 1019 1657 honoris
1041 1599 1077 1658 et
1093 1594 1241 1677 praeemi-

115 1708 239 1774 nentiae
255 1706 373 1772 merito
388 1706 432 1770 sit
446 1704 674 1784 tribuendum,
692 1724 758 1770 non
779 1713 830 1770 est
852 1713 962 1772 tamen
981 1709 1016 1772 in
1037 1707 1127 1775 dicta
1144 1708 1241 1795 juris·

117 1823 266 1890 dictione
282 1820 467 1888 exercenda
479 1821 540 1886 nisi
551 1821 710 1899 minister,
732 1840 773 1886 ex
787 1821 890 1887 libera
904 1823 1056 1907 Episcopi
1070 1824 1240 1891 voluntate

117 1939 329 2016 constitutus,
346 1943 431 2004 etex
446 1936 563 2002 eadem
574 1935 680 2002 libera
691 1935 858 2002 voluntate
870 1938 1110 2004 revocabilisE
1128 1947 1242 2005 contra

117 2055 310 2140 Capitulum
328 2074 370 2121 ex
385 2034 460 2139 jure
476 2054 558 2137 ipso,
577 2061 613 2118 et
634 2072 699 2118 non
719 2072 761 2118 ex
784 2052 921 2120 arbitrio
935 2055 1094 2139 Episcopi,
1111 2054 1243 2141 jurisdi-

117 2173 230 2239 ctione
250 2171 425 2256 episccpali
437 2169 539 2255 pollet
557 2175 591 2234 tn
604 2171 719 2246 tcbttc,
738 2168 817 2234 sede
837 2170 945 2252 plena,
964 2177 999 2236 et
1015 2178 1049 2236 ta
1066 2173 1146 2248 cctc,
1164 2171 1242 2240 sede

118 2294 279 2374 vacante3
299 2293 415 2372 estque
427 2287 562 2370 insuper
576 2286 747 2351 auxiliator
761 2293 866 2364 natus,
883 2285 980 2367 idest,
1006 2307 1025 2352 a
1046 2288 1120 2372 lege
1146 2288 1244 2354 datus

119 2407 284 2491 Episcopo
301 2405 336 2468 in
351 2403 504 2470 Ecclesiae
521 2402 696 2486 regimine3
712 2420 782 2486 que
795 2404 1017 2486 praerogative
1038 2403 1200 2470 stabiliter
1212 2405 1244 2471 ei

118 2524 297 2601 inherent,
314 2541 375 2587 nec
389 2527 464 2585 sunt
480 2518 523 2584 ad
542 2527 658 2584 nutum
671 2518 823 2603 Episcopi
837 2519 1050 2586 revocabiles.
1066 2520 1159 2609 (Vide
1174 2521 1244 2586 haec

118 2639 253 2706 firmata
273 2637 308 2701 in
326 2642 470 2701 tractatu
494 2652 567 2699 meo
593 2636 630 2696 cte
658 2629 835 2715 Capitulis.)
863 2633 950 2716 Ergo
974 2634 1122 2699 vicarias
1146 2653 1244 2718 gene·

120 2757 209 2834 ralis,
233 2753 341 2840 quoad
359 2750 624 2836 precellentium,
644 2747 784 2814 inferior
804 2748 946 2831 capitulo
964 2748 1148 2815 censendus
1161 2758 1212 2817 est
1233 2774 1240 2817 :

119 2873 267 2955 capitulo,
288 2869 429 2953 inquam,
447 2885 514 2931 non
532 2871 642 2930 antem
662 2862 822 2928 canonicis
842 2864 978 2929 seorsim
1001 2866 1152 2949 sumptis3
1169 2866 1243 2950 quia

120 2986 220 3053 dictae
230 2983 455 3068 praerogativa
469 2980 610 3064 capitulo
623 2986 660 3045 ut
670 2979 737 3056 tali,
755 2997 819 3045 non
833 2996 913 3045 vero
923 2978 1135 3065 singidisejns
1146 2999 1245 3045 mem-

122 3104 205 3182 bris,
229 3121 248 3166 a
258 3099 333 3185 jure
353 3099 478 3164 collatae
493 3103 579 3161 sant.
1031 3103 1034 3108 ’

168 3220 238 3284 Hoc
254 3223 366 3281 autem
383 3211 542 3297 principio
561 3211 662 3276 semel
684 3209 834 3288 admisso,
861 3212 1067 3279 mirationem
1089 3233 1156 3281 non
1176 3232 1245 3280 mo-

123 3335 253 3403 vebunt
279 3330 521 3417 quamplurimae
546 3328 577 3392 S.
601 3328 894 3411 congregationum
918 3330 1134 3396 Romanarum
1157 3328 1246 3397 deci-

121 3455 243 3530 siones,
263 3467 335 3535 quac
352 3449 387 3512 in
402 3446 512 3513 multis
526 3445 691 3512 vicarium
707 3447 895 3530 generalem
911 3448 1053 3532 capitulo
1067 3447 1246 3516 cathedrali

121 3573 339 3657 postponunt.

168 3687 230 3753 ΙΙΙ.
248 3688 394 3764 manum
407 3687 449 3744 sc't
463 3681 568 3762 sepulc
576 3682 797 3762 procedentia,
822 3683 974 3743 Vtcarc'um
989 3684 1156 3761 generalem
1166 3687 1246 3746 inter

122 3813 153 3870 et
171 3803 341 3886 capitulum
357 3818 393 3861 cc
410 3799 599 3879 dipattctes?
614 3832 660 3844 -
672 3794 849 3861 Remissive
869 3793 912 3859 ad
937 3801 1114 3861 tractatum
1137 3814 1247 3863 meum

122 3920 339 4001 decapitatis,
359 3933 434 3998 pag.
454 3916 515 3978 523
533 3919 647 3996 etseq.

172 4039 228 4103 [v.
250 4029 424 4116 Quomodo
437 4032 471 4095 in
483 4027 608 4114 synodo
625 4027 818 4105 dioecesana,
837 4026 982 4092 Vicarius
991 4026 1151 4109 generalis
1163 4047 1248 4111 prae-

123 4152 224 4222 cedat
242 4147 456 4234 dignitatibus
482 4153 517 4212 et
545 4145 608 4210 toti
634 4143 787 4229 capitulo,
811 4140 909 4208 modo
923 4148 1034 4206 tamen
1052 4141 1121 4224 ipse
1139 4153 1248 4226 gestet

123 4269 276 4338 habitum
290 4263 487 4340 vicarialem,
509 4268 544 4327 et
561 4261 705 4328 canonici
724 4277 789 4325 non
808 4258 872 4323 sint
889 4258 1006 4342 parati,
1021 4255 1056 4321 id
1071 4262 1132 4335 est,
1152 4265 1250 4329 vesti·
