2714 4980
509 357 590 407 raus
611 356 725 406 nurus.
1132 345 1174 410 m

56 480 137 547 tioso
150 481 436 564 pronuntiabatur,
452 491 528 568 post
538 484 715 569 probatum
727 482 864 563 crimen,
880 481 937 551 rel
949 481 1177 554 condemnatio

55 596 97 663 ad
115 616 232 682 poenas
255 600 454 683 poeuitentioe
486 601 636 685 publicae,
662 601 717 666 vel
751 601 1051 681 excommunicatio,
1062 601 1118 668 vel
1138 602 1174 690 (’

53 731 131 780 reus
142 721 231 780 esset
246 713 288 780 de
304 713 403 801 clero)
417 717 594 800 suspensio,
610 716 769 802 depositio
781 723 839 782 aut
851 716 1054 801 degradatio.

97 830 175 896 Fori
194 831 427 913 poeniteutialis
446 833 639 899 exercitium
663 835 698 898 in
716 852 757 899 eo
779 840 860 911 erat,
882 840 921 900 ut
941 833 1119 919 Episcopus
1128 833 1177 922 (et

52 953 169 1030 postea
185 945 460 1032 Poeniteutiarius)
480 949 665 1033 invigilaret
685 957 719 1015 et
740 957 945 1034 procuraret,
962 951 1176 1034 poenitentem

56 1064 136 1151 (sive
153 1064 243 1130 ultro
258 1064 390 1130 crimina
405 1085 463 1131 sua
480 1067 701 1145 confitentem,
719 1068 788 1133 sive
803 1066 846 1134 de
861 1068 900 1132 iis
912 1068 946 1132 in
959 1066 1084 1153 judicio
1101 1087 1178 1136 com

52 1176 203 1263 rictum),
220 1181 325 1263 pmnis
338 1201 357 1246 a
373 1183 551 1249 canonibus
565 1185 697 1251 statutis
712 1182 828 1268 subdi;
844 1201 910 1268 quo
925 1192 1070 1268 peracto,
1088 1185 1178 1269 Epis·

55 1314 158 1380 copus
175 1300 233 1360 aut
246 1295 509 1364 Ponitentiarius
521 1298 757 1366 absolutionem
771 1287 1002 1385 impertiendo,
1015 1301 1177 1385 peaniten-

53 1420 121 1479 tem
134 1412 286 1478 Ecclesia
301 1413 542 1481 reconciliabat.
562 1416 638 1482 Fori
649 1424 760 1482 autem
775 1417 970 1483 contentiosi
984 1416 1177 1482 exercitium

56 1529 90 1595 in
100 1549 140 1596 eo
154 1536 237 1608 erat,
255 1537 295 1596 ut
308 1529 350 1596 de
361 1531 469 1618 aliquo
484 1531 629 1599 facinore
641 1541 821 1613 accusatus,
836 1534 890 1599 vel
904 1552 965 1618 pro
978 1553 1074 1600 causa
1090 1534 1177 1600 civili

57 1648 89 1715 in
104 1646 266 1733 judicium
284 1656 428 1727 uocatus,
450 1669 469 1715 a
485 1648 596 1734 judice
615 1652 834 1718 ecclesiastico
858 1650 902 1718 ad
920 1650 1176 1736 comparendum

58 1771 243 1842 vocaretur,
257 1765 441 1851 auditisque
460 1768 651 1834 testimoniis
667 1777 702 1834 et
726 1776 906 1836 contestata
927 1769 998 1847 lite,
1015 1768 1177 1835 sententia

60 1882 339 1966 pronuntiaretur.
359 1882 431 1964 Quo
445 1890 535 1948 certe
547 1891 638 1967 patet
653 1885 800 1969 utrisque
815 1884 879 1950 fori
894 1883 1067 1951 discrimen
1082 1892 1117 1950 et
1124 1882 1174 1949 di·

62 2017 154 2064 versa
164 1996 318 2065 conditio.
331 2000 400 2065 Nec
413 1998 543 2066 dicatur
560 2001 753 2066 sententiam
766 2001 801 2065 in
814 2001 898 2080 foro,
914 2018 1012 2085 quem
1024 2018 1084 2066 nos
1097 2016 1174 2065 con·

61 2117 236 2181 tentiosum
249 2114 396 2196 dicimus,
411 2117 664 2201 pronuntiatam,
679 2117 759 2182 nihil
771 2117 860 2183 aliud
874 2117 973 2182 fuisse
988 2133 1175 2200 quamcom

58 2231 300 2300 domuitionem
332 2233 376 2300 ad
399 2233 603 2300 subeundam
635 2234 798 2318 publicam
831 2234 1076 2319 poenitentiam:
1099 2246 1176 2299 nam

59 2356 167 2434 primo,
186 2368 271 2434 supe
284 2349 558 2435 diversaerat3ut
569 2348 712 2436 quaudo,
732 2351 824 2417 verbi
834 2352 950 2436 gratia,
965 2349 1053 2416 Reus
1061 2349 1176 2434 aliquis

62 2466 199 2534 clericus
220 2465 323 2532 officio
344 2466 536 2551 privabatur
557 2475 591 2532 et
612 2465 728 2550 gradu
752 2469 899 2547 Secundo,
928 2467 1028 2532 etiam
1045 2463 1175 2550 quando

63 2581 277 2666 damnabatur
286 2583 372 2650 Reus
386 2583 430 2650 ad
443 2582 648 2650 subeundam
658 2585 883 2667 poenitentiam
896 2582 1071 2667 publicam,
1084 2579 1175 2665 aliud

64 2707 132 2767 erat
154 2699 311 2785 judicium
330 2700 459 2768 forense
480 2708 514 2766 et
532 2702 779 2779 contentiosum,
801 2699 891 2787 quod
908 2719 969 2784 per
984 2700 1084 2766 talem
1101 2706 1175 2766 sem

61 2818 196 2884 tentiam
208 2817 354 2898 finiebat,
376 2825 411 2884 et
428 2816 519 2885 aliud
532 2819 601 2903 ipsa
616 2818 810 2902 poenitentia
824 2816 956 2901 publico
972 2823 1008 2883 et
1024 2815 1089 2907 fori
1103 2833 1174 2900 pm·

63 2933 235 3001 nitentialis
245 2934 447 3014 exercitium,
463 2952 534 3019 qum
550 2942 629 3001 tunc
639 2933 807 3000 dumtaxat
821 2933 1029 3017 incipiebant,
1042 2930 1174 3018 quaudo

64 3048 208 3130 absoluta
223 3057 258 3116 et
272 3049 406 3117 definita
421 3068 516 3117 causa
529 3049 639 3117 fuerat
652 3051 686 3116 in
699 3049 772 3118 foro
783 3048 994 3117 contentioso.

574 3351 589 3425 5
607 3340 679 3412 ΙΙΙ.”

303 3588 472 3649 Argumentum
487 3599 516 3645 ct
530 3585 603 3636 variis
616 3588 661 3637 hac
674 3585 703 3636 dc
714 3599 740 3636 re
752 3584 936 3637 definitionibus.

101 3861 259 3944 Quamvis
286 3859 422 3948 alicujus
444 3863 690 3942 universitatis,¹
699 3860 865 3930 conciliive
888 3860 1093 3946 particularis
1116 3859 1177 3929 dc·

63 3987 145 4046 creta
162 3979 356 4064 dogmatica,
375 3999 440 4047 uon
458 3981 523 4045 sint
541 3979 728 4048 infallibiles
743 3978 961 4056 definitiones,
978 3997 1044 4045 nou
1065 3976 1122 4045 abs
1138 3997 1176 4047 re

63 4099 166 4163 umen
183 4095 249 4161 erit
260 4095 414 4162 nonnulla
432 4098 547 4164 saltem
562 4098 762 4180 pramittere
777 4093 938 4181 ejusmodi
953 4091 1152 4166 documenta
1165 4115 1173 4178 ;

64 4211 101 4281 td
124 4213 258 4298 proprie
284 4211 387 4281 dictas
412 4213 490 4282 inde
520 4215 671 4283 Ecclesia
694 4212 902 4281 definitiones
926 4230 1080 4304 gressum=
1102 4211 1175 4279 iac-

65 4331 123 4396 tun·

104 4445 280 4514 Concilium
294 4447 477 4516 Senonense
491 4450 566 4516 anni
584 4451 673 4528 1528,
692 4447 840 4556 (tractio
857 4450 1026 4534 dandami,
1049 4452 1128 4533 tom.
1140 4449 1172 4525 92
