2714 4980
549 273 629 320 rans
650 272 763 320 ruina.
1150 258 1209 321 321

144 403 177 464 10
188 396 404 465 scribendum
421 404 472 463 est
494 398 529 461 in
547 376 637 463 carte
654 395 786 475 munda,
810 416 852 462 ne
873 397 1013 482 alioquin
1029 403 1216 482 suspectum

98 512 280 598 reddatur;
304 517 339 579 2⁰
364 511 553 578 omittendae
586 520 663 577 sunt
689 512 873 582 litterarum
895 511 1156 586 abbreviationes
1179 532 1216 579 ao

95 647 196 697 voces
211 628 379 713 ambigue,
396 636 536 714 suntque
553 627 722 694 scribendi
742 629 870 693 numeri
884 629 1019 712 integris
1037 628 1212 709 vocabulis,

95 763 163 811 non
176 743 315 829 ziffcris3
332 749 366 812 3⁰
392 745 427 810 in
440 744 612 830 proloquio
625 743 1028 828 premittendatnvocatio
1042 744 1145 811 divini
1159 765 1216 813 no-

96 860 205 938 miniS,
220 860 316 926 verbi
327 861 448 943 gratia:
465 864 505 926 In
516 866 633 924 nornine
643 864 765 924 Domini
776 880 879 941 oncen;
890 842 945 925 vel
958 867 991 924 in
1005 866 1123 924 nornine
1132 865 1166 926 S.
1179 865 1213 926 S.

96 984 126 1041 ei
138 980 309 1045 individuae
323 982 500 1056 Trinitatis·
521 978 556 1040 4⁰
568 974 780 1060 exprimenda
793 983 924 1061 tempus
938 983 972 1042 et
985 976 1096 1061 locus;
1121 980 1154 1042 5⁰
1169 976 1217 1042 fa-

96 1097 190 1158 ctum
204 1091 330 1175 integre
346 1096 381 1156 et
395 1088 541 1156 fideliter
558 1087 828 1174 describendum3
847 1093 882 1157 6⁰
897 1090 1068 1157 inserenda
1089 1094 1219 1158 nomina

96 1207 254 1273 testium:
271 1226 337 1272 uon
350 1214 460 1273 tamen
472 1225 603 1273 necesse
619 1213 680 1287 est,
699 1207 760 1272 nisi
773 1207 809 1272 in
828 1207 956 1273 casibus
971 1206 1074 1293 ajure
1087 1226 1217 1291 expres

98 1323 152 1399 sis,
169 1329 210 1386 ut
222 1322 256 1386 hi
267 1321 470 1389 subscribant
483 1338 493 1401 ;
510 1319 570 1386 sed
583 1321 660 1386 satis
672 1329 721 1387 est
735 1321 770 1387 in
782 1340 896 1388 eornm
911 1325 1083 1406 praesentia
1096 1323 1215 1399 instru-

98 1445 250 1503 mentum
267 1436 397 1521 coniici3
420 1440 454 1502 7⁰
473 1435 679 1502 subscribere
700 1434 802 1504 debet
824 1439 969 1503 notarius
984 1457 1080 1504 suum
1098 1457 1218 1505 nomen

99 1561 136 1618 et
154 1572 345 1638 cognomen,
363 1552 511 1638 soletque
527 1552 670 1636 sigillum
686 1571 781 1618 suum
804 1573 980 1639 apponere.

145 1671 196 1737 dn
213 1677 324 1736 autem
342 1669 451 1736 multae
478 1688 519 1735 ex
537 1667 723 1754 hujusmodi
739 1670 997 1737 solemnitatibus
1021 1671 1064 1739 ad
1082 1672 1220 1739 formam

100 1786 350 1854 substantialem
366 1787 578 1853 instrumenti
594 1786 718 1871 publici
735 1789 932 1871 pertineant,
950 1789 1128 1873 plurimum
1141 1810 1222 1874 pen·

100 1902 162 1969 det
178 1903 359 1967 alocorum
373 1899 620 1967 consuetudine.
636 1900 731 1988 (Vide
741 1902 1040 1987 Schmalzgrueber,
1054 1905 1088 1968 in
1100 1905 1151 1970 tit.
1164 1908 1218 1983 22,

102 2016 186 2084 libri
205 2021 225 2082 2
241 2016 383 2096 decret,
398 2037 432 2081 n.
455 2014 521 2100 15.)

146 2133 301 2216 Qumsuo
323 2136 369 2199 3⁸.
396 2169 441 2181 -
474 2137 628 2213 Οιιαηίιιηι
649 2135 778 2214 probent
801 2140 1001 2198 instrumento
1022 2137 1155 2216 publico.
1177 2172 1222 2185 -

106 2255 138 2315 10
156 2249 322 2333 Originule
337 2254 589 2330 transumptum,
608 2248 794 2314 coniectum
812 2269 832 2315 a
849 2250 973 2317 notario
989 2251 1023 2315 in
1039 2250 1144 2317 forma
1163 2250 1222 2318 de-

103 2365 184 2444 bita,
199 2384 261 2450 per
277 2384 312 2431 se
332 2363 437 2429 solum
454 2363 533 2429 iacit
547 2363 677 2448 plenam
690 2362 792 2430 fidem
810 2363 853 2431 de
871 2383 912 2431 eo
930 2365 1019 2452 quod
1034 2365 1222 2450 dispositive

104 2483 261 2560 continet,
278 2479 383 2547 donec
398 2478 558 2567 probetur
572 2481 782 2546 contrarium.
799 2480 920 2567 Estque
934 2483 1048 2566 regula
1066 2483 1135 2549 haec
1150 2490 1222 2550 tan-

106 2615 204 2683 quam
218 2603 308 2662 certa
319 2616 338 2660 a
350 2594 538 2662 doctoribus
549 2594 697 2661 admissa.

146 2714 298 2780 Diximus
312 2710 355 2777 de
366 2731 406 2776 eo
423 2709 511 2797 quod
527 2715 702 2794 dispositive
715 2713 872 2779 continet.
887 2715 968 2779 Nam
981 2714 1112 2799 plenam
1121 2713 1223 2781 iidem

108 2851 171 2898 non
188 2830 268 2896 facit
284 2827 392 2914 quoad
410 2848 450 2895 eu
469 2847 540 2914 quae
556 2835 742 2894 enuntiative
757 2849 815 2896 seu
830 2837 987 2896 narrative
1004 2839 1039 2898 et
1057 2836 1224 2898 incidenter

108 2954 286 3029 ponuntur.

148 3061 298 3128 Diximus
316 3063 406 3124 dnrcc
426 3066 611 3124 contrariom
626 3063 781 3143 probetur.
799 3061 913 3128 Potest
931 3063 1017 3129 enim
1037 3084 1057 3130 a
1078 3064 1224 3148 personis

109 3181 206 3246 etiam
228 3177 365 3262 publicis
384 3177 474 3243 fraus
495 3184 552 3242 aut
570 3196 664 3242 error
686 3180 855 3246 committi.
871 3181 903 3244 si
925 3199 1004 3265 ergo
1026 3181 1117 3248 fraus
1133 3202 1223 3250 com·

107 3296 203 3360 missa
216 3290 412 3358 sufficienter
424 3292 595 3375 probetur,
612 3291 696 3358 fides
713 3294 922 3361 instrumenti
937 3297 1086 3362 cessabit.

150 3412 188 3475 2⁰
205 3409 311 3474 Etiam
326 3408 541 3491 protocollum
559 3407 690 3492 plenam
706 3407 808 3475 fidem
822 3410 941 3492 facere,
960 3420 1011 3477 est
1024 3415 1223 3482 communior

102 3525 462 3593 doctorumsententia.
479 3522 572 3610 (Vide
587 3523 888 3610 Schmalzgrueber,
908 3529 941 3592 in
954 3528 1007 3598 tit.
1031 3532 1085 3608 22,
1108 3531 1184 3597 libri
1202 3533 1222 3594 2

102 3641 252 3720 decret,
271 3661 304 3705 n.
322 3637 390 3726 24.)

150 3760 188 3823 30
205 3754 312 3838 Copiae
329 3775 371 3820 ex
385 3754 534 3838 originali
550 3757 763 3840 transcriptae,
784 3776 881 3824 manu
897 3767 931 3824 et
944 3761 1140 3829 auctoritate
1157 3764 1224 3846 pri·

103 3879 195 3950 vata,
212 3869 393 3937 fidemnon
410 3869 544 3936 faciunt.

150 3988 189 4054 4⁰
214 3986 319 4070 Copiae
344 3987 547 4070 transcriptae
576 3984 617 4053 ab
646 3986 761 4054 eodem
794 3989 922 4055 notario
943 3991 999 4076 qui
1024 3991 1106 4058 fecit
1129 3994 1224 4078 origi-

103 4104 193 4184 nale,
216 4100 316 4170 fidem
330 4101 466 4182 iaciunt,
485 4103 611 4169 etiamsi
625 4102 717 4170 facta
733 4122 798 4168 nou
820 4103 943 4171 luerint
961 4106 1156 4174 authoritate
1172 4108 1226 4195 ju·

103 4221 203 4290 dicis.

154 4341 190 4402 5⁰
215 4335 320 4420 (lopiae
344 4334 438 4402 iactae
453 4355 472 4400 a
486 4337 610 4401 notario
624 4336 680 4420 qui
695 4336 849 4418 originale
869 4356 934 4402 uon
950 4337 1040 4418 fecit,
1057 4339 1158 4409 fidem
1178 4343 1227 4409 fa·

219 4450 239 4506 l.
1087 4455 1118 4512 21
