2714 4980
169 293 233 358 462
501 306 689 371 macrinus
712 306 757 353 nu
780 305 927 354 sumens.

215 438 245 499 1.
263 433 295 499 Si
312 434 373 517 ipsi
388 432 610 498 committatur
623 439 797 497 totacausu
809 426 1039 514 cognoscenda
1051 434 1087 493 et
1098 422 1276 511 judicanda,

167 547 301 615 dabitur
316 549 357 615 cb
376 567 416 612 eo
432 548 623 631 appellatio,
640 546 699 613 sed
718 554 796 612 tunc
810 565 877 611 non
891 551 967 628 aget
982 543 1125 627 praecise
1141 549 1284 625 tanquan

166 667 306 744 Auditor,
321 681 396 728 cnm
412 661 453 728 de
463 661 626 728 auditoris
641 660 736 727 officii
748 661 886 727 essentia
896 661 948 738 sit,
963 666 1002 723 ut
1016 663 1166 742 nequeat
1180 653 1280 720 defiui-

164 781 265 856 tivum
278 781 409 863 protere
424 780 629 845 sententiam.
641 780 711 843 Erit
726 798 803 863 ergo
813 779 847 843 in
864 778 926 842 hoc
941 794 1019 841 casu
1031 774 1170 859 proprie
1186 770 1281 836 dictus

156 902 257 981 judea
270 896 450 980 delegatus,
465 915 558 981 equo
568 895 764 978 regulariter
781 902 874 980 petet
889 892 932 960 ad
951 892 1166 976 delegantem
1180 889 1281 972 appel-

162 1013 252 1080 letio.

171 1176 173 1178 -
209 1132 240 1194 2.
263 1128 402 1193 Dabitur
417 1085 592 1210 appellatio
608 1128 634 1190 si
644 1126 706 1208 ipsi
719 1126 943 1191 committatur
955 1124 1030 1202 fiais
1043 1142 1156 1201 cousoe,
1173 1119 1207 1186 id
1224 1127 1276 1197 est,

163 1240 733 1325 sententiadefinitivaproferende:
753 1240 812 1338 sed
821 1258 926 1324 neque
936 1248 1030 1317 tunc,
1048 1259 1092 1305 ex
1104 1236 1210 1314 dictis,
1225 1233 1281 1301 offi-

164 1362 214 1426 cio
228 1359 395 1425 auditoris
409 1359 500 1441 fungi
517 1354 700 1423 censendus
713 1365 775 1422 est.

208 1480 241 1544 3.
262 1479 346 1542 Item
369 1474 503 1541 dabitur
521 1475 696 1559 appellatio
719 1476 746 1539 si
770 1476 832 1558 ipsi
858 1474 1083 1540 committatur
1101 1478 1276 1555 principum

162 1613 269 1658 mure.

207 1711 239 1773 l.
257 1711 328 1774 Non
340 1715 450 1772 antem
469 1705 601 1772 dabitur
612 1707 785 1790 appellatio
800 1708 828 1772 si
839 1709 900 1790 ipsi
912 1707 1142 1772 committatur
1156 1709 1275 1770 laedium

161 1845 275 1903 cause,
298 1833 438 1908 excepto
466 1823 590 1906 duplici
612 1844 710 1889 casn:
736 1824 866 1909 quando
891 1844 1010 1908 nempe
1033 1824 1120 1890 fines
1143 1822 1276 1890 mandati

162 1941 304 2021 excedit,
323 1949 357 2005 et
372 1938 505 2025 quando
523 1940 641 2006 merito
654 1947 826 2022 suspectus
837 1949 897 2006 est.

207 2061 238 2123 5.
259 2058 341 2122 Hinc
355 2056 383 2120 si
399 2056 478 2120 velit
490 2055 668 2138 Episcopus
683 2074 879 2139 praecavere,
900 2076 941 2121 ne
954 2057 1057 2139 possit
1072 2056 1117 2122 ab
1128 2054 1274 2124 Auditum

160 2193 218 2253 suo
230 2175 397 2258 appellari,
414 2192 480 2237 non
496 2172 527 2238 ei
544 2173 725 2238 committat
740 2174 947 2258 principium,
962 2193 1026 2240 nee
1044 2173 1149 2240 finem
1167 2193 1271 2250 cause,

159 2289 219 2355 sed
234 2290 376 2374 reliquas
392 2276 561 2354 dumtaxat
575 2293 695 2372 portes.

203 2407 354 2488 Qumsrro
379 2409 422 2470 5¹.
439 2442 485 2454 -
506 2410 554 2470 Ao
569 2413 602 2469 iu
615 2410 791 2470 Auditorum
809 2411 1014 2471 ecclesiasticos
1034 2415 1131 2472 curie
1145 2412 1273 2494 deprttari

153 2532 251 2607 possit
270 2529 376 2605 lobes,
400 2530 448 2588 cel
469 2529 594 2589 clericus
604 2530 805 2608 coujupotus?
820 2561 864 2576 -
881 2527 929 2592 Ex
943 2525 1043 2592 dietis
1059 2527 1105 2593 de
1120 2527 1273 2594 Auditon's

158 2641 271 2720 officio,
289 2646 380 2725 patet
399 2639 483 2705 illud
501 2661 572 2707 esse
586 2641 855 2726 jurisdictionem,
872 2663 930 2708 seu
952 2663 1013 2727 per
1028 2643 1196 2728 ejusmodi
1218 2643 1271 2710 offi-

159 2760 243 2824 cium
263 2758 413 2823 exerceri
429 2758 568 2841 aliquam
581 2757 859 2841 jurisdictionem:
877 2758 937 2825 sed
955 2761 1158 2844 principium
1173 2762 1270 2828 certis

157 2876 272 2940 simum
288 2880 338 2939 est
354 2875 386 2938 in
401 2873 474 2957 jure
492 2874 643 2940 canonico
667 2875 777 2960 (prout
795 2876 857 2942 sub
881 2877 989 2959 priore
1009 2886 1178 2945 tractatus
1189 2886 1270 2962 parte

157 2986 382 3073 ostendimus),
402 3008 622 3073 quoscumque
647 2990 744 3056 laicos
774 3010 844 3056 esse
869 2990 1107 3075 jurisdictionis
1130 2995 1269 3060 ecelesia·

157 3107 244 3170 stieae
258 3106 445 3188 incapaces3
462 3107 507 3168 ita
525 3104 613 3188 qnod
636 3105 723 3170 solus
739 3106 838 3188 Papa,
861 3125 926 3170 non
942 3125 1023 3171 vero
1039 3109 1130 3175 ullus
1150 3111 1270 3194 Episeo

156 3239 229 3302 pus,
251 3221 357 3284 valeat
371 3220 618 3303 incapacitatem
630 3220 717 3285 illam
736 3221 864 3300 tollere,
884 3227 919 3286 et
935 3222 1020 3286 laico
1042 3224 1171 3310 aliquid
1187 3225 1267 3291 dicta

154 3332 387 3417 jurisdictionis
414 3334 521 3400 valide
550 3336 702 3401 conferre
724 3359 731 3401 :
752 3356 831 3420 ergo
851 3346 1020 3423 nequeunt
1046 3341 1212 3426 Episcopi,
1235 3337 1268 3405 ad

156 3446 322 3513 Auditoris
344 3449 483 3514 officium
498 3452 532 3514 in
549 3452 654 3516 causis
675 3453 900 3517 ecelesiasticis
918 3455 1159 3535 exercendum,
1177 3458 1267 3522 ullum

113 3591 136 3638 a
155 3564 273 3652 laicum
299 3564 478 3650 deputarc3
494 3574 644 3652 essetque
671 3569 744 3633 talis
769 3567 941 3650 deputatio
966 3589 1106 3652 prorsus
1130 3574 1219 3639 nulla
1241 3576 1268 3637 et

155 3682 266 3766 irrito;
292 3690 325 3746 et
340 3683 477 3766 quilibet
496 3682 716 3748 ecclesiasticae
731 3683 966 3768 jurisdictionis
981 3694 1090 3765 actus,
1113 3689 1157 3754 ab
1174 3690 1267 3754 istius·

156 3795 247 3862 modi
259 3797 416 3862 Auditore
438 3799 521 3884 laico
545 3806 666 3881 gestus
685 3799 834 3864 nullitate
860 3801 985 3883 pariter
1006 3801 1189 3870 laboraret.
1210 3805 1266 3869 ileo

155 3914 261 3981 minus
274 3921 401 3978 certum
417 3921 468 3978 est
480 3912 669 3997 conjugatos
685 3915 830 3992 clericos
853 3915 963 4000 quoad
979 3919 1209 3986 ecclesiastice
1223 3919 1265 4004 jn·

154 4027 348 4094 risdietionis
362 4030 565 4106 exercitium,
586 4031 674 4095 laicis
695 4032 897 4115 aequiparari.
915 4033 996 4111 Imo,
1016 4035 1043 4099 si
1063 4035 1265 4119 agendnmin

152 4142 275 4227 judicio
294 4146 335 4209 sit
362 4153 474 4210 contra
495 4145 648 4209 clericum
668 4147 818 4230 aliquem,
845 4147 970 4231 duplici
988 4150 1090 4216 titulo
1112 4151 1265 4218 Auditoris

155 4257 292 4343 officium
306 4262 462 4345 'exercerc
487 4261 680 4344 prohibetur
698 4263 962 4354 laicuszprimo,
984 4267 1065 4350 quia
1092 4266 1264 4335 exercenda

156 4372 367 4440 ecclesiastiea
376 4376 577 4460 jurisdicti03
598 4377 752 4457 seeundo,
767 4379 843 4463 quia
855 4381 1260 4476 exer-cendainclericum.
