2714 4980
541 303 621 351 rsus
643 305 801 354 secunus.
1165 294 1229 360 383

114 426 268 495 «eodem
290 428 444 513 accipi.»
473 428 523 516 (In
542 447 614 515 <ap
641 430 775 497 Rotam
796 435 828 511 i,
852 435 891 498 da
912 430 1017 515 Officio
1040 439 1173 516 Victorii,
1199 439 1232 503 ln

115 566 133 604 (t
148 552 255 622 sexto,
268 562 306 608 tt.
321 540 369 628 ³.)
1069 559 1072 564 ’

158 660 359 727 Pronomae
381 660 436 726 11·.
455 688 502 711 ·-
514 665 583 726 Noa
594 669 691 744 potest
705 666 802 744 fucare
816 666 991 747 Episcopus,
1008 673 1046 730 at
1062 673 1114 748 pot
1124 666 1233 731 wasa

113 783 229 840 tamam
245 779 408 841 dammam
418 780 661 860 jurisdictionem
674 781 756 842 oalat
770 799 917 860 ceeroerc,
936 787 977 844 sit
991 800 1081 846 was
1094 787 1233 848 Victorius

111 895 265 974 moratis
281 897 316 956 in
334 910 423 956 senso
433 897 528 975 juria
547 928 593 943 -
609 894 729 979 Nequit
752 896 838 960 enim
864 895 1042 979 Episcopm
1060 897 1169 965 facore
1192 905 1232 964 ut

115 1009 265 1074 vicarius
286 1008 447 1092 generalis
471 1008 527 1075 ille
549 1011 609 1089 sit,
635 1011 691 1096 qui
713 1019 803 1078 earet
826 1011 1039 1079 attributione
1059 1015 1234 1080 vicariatus

114 1123 278 1206 generalis
299 1123 506 1189 constitutiva
524 1132 558 1189 et
574 1127 751 1210 essentiali3
769 1129 861 1212 atqui
884 1127 959 1192 talis
978 1127 1067 1194 foret
1087 1129 1234 1195 vitarim

114 1239 267 1322 Episcopi
298 1239 354 1323 qni
384 1239 597 1306 voluntariam
628 1239 800 1307 dumtaxat
830 1241 1092 1326 jurisdictionem
1124 1242 1233 1310 aalide

113 1357 228 1434 posset
241 1368 396 1416 exemere
412 1372 419 1414 :
437 1350 481 1417 ad
502 1353 672 1418 cssemmm
686 1355 772 1420 enim
787 1354 960 1420 vicariatus
980 1357 1142 1440 generalis
1157 1374 1234 1439 per«-

113 1468 222 1532 tinere
237 1475 276 1533 ut
294 1468 356 1550 ipsi
370 1475 536 1551 competat
550 1473 733 1550 ementitos
748 1488 808 1536 seu
823 1474 1038 1536 universalitas
1055 1472 1234 1559 (moraliter

113 1583 231 1648 saltem
243 1581 422 1668 intellecta)
435 1588 660 1668 jaaa'sdtctioois
673 1589 863 1668 episcopalis,
881 1604 979 1670 supra
992 1587 1168 1671 probatum
1183 1595 1236 1654 est

117 1698 227 1786 (hujus
245 1701 370 1783 capitis,
388 1706 404 1779 5
420 1698 450 1784 1)
466 1722 473 1766 :
491 1699 550 1767 sad
566 1720 667 1785 penes
681 1721 768 1782 cum,
786 1703 843 1788 qui
856 1703 1075 1768 voluntariam
1089 1711 1231 1782 tantum,
1346 1712 1356 1725 “

113 1835 181 1882 non
196 1823 307 1882 autem
318 1818 564 1893 contentiosam,
582 1817 732 1902 Episcopi
743 1817 1002 1904 jurisdictionem
1017 1819 1122 1886 valide
1137 1839 1234 1886 exerd

114 1952 193 2000 cere
212 1940 342 2016 potest,
359 1933 544 2000 nullatenus
562 1941 629 2000 stat
641 1933 825 2018 jurisdictio
840 1935 989 2020 Episcopi
1007 1939 1156 2018 manus
1173 1955 1237 2002 seu

112 2052 312 2129 univocatio
338 2048 440 2115 labet
464 2048 584 2134 quippe
608 2048 778 2116 dumtaxat
807 2049 973 2116 dimidiam
995 2051 1081 2117 iliius
1100 2050 1235 2136 jurisdi-

114 2165 232 2232 ctionis
244 2171 395 2249 partem:
412 2183 492 2250 ergo
504 2167 618 2252 neqru't
631 2185 701 2232 osse
713 2186 823 2246 veras,
841 2169 873 2233 in
889 2186 988 2235 sensu
996 2166 1080 2254 juris
1089 2168 1239 2235 litorius

114 2282 288 2366 generalis.
1187 2338 1192 2345 .

158 2399 241 2464 Hinc
260 2399 407 2465 Vicarius
422 2419 467 2484 qu
477 2400 530 2466 iab
546 2400 710 2484 Episcopo
724 2397 945 2484 deputaretur
963 2417 1118 2485 expresse
1132 2408 1169 2467 ct
1185 2418 1240 2466 mv

114 2629 203 2696 foret
218 2629 368 2696 vicarius
381 2631 556 2714 generalis
576 2630 637 2697 sed
656 2649 766 2697 merus
782 2629 968 2717 delegatus3
984 2632 1109 2717 ipsique
1127 2632 1239 2715 appii-

116 2745 228 2812 canda
242 2745 357 2813 forent
373 2746 600 2831 dispositiones
621 2745 791 2833 jurisque
815 2746 1020 2831 delegatum,
1036 2767 1101 2814 non
1125 2755 1239 2813 autem

116 2881 188 2947 quae
205 2863 390 2948 generalem
405 2863 554 2948 Episcopi
569 2863 735 2928 Vitorium
751 2864 942 2947 respiciunt.

159 2980 360 3047 Pnoeosmo
371 2979 441 3045 111¹.
455 3014 500 3027 -
513 2983 581 3044 Nos
590 2986 689 3061 potest
703 2982 802 3060 [acme
820 2983 995 3062 Episcopatu,
1011 2985 1240 3060 etpotamo—⁴

119 3102 229 3159 doram
242 3099 404 3171 dumtaxat
418 3099 659 3178 jurisda‘ctioacm
676 3098 757 3159 volet
772 3114 918 3175 marcere,
937 3101 978 3159 sit
989 3114 1078 3158 corus
1091 3096 1239 3176 Officioia'a

115 3217 150 3276 tn
161 3230 250 3276 waso
259 3213 500 3295 juris-Nam,
516 3229 558 3276 ex
570 3212 791 3294 propositione
802 3211 919 3295 prima,
935 3210 1088 3277 Officialis
1103 3211 1240 3295 proprie

117 3324 225 3392 ans
238 3326 506 3410 seuprincipalis,
525 3327 654 3392 omnino
672 3325 760 3392 idem
782 3334 834 3392 est
855 3347 891 3392 ac
903 3327 1054 3393 vicarius
1077 3327 1239 3411 massalis

116 3443 266 3528 Episcopi
278 3465 285 3528 ;
296 3444 383 3510 itaut
395 3445 429 3508 in
443 3440 609 3509 officialem
618 3441 804 3527 hujusmodi
808 3443 862 3528 jus
873 3445 1061 3510 canonicum
1066 3463 1132 3509 non
1138 3460 1244 3528 agnae

115 3559 253 3624 scainisi
262 3576 339 3624 eum
351 3560 456 3644 quisit
471 3576 550 3625 vere
562 3560 722 3643 generalis
736 3560 1060 3644 Episcoinicarius:
1079 3577 1158 3643 ergo
1168 3574 1239 3626 om-

115 3673 674 3741 niaessentialiaadoonstituendum
682 3676 844 3741 vicarium
851 3676 1049 3759 generalem,
1056 3683 1133 3740 sunt
1139 3676 1240 3741 otiam

115 3791 297 3858 essentialia
313 3790 355 3856 ad
369 3792 634 3857 constituendum
650 3791 827 3859 officialem
842 3813 849 3857 :
865 3790 935 3870 sed,
954 3798 992 3856 ut
1008 3791 1107 3857 modo
1118 3791 1241 3875 proba·

114 3908 236 3984 vimus,
247 3905 291 3971 ad
301 3905 565 3972 constituendum
576 3907 738 3972 vicarium
750 3907 936 3990 generalem
951 3907 1133 3992 requiritur
1140 3907 1239 3992 juris-

115 4003 267 4089 dictionis
278 4022 476 4106 Episeopalis
486 4023 681 4106 generalitas
696 4040 755 4088 seu
766 4022 1008 4106 universalitas3
1031 4036 1111 4105 ergo
1122 4019 1244 4086 eadem

113 4140 344 4207 mivaasaiiaas
355 4139 398 4205 ad
410 4137 614 4205 efficiendum
625 4157 740 4205 verum
755 4140 789 4204 in
798 4157 895 4204 sensu
907 4137 991 4223 juris
1000 4136 1175 4204 Officialcm
1182 4155 1241 4220 pa·a

114 4256 204 4322 sitos
219 4255 415 4342 reprimitur.
438 4256 513 4321 Jam·
527 4272 617 4333 uero,
640 4255 696 4340 qui
711 4254 945 4320 contensiosam
958 4252 1130 4319 dumtaxat
1141 4251 1243 4338 juris*

114 4369 296 4439 dictionem
323 4370 431 4438 aalide
455 4389 592 4459 exerere
621 4370 709 4435 valet
726 4417 735 4447 ,
767 4388 831 4433 non
860 4372 1060 4457 animantem
1100 4373 1240 4453 Episcopi
