2714 4980
511 329 596 379 cans
618 331 732 379 omni.
789 334 792 339 ·
1089 290 1092 297 ¹
1118 310 1186 385 llas

108 455 165 521 vl.
182 455 308 521 lterum
324 451 479 539 distingui
495 462 630 539 possunt
647 455 775 542 judices
787 456 882 543 juxta
895 461 1102 528 economian
1118 479 1183 548 qua

64 573 279 657 reperiuntur
303 571 338 637 in
361 571 503 639 Ecclesia
521 574 699 652 constituti,
720 573 836 655 idest,
853 573 946 661 juxta
964 577 1071 643 varios
1088 583 1182 663 pote-

63 691 158 756 statis
173 688 337 776 jndicialis
352 688 474 773 gradu
491 690 548 777 qui
559 691 634 774 ipsis
648 699 850 776 competunt.
868 694 910 759 Et
927 692 973 759 sic
992 696 1024 759 10
1039 695 1184 762 occurrit

64 809 217 876 Summo
240 806 393 885 Pontifex
411 807 630 881 nutantem
651 807 761 894 quoad
779 811 932 876 materias
944 818 987 877 st
1007 817 1179 896 personas,

64 944 123 991 seu
136 922 248 1010 proed
261 942 373 990 causas
388 924 618 990 ecclesiasticas
632 944 755 1005 omnes,
767 923 1026 1010 jurisdictionem
1040 927 1181 1014 habens3

65 1043 101 1106 2⁰
115 1039 308 1117 Patrios-alta
322 1057 385 1123 pro
397 1039 501 1115 causis
514 1057 587 1125 quae
601 1040 702 1123 ipsios
720 1041 928 1126 patriarchali
938 1043 1096 1126 potestati
1107 1044 1185 1111 snb-

64 1155 160 1243 ]’.θθῐῶ
181 1164 274 1241 tunm
291 1159 327 1227 3⁰
346 1156 471 1229 Primos
484 1157 565 1227 itam
578 1155 690 1242 quoad
709 1173 821 1227 causas
840 1159 1016 1242 primatiali
1030 1160 1186 1227 tribamali

66 1273 259 1357 attributam
274 1274 311 1343 40
324 1273 604 1357 Metropolitanus,
617 1273 651 1343 ia
663 1273 768 1360 iisque
785 1276 1068 1359 amouopotitana
1089 1275 1187 1362 juris·

67 1389 388 1475 dioliorcpcodcnt3
406 1394 441 1463 5⁰
457 1390 638 1479 Episcopus
653 1409 713 1476 pro
724 1392 829 1461 camis
843 1392 885 1459 ad
897 1410 978 1478 quas
988 1410 1060 1460 sese
1070 1401 1188 1461 extero
1320 1393 1324 1400 '

68 1507 118 1586 dit
142 1507 333 1592 aparatio
356 1505 555 1593 jurisdictio
579 1509 613 1571 6⁰
636 1508 796 1579 orantus
811 1507 1070 1595 jurisdictionem
1082 1511 1191 1597 quen„

67 1623 289 1710 episcopalem
304 1623 439 1704 habens,
456 1625 537 1693 item
551 1623 725 1708 insphera
740 1643 813 1711 quae
826 1627 889 1710 ipsi
906 1627 1074 1710 competit.

111 1742 242 1811 Praeter
263 1739 420 1824 praedicta
445 1740 622 1809 tribunalia
649 1741 889 1825 ecclesiastica,
912 1742 974 1809 ulia
996 1741 1191 1811 intermedia

68 1857 265 1942 regulariter
286 1873 348 1922 seu
370 1854 468 1932 modo
490 1857 598 1929 stabili
620 1857 796 1926 constituta
818 1866 912 1937 sunt,
932 1866 967 1926 et
980 1858 1040 1925 alta
1055 1866 1193 1942 possam

72 1971 327 2053 extraordinarie
340 1973 503 2048 constitui.
519 1975 643 2057 Nempe
658 1976 691 2044 1⁰
703 1975 968 2070 congregationes
979 1973 1191 2043 cardinalium

73 2099 104 2159 et
116 2093 180 2161 alia
195 2090 346 2178 quadarn
360 2091 525 2165 tribunale
544 2107 689 2170 murana,
709 2091 827 2178 quibus
840 2090 941 2161 Sados
954 2089 1139 2176 Apostolica
1157 2093 1193 2159 ia

75 2219 179 2283 cartas
186 2208 341 2281 materias
349 2206 545 2294 judicialem,
555 2220 688 2295 eamque
698 2207 1109 2292 ordtmrtampoteststem
1116 2227 1192 2274 con·

73 2327 165 2411 tulit3
185 2327 221 2391 2⁰
237 2323 361 2408 legati,
382 2323 511 2402 Nuntii,
534 2330 568 2389 et
588 2323 776 2391 visitatores
793 2323 976 2409 apostolici,
999 2323 1055 2410 qui
1068 2324 1193 2408 pariter

72 2441 272 2516 odmen
291 2438 507 2525 insuescat
527 2446 723 2524 potestatem
741 2439 863 2508 nuent
887 2440 923 2507 in
944 2421 1141 2526 sponsus,
1158 2441 1195 2507 tn

67 2561 193 2648 qulbus
202 2558 331 2631 natales
342 2559 602 2642 concussurum
616 2561 651 2627 30
662 2555 790 2642 judices
802 2557 985 2644 synodales,
1000 2559 1096 2644 quiin
1105 2557 1193 2623 hunc

63 2678 174 2753 finem
197 2677 362 2760 aiguntu
379 2675 414 2741 in
435 2673 580 2760 qualibet
601 2673 751 2754 ffioeced,
778 2681 816 2743 ut
839 2674 878 2743 iis
894 2673 995 2743 Sedes
1010 2673 1196 2758 Apostolicc

59 2796 176 2880 possit
188 2793 342 2865 caesuin
353 2791 501 2876 partibus
512 2789 721 2863 excutiendas
732 2792 953 2876 ammittere
968 2792 1003 2856 4⁰
1017 2791 1102 2877 aliia
1111 2789 1196 2860 sodo

56 2907 460 2998 Apostoiiccadaliquam
471 2906 702 2992 particularem
712 2927 842 2975 musam
850 2893 1061 2993 judicandam
1069 2904 1197 2991 jndices

60 3025 336 3101 extraordinarie
357 3025 522 3110 deputati;
546 3029 580 3095 5⁰
604 3025 748 3095 vicarius
771 3025 937 3109 Episcopi,
955 3024 1012 3110 qui
1031 3042 1073 3091 ex
1094 3020 1197 3091 officio

61 3145 178 3217 habet
193 3142 390 3215 ordination
403 3141 621 3230 jurisdicundi
632 3150 840 3228 potestatem,
853 3141 898 3210 ita
912 3147 1022 3213 tamen
1037 3138 1197 3225 Episcopo

65 3259 261 3348 subjectam
280 3266 319 3327 ut
339 3259 442 3344 possit
459 3259 636 3344 Episcopus
657 3261 743 3327 intra
761 3266 872 3327 cenos
884 3257 1005 3327 limites
1019 3276 1092 3329 earn
1104 3277 1198 3327 coar

73 3386 189 3462 etanta
206 3377 306 3445 6⁰olli
315 3374 442 3462 jndices
456 3395 538 3461 quos
548 3376 804 3453 extraordinarie
816 3383 922 3460 ctprc
932 3373 1030 3447 certis
1044 3374 1196 3446 determi-

73 3503 163 3569 natis
186 3497 290 3565 causis
316 3499 515 3565 constituere
541 3502 651 3579 potest
673 3495 863 3580 Episcopus,
891 3492 1013 3561 aliusve
1037 3493 1199 3563 Praelatus

82 3616 256 3704 delegandi
269 3623 432 3701 potestate
447 3616 584 3700 pollens.

125 3736 197 3804 vu.
223 3733 370 3812 llclative
393 3731 436 3799 ad
455 3732 706 3819 appellationes,
728 3729 834 3818 J'udex
854 3731 936 3799 alius
956 3728 1110 3801 dicituro
1126 3746 1200 3813 pao,-

87 3850 181 3934 idest,
192 3855 213 3918 a
224 3849 320 3937 eujus
334 3850 497 3919 sententia
511 3849 715 3936 appellatur3
732 3855 767 3917 et
778 3851 860 3918 alius
872 3853 914 3916 ccl
927 3869 1024 3935 pem,
1035 3844 1073 3914 id
1084 3852 1146 3926 cst,
1156 3843 1202 3917 ad

91 3969 178 4058 cujus
195 3966 341 4036 crunon
355 3966 395 4034 fit
408 3967 594 4052 appellatio.
