2714 4980
117 292 180 356 364
464 303 652 354 macrinus
674 304 718 353 nn
740 303 889 353 runicus.

117 450 189 500 sese
214 429 315 498 habet
336 428 453 497 Vicarii
476 430 636 514 generalis
654 427 837 514 jurisdictio
861 429 1000 496 relative
1028 428 1072 497 ad
1093 431 1232 518 Episcopi

113 546 397 635 jurisdictionem
419 565 481 611 nec
504 553 612 631 potest
635 545 697 611 hoc
725 545 960 612 subtilitatibus
983 546 1165 625 obscurari,
1185 555 1234 613 ant

116 662 308 729 indubium
332 662 496 741 revocari,
513 669 686 746 postquam
706 661 763 751 leri
783 662 1000 727 ecclesiastica
1020 660 1057 728 id
1080 664 1235 746 expressis

116 780 220 864 iisque
245 779 457 863 apertissimis
481 778 591 845 verbis
617 777 809 845 declaravit.
836 779 965 844 Etenim
991 779 1026 843 in
1049 780 1159 863 capite
1184 784 1234 844 Ro

117 917 210 962 mona
226 896 277 983 (3,
298 898 350 962 tit.
375 899 426 975 15,
447 896 505 962 lib.
529 899 560 974 2,
578 896 612 960 in
628 892 732 979 sexto)
751 891 794 961 de
811 894 1007 962 Officialibns
1026 895 1161 974 dieitur,
1181 915 1237 962 non

118 1031 189 1080 esse
206 1013 249 1079 ab
265 1012 342 1098 ipsis
356 1012 399 1078 ad
411 1013 586 1096 Episcopos
604 1031 680 1078 suos
693 1010 936 1095 appellandum,
951 1032 991 1078 eo
1006 1011 1100 1097 quod
1115 1011 1237 1095 Episco

117 1147 235 1213 porum
246 1136 280 1194 et
293 1126 485 1194 officialium
495 1146 628 1193 sucrum
637 1148 729 1192 coum
739 1135 768 1192 et
777 1131 857 1191 idam
865 1134 1078 1192 comestorum
1089 1135 1153 1192 sice
1163 1132 1238 1193 aaut

120 1252 230 1310 teriam
243 1252 284 1310 sit
298 1242 486 1326 censendam,
506 1253 542 1310 et
558 1265 600 1310 ne
614 1248 652 1308 ab
667 1248 778 1308 eisdem
790 1248 832 1308 ad
845 1250 956 1326 seipsos
970 1251 1127 1328 interponi
1140 1249 1233 1329 appel·

120 1365 194 1426 letto
208 1351 360 1426 videatur.
388 1363 472 1427 Item
484 1362 517 1425 in
533 1359 694 1426 decretali
707 1365 775 1426 Noc
788 1367 930 1442 potamos
947 1360 990 1446 (2,
1008 1360 1099 1425 tituli
1114 1362 1148 1438 4,
1165 1361 1234 1426 libri

122 1478 152 1553 l,
171 1475 205 1539 in
223 1472 333 1559 sexto)
351 1474 508 1540 absonum
528 1472 728 1553 declaratur,
746 1478 826 1556 qood
840 1478 878 1538 at
894 1476 1026 1556 officiali
1045 1479 1189 1558 Episcopi
1203 1479 1237 1540 ad

120 1594 253 1656 eamdem
265 1595 444 1674 Episcopum
452 1594 553 1655 caleat
569 1594 741 1674 appellari:
753 1611 790 1656 ae
804 1595 951 1655 abeodem
963 1596 1004 1656 ad
1018 1599 1153 1674 scipsum
1170 1591 1236 1679 (com

120 1716 161 1774 stt
182 1712 261 1774 idem
284 1713 470 1773 auditorium
495 1705 668 1792 utriusque)
695 1712 859 1791 appellatio
883 1715 1064 1791 interposita
1089 1713 1234 1774 videatur.

122 1826 206 1909 Ergo
228 1832 355 1891 certum
371 1832 422 1889 est
436 1843 497 1908 per
515 1825 622 1908 legem
639 1825 891 1890 ecclesiasticam
906 1825 950 1890 ita
968 1826 1126 1890 constitui
1144 1832 1179 1891 et
1195 1826 1235 1889 in·

121 1939 331 2024 telligendem
344 1939 475 2006 definiri
487 1939 606 2006 Vicarii
622 1941 782 2024 generalis
793 1939 1066 2024 jurisdictionem,
1089 1947 1128 2006 ut
1142 1941 1237 2007 tribn-

121 2055 176 2120 nal
189 2053 260 2139 ejus
272 2053 472 2121 censendum
484 2055 528 2119 sit
539 2054 683 2120 tribunal
696 2056 856 2140 Episcopi,
870 2073 1009 2138 persona
1023 2053 1095 2140 ejus
1106 2073 1237 2138 persona

121 2170 280 2255 Episcopi,
297 2171 457 2236 sententia
473 2169 544 2254 ejns
556 2170 718 2236 sententia
728 2170 898 2255 Episcopi,
917 2169 1017 2255 idque
1034 2170 1237 2238 adeostricto

123 2304 232 2364 sensu,
264 2293 302 2351 ut
323 2286 537 2369 appellatioa
563 2286 692 2351 Vioario
720 2285 864 2369 generali
891 2285 935 2350 ad
959 2287 1175 2372 Episcopum,
1204 2287 1238 2352 sit

122 2401 297 2486 appellatio
319 2402 360 2467 ab
380 2400 496 2467 eadem
511 2421 651 2486 persono
674 2400 856 2487 eodemque
881 2401 1007 2487 Judice‚
1037 2401 1082 2468 ad
1096 2402 1238 2469 eamdem

122 2536 294 2602 personam
311 2516 530 2605 eumdemque
544 2517 704 2603 judicem.
723 2519 809 2602 Ergo
824 2526 934 2584 manet
952 2517 1070 2584 eadem
1085 2528 1185 2604 atque
1198 2521 1238 2583 in-

122 2632 223 2698 divisa
234 2632 427 2718 jurisdictio,
444 2635 511 2700 sive
538 2655 557 2699 a
577 2635 703 2701 vicario
720 2635 862 2717 generali
880 2644 1091 2713 exerceatur,
1111 2637 1181 2701 sive
1204 2633 1238 2699 ab

123 2751 313 2834 Episcopo:
336 2757 387 2815 est
406 2759 516 2816 autem
539 2749 701 2816 ordinaria
722 2749 904 2835 jurisdictio
920 2753 1086 2836 Episcopi3
1118 2758 1239 2836 ergoet

122 2868 242 2933 Vicarii
256 2867 415 2951 generalis
431 2867 593 2934 ordinaria
609 2869 734 2951 pariter
746 2867 927 2952 jurisdictio
945 2867 1111 2934 censenda
1130 2877 1191 2934 est.

165 2985 200 3048 2⁰
223 2980 316 3048 Idem
340 2982 468 3047 eruitur
490 3002 532 3048 ex
555 2982 685 3047 omnino
710 2989 801 3047 certa
825 2981 943 3067 judicis
965 2982 1108 3066 delegati
1134 2983 1239 3050 condi-

122 3100 223 3166 tione.
251 3099 385 3165 Certum
409 3117 528 3182 nempe
551 3107 603 3164 est
623 3096 695 3163 dari
717 3099 968 3181 appellationem
989 3097 1181 3184 adelegato
1203 3098 1239 3165 ad

127 3214 345 3298 delegantem.
372 3214 412 3280 Id
426 3222 518 3300 patet
537 3235 579 3280 ex
597 3215 756 3298 capitibus
772 3218 811 3281 27
830 3222 864 3281 et
884 3218 926 3282 28
949 3215 1039 3280 tituli
1059 3219 1115 3294 29,
1136 3217 1234 3282 libril

125 3317 362 3414 decretalium,
380 3331 438 3396 ubi
453 3330 603 3397 videmus
622 3352 641 3397 a
663 3333 752 3414 Papa
769 3331 934 3414 interponi
959 3331 1140 3397 clausulam
1164 3338 1240 3396 omar·

124 3452 238 3509 remoto
256 3448 467 3528 appellatione,
485 3465 559 3511 cum
578 3447 650 3511 vult
667 3463 852 3530 praecavere
871 3464 913 3510 ne
937 3445 1037 3528 possit
1052 3466 1072 3511 a
1087 3448 1139 3511 sui
1157 3447 1241 3514 dele-

124 3563 191 3645 gati
204 3562 365 3628 sententia
381 3563 540 3646 appellari
557 3561 599 3628 ad
621 3560 740 3628 Sedem
758 3561 985 3646 Apostolicam.
1010 3564 1081 3628 Imo
1099 3585 1168 3630 non
1189 3566 1241 3632 ob-

87 3736 88 3740 ,
124 3685 231 3744 stante
246 3677 305 3744 hac
319 3679 474 3757 clausula,
492 3680 525 3743 in
540 3687 631 3744 certo
647 3678 766 3744 ibidem
782 3696 936 3762 expresso
950 3698 1037 3758 casu,
1052 3700 1072 3745 a
1085 3681 1241 3767 Delegato

125 3795 221 3878 Papa
232 3793 274 3860 ad
288 3795 411 3878 Papam
422 3796 511 3862 valet
526 3795 712 3878 appellatio.
736 3796 778 3860 Et
797 3797 995 3881 ceteroquin
1009 3803 1105 3863 extra
1116 3805 1242 3866 contro·

124 3912 263 3979 versiam
278 3921 329 3979 est
342 3911 432 3996 apud
447 3913 628 3978 canonistas
643 3913 757 3997 regula
769 3913 825 3978 illa
837 3913 929 3998 juris,
947 3934 1040 3998 posse
1057 3915 1240 4000 adelegato

126 4026 169 4093 ad
191 4027 397 4113 delegantem
417 4028 587 4112 appellari.
618 4027 700 4094 Inde
715 4036 824 4094 autem
841 4031 961 4095 invicte
982 4031 1133 4115 sequitur
1156 4033 1242 4102 Vica-

127 4144 211 4208 rium
224 4146 412 4227 generalem
426 4165 492 4211 non
507 4163 577 4211 esse
597 4143 795 4229 delegatum,
816 4164 891 4210 cum
909 4145 950 4210 ab
968 4145 1040 4229 ipsc
1054 4145 1098 4212 ad
1113 4148 1241 4232 Episoo

127 4277 207 4343 pum
215 4279 279 4326 non
291 4259 393 4327 detur
399 4262 592 4346 Appellatio.
603 4261 635 4326 Si
643 4268 754 4328 autem
763 4263 885 4327 nonsit
899 4261 1081 4347 delegatus,
1096 4271 1241 4331 remanet

128 4383 171 4445 ut,
188 4376 230 4442 sit
251 4375 446 4476 ordinarius.
473 4381 542 4446 Neo
558 4377 740 4463 objiciatur,
761 4379 905 4463 potuisse
922 4380 955 4446 in
977 4379 1133 4478 favorem⁸
1148 4383 1240 4457 Vica-¹
