2716 4988
136 240 178 304 78
486 247 673 297 moranus
695 246 738 294 na
757 244 904 293 runicus.

131 378 294 451 semlaris
314 382 469 462 potestas,
491 376 554 443 snb
568 374 801 460 predictorum
816 373 992 441 ellectnnm
1008 370 1159 439 civilium
1170 386 1312 454 proe-
1346 395 1358 400 ·

132 505 239 577 textu,
258 495 386 582 jndices
405 493 639 563 ecclesiasticos
660 492 776 578 jubeat
802 513 823 559 a
845 489 1030 577 judicandis
1051 489 1151 576 quib·
1167 517 1170 521 >
1188 514 1194 544 ι
1212 516 1217 543 ι
1236 516 1251 543 ι·
1289 516 1311 542 ·
1337 514 1358 541 ·

131 615 239 683 causis
248 613 475 683 ecclesiasticis
487 611 651 679 abstinere
665 633 673 678 t
690 611 808 696 quibus
818 608 894 676 ideo
906 607 1087 694 injungitur
1097 626 1143 674 ne
1158 625 1185 692 p
1214 633 1221 661 ι
1238 632 1245 661 ι
1330 631 1358 661 ⁶

132 740 187 802 ter
203 731 305 799 talem
320 731 566 814 putatam,
584 730 812 793 sensatione
825 729 985 792 dimittunt
995 731 1159 810 justitium
1182 754 1219 778 m

133 868 208 916 cere.

178 962 571 1047 Incitatoparitercapite
585 965 679 1025 luam
692 953 1309 1046 (3‚tituli10‚libri2decretalium)(
1341 984 1357 1013 ι

133 1081 243 1166 agitur
254 1079 445 1146 nominatim
458 1077 501 1145 de
516 1095 612 1145 causa
628 1095 700 1161 que
712 1079 821 1162 magni
833 1077 992 1144 momenti
1002 1075 1165 1143 effectum
1184 1075 1219 1140 ci
1230 1100 1234 1112 ι
1320 1073 1345 1087 '

134 1198 203 1267 lem
216 1196 387 1280 nahebat3
405 1195 447 1262 de
463 1194 641 1282 quastione
656 1196 780 1261 scilicet
794 1216 836 1262 an
851 1195 963 1279 regina
974 1195 1075 1280 Cypri
1085 1213 1130 1260 ex
1143 1211 1226 1258 man
1244 1191 1251 1206 ⁸
1320 1191 1345 1205 ⁶

135 1315 243 1383 monio
251 1313 397 1396 legitimo
405 1319 684 1396 cssotorta,aqua
694 1309 918 1397 pendehutjus
926 1310 1069 1395 ipsiusiu
1077 1329 1173 1396 ιι
1194 1334 1201 1366 ι
1220 1337 1224 1363 a
1243 1337 1259 1365 ιι
1292 1336 1309 1364 ι
1334 1334 1349 1362 ⁸

136 1429 327 1497 comitatum
337 1425 548 1493 succedendi.
566 1429 616 1492 De
635 1446 674 1493 ea
685 1434 797 1493 umen
812 1446 908 1492 causa
923 1426 970 1492 sic
986 1425 1187 1511 pronuntiat
1194 1425 1247 1500 ,Η
1340 1450 1358 1481 ι

134 1545 246 1611 narius
260 1541 376 1610 1112ac
392 1546 493 1625 sorum
507 1545 735 1607 ecclesiasticum
747 1549 892 1625 pertinet.
911 1541 998 1610 Illud
1012 1548 1126 1607 autem
1143 1540 1215 1607 dec
1242 1568 1247 1577 ·
1347 1563 1358 1571 ·

134 1669 217 1738 turn,
245 1667 360 1745 utpote
381 1661 417 1725 in
433 1659 536 1727 libros
554 1657 770 1725 decretalium
794 1660 990 1727 auctoritate
1011 1659 1200 1742 apostolica
1216 1658 1330 1723 in·-

134 1785 271 1856 sertum‚
293 1774 337 1842 ad
358 1776 545 1860 generalem
568 1776 719 1843 Ecclesia
739 1775 974 1860 legislationem
995 1783 1032 1842 et
1053 1775 1161 1860 discip
1198 1802 1204 1832 ι
1221 1819 1222 1831 ι
1244 1803 1260 1832 ιι
1313 1798 1342 1827 ·

135 1893 291 1976 pertinet.

176 2011 261 2077 item
286 2026 391 2075 causa
414 2008 456 2075 de
487 2008 623 2075 crimine
651 2010 811 2077 hereseos
834 2009 970 2077 effectus
995 2010 1195 2077 societatem
1222 2011 1269 2075 ci·

134 2127 234 2193 vilem
252 2127 449 2208 attingentes
473 2123 673 2209 producunt.
697 2127 739 2191 Et
762 2125 804 2193 de
827 2129 866 2191 iis
883 2127 1091 2193 nihilominus
1112 2127 1269 2210 generali

135 2241 357 2308 ecclesiastica
373 2242 446 2324 lege
457 2241 503 2304 sic
519 2238 731 2307 decernitur:
744 2245 933 2325 prohibemus
946 2248 1120 2308 districtius
1129 2245 1269 2308 uminis

136 2360 359 2441 mporuliduo,
374 2374 412 2421 nc
427 2362 488 2437 ipsi
501 2359 539 2421 de
556 2358 610 2420 too
621 2364 757 2439 crimine,
778 2381 846 2424 onem
861 2381 939 2424 ruere
952 2366 995 2424 sit
1012 2361 1263 2439 ecclesiasticum,

134 2476 334 2557 quoquomodo
349 2480 525 2555 cognoscam
535 2475 734 2556 adjudicent.
748 2477 817 2540 lmo
828 2477 861 2540 in
875 2475 993 2542 eodem
1006 2474 1149 2543 decreto
1160 2494 1269 2542 saecu-

133 2589 258 2657 laribus
272 2588 492 2673 potestatibus
506 2589 568 2653 suh
583 2609 679 2672 poena
694 2593 1037 2658 excommunicationis
1051 2592 1265 2675 praecipitur,

136 2714 333 2791 utprompte
344 2704 471 2771 brachii
480 2705 644 2769 secularis
656 2707 811 2773 auxilium
822 2716 988 2792 prestent,
1002 2715 1037 2774 et
1048 2716 1267 2792 exequantur

136 2819 226 2908 quod
240 2821 342 2887 inerit
359 2839 420 2903 pro
440 2818 520 2885 dicti
540 2820 682 2887 criminis
702 2825 905 2905 repressione
923 2845 943 2889 a
963 2823 1132 2910 judicibus
1153 2824 1268 2891 eccle·

133 2937 270 3005 siasticis
281 2935 475 3023 injunctum.
494 2935 627 3002 Omissis
641 2956 721 3020 ergo
737 2938 846 3004 multis
861 2940 930 3005 aliis
943 2959 1017 3024 qna
1032 2938 1114 3005 addi
1126 2945 1268 3022 possent

134 3053 321 3140 hujusmodi
337 3053 554 3130 documentis,
577 3059 733 3138 tauquam
754 3061 884 3121 certum
907 3055 1175 3123 concludendum
1198 3065 1264 3135 est,

135 3171 312 3239 Ecclesiam
331 3169 477 3253 generali
499 3187 557 3232 sua
575 3168 774 3251 legislatione
798 3178 833 3235 et
854 3170 1024 3255 disciplina
1037 3171 1268 3256 jurisdictioni

135 3303 201 3351 suu
213 3292 369 3370 tanquam
379 3284 528 3367 proprias
539 3281 718 3349 vindicasse
732 3286 918 3366 spirituales
928 3307 1041 3352 causas
1053 3307 1182 3366 omues,
1196 3308 1267 3354 nou

135 3403 282 3487 exceptis
301 3403 341 3466 iis
359 3419 430 3485 qaae
447 3399 587 3484 aliquem
612 3399 741 3465 civilem
763 3400 915 3467 effectum
937 3422 1050 3468 secum
1071 3405 1263 3472 traherent.

136 3517 222 3601 llrgo
234 3517 331 3581 edam
344 3535 391 3581 eae
406 3532 511 3578 causae
522 3513 566 3579 ad
581 3513 689 3578 iorum
704 3514 959 3581 ecclesiasticum
973 3520 1156 3600 pertinent.

181 3635 216 3697 2⁰
229 3633 269 3697 In
279 3631 441 3713 superiori
461 3630 558 3694 ctiam
579 3629 685 3712 capite
704 3629 904 3696 firmavimus
918 3633 1149 3700 ecclesiastice
1162 3635 1267 3722 juris-

136 3747 272 3814 dictioni
285 3743 504 3811 accensendas
521 3763 592 3810 esse
611 3763 732 3822 causas,
749 3763 829 3829 quas
842 3747 916 3810 fiais
928 3748 1084 3814 Ecclesiae
1106 3756 1268 3837 proprius

134 3865 278 3952 postulat
296 3861 441 3949 ajudice
456 3861 676 3926 ecclesiastico
688 3859 809 3926 dirimi.
825 3863 930 3928 Porro
943 3865 1017 3930 finis
1029 3868 1097 3946 ille,
1117 3873 1270 3938 sanctiti-

134 3981 220 4048 catio
232 3999 351 4063 nempe
365 3984 400 4044 et
412 3977 501 4042 salus
514 3977 705 4053 animarum,
725 3996 745 4040 a
759 3976 860 4042 rebus
872 3981 972 4045 sacris
987 3988 1022 4046 et
1035 3983 1270 4066 spiritualibus

134 4097 274 4167 maxime
293 4093 427 4179 pendet.
450 4093 495 4157 Ut
513 4111 592 4175 ergo
611 4093 712 4174 possit
730 4093 876 4157 Ecclesia
892 4095 990 4161 tinem
1008 4098 1070 4164 sibi
1088 4106 1270 4186 proprium

134 4210 368 4283 convenienter
385 4225 596 4292 promovere,
613 4205 715 4272 dehet
732 4227 827 4290 posse
849 4207 891 4273 de
909 4211 1011 4277 rebus
1028 4215 1092 4280 illis
1113 4227 1268 4291 statuere

134 4339 171 4397 et
183 4324 407 4412 pronuntiare,
422 4340 463 4387 ac
482 4319 622 4405 proinde
644 4338 757 4385 causas
771 4321 954 4403 spirituales
967 4324 1129 4408 judicare.
1147 4334 1268 4404 &auae
