2716 4988
13 38 64 373 Ι
478 354 481 359 ,
578 306 659 356 rans
679 306 793 356 rurus.
823 335 825 338 -
894 328 897 335 ·
1206 298 1246 362 93

142 460 158 487 ι
172 431 345 518 affirmant3
367 430 410 501 de
421 437 638 515 postertmtbru
655 442 795 519 negant,
813 433 877 502 sed'
893 434 1007 503 volunt
1021 435 1137 504 horum
1151 438 1251 524 negli-

126 581 145 608 ι
168 552 309 636 gentiam
325 553 544 636 asuperiore,
571 571 669 636 quem
690 555 980 637 recognoscuntin
999 556 1246 640 temporalibus,

116 699 141 726 α
170 667 385 753 supplendam
399 677 434 734 et
448 667 674 752 corrigendam
687 688 759 735 esse
776 691 783 735 :
805 669 861 754 qni
878 669 906 734 si
923 678 958 735 et
976 670 1093 754 ipsein
1115 671 1250 740 defectu

103 817 134 845 ι
165 785 350 870 supplendo
364 792 422 852 ant
442 785 598 852 inferiore
619 785 817 873 corrigendo
835 786 1003 870 negligens
1016 787 1068 866 sit,
1089 795 1168 854 tunc
1185 790 1250 873 pri·

41 888 47 897 ’
97 935 130 961 «
165 922 256 970 mum
280 902 519 971 recurrendum
542 903 585 971 ad
608 903 797 969 Ecclesiam.
824 904 875 969 Ita
903 903 1110 970 Innocentius
1134 906 1179 973 lv
1204 906 1224 993 (⁴

84 1050 129 1076 ιι
163 1027 264 1104 caput
277 1025 360 1086 Licet
381 1022 434 1098 10,
452 1023 489 1085 de
502 1024 579 1085 Foro
595 1026 782 1102 competenti,
797 1039 831 1084 n.
853 1016 896 1103 l),
915 1019 1032 1097 Abbas,
1054 1020 1157 1101 Oliva,
1171 1022 1250 1088 Sua·

90 1167 128 1193 «ι
164 1156 221 1202 rez
237 1137 288 1224 (de
304 1141 457 1217 consumo,
481 1135 565 1221 disp.
585 1139 639 1217 20,
655 1142 735 1202 sect.
756 1138 785 1216 1,
801 1155 820 1200 a
835 1155 869 1200 n.
891 1132 956 1220 15),
976 1136 1095 1220 Engel‚
1121 1139 1245 1222 Konig,

89 1285 128 1311 ιι
166 1261 199 1320 et
222 1255 278 1320 alii
289 1254 333 1321 ab
350 1255 400 1321 his
418 1255 522 1321 citati.
544 1254 638 1320 Ratio
657 1255 798 1338 estquis
818 1254 962 1319 Ecclesia
979 1253 1251 1321 administrationi

87 1399 126 1425 ιι
160 1368 294 1454 justitie
309 1371 345 1436 in
358 1370 593 1454 temporalibus
605 1389 639 1436 se
654 1389 720 1435 non
731 1371 929 1447 intromittit,
950 1369 1080 1454 qnando
1096 1390 1249 1438 recursus

86 1515 128 1540 «ι
167 1496 215 1556 est
226 1487 270 1555 ad
278 1490 481 1574 superiorem
492 1488 718 1574 quiinferioris
732 1486 902 1554 delectum
919 1489 1072 1571 supplere
1091 1497 1200 1573 potest
1213 1495 1249 1554 et

86 1630 128 1657 κ
167 1605 245 1671 uult.
263 1606 347 1672 Casu
359 1612 470 1673 antem
485 1625 550 1691 quo
564 1606 675 1671 nullus
691 1613 741 1670 est
756 1605 905 1687 superior
920 1603 962 1671 ad
978 1624 1077 1690 quem
1100 1626 1249 1674 recurra-

83 1743 128 1773 ·=
169 1731 230 1802 tur,
250 1723 296 1790 ad
308 1723 430 1790 bonum
445 1723 611 1815 spirituale
625 1723 770 1807 pertinet
786 1729 825 1787 nt
841 1720 968 1806 justitia
983 1721 1246 1809 administretur;

83 1860 126 1889 ⁶⁸
166 1863 202 1908 ac
214 1861 277 1928 per
287 1859 488 1928 consequeus
501 1840 618 1907 idiieri
632 1848 744 1928 potest
754 1858 817 1924 per
825 1847 1021 1924 potestatem
1033 1841 1245 1924 spiritualem,

84 1976 128 2007 ⁸*
168 1980 233 2047 que
243 1962 465 2046 superiorem,
477 1961 594 2046 cuique
605 1958 911 2043 omniatemporalia
925 1960 959 2025 in
973 1957 1087 2026 ordine
1098 1960 1142 2027 ad
1153 1974 1248 2030 sunm

82 2091 130 2124 2
167 2079 263 2145 linem
275 2079 399 2146 servire
417 2077 552 2145 debent.
572 2107 586 2134 υ

177 2196 375 2262 Psorosmro
390 2195 558 2260 Illa-Ac
572 2196 744 2257 secularem
750 2199 930 2276 potestatem
944 2213 1005 2258 oco
1011 2199 1145 2276 perttoet
1158 2196 1248 2259 eccle·

61 2308 246 2376 &iactet
257 2314 375 2396 judicis
397 2313 611 2393 rccpltpercttcm
633 2312 771 2392 supplere
792 2314 825 2372 ic
844 2315 942 2373 consto
964 2313 1180 2376 ecclesiasticis.
1202 2348 1248 2365 -

62 2399 293 2497 bulanu
302 2433 334 2494 1ο
344 2429 505 2496 decretali
516 2431 654 2510 Qualiter
664 2427 844 2493 innocentii
857 2428 916 2506 111,
928 2428 962 2492 in
973 2447 1036 2514 qna
1048 2429 1094 2496 sic
1106 2429 1245 2514 legitur:

60 2538 180 2610 ’ece
184 2567 245 2630 pro
259 2550 375 2629 usuro
380 2551 524 2630 poserem,
543 2547 645 2609 certet
660 2545 823 2608 tranantur
840 2564 860 2607 a
876 2547 962 2608 tatus
976 2548 1018 2610 cu
1024 2549 1175 2628 judicum
1191 2567 1248 2613 cc-

60 2661 247 2744 Qucum,
267 2665 347 2744 quod
360 2667 479 2726 omnino
497 2662 566 2740 fieri
580 2662 773 2744 probibemus
794 2660 911 2746 (cupite
929 2664 1068 2741 Qualiter
1090 2665 1142 2741 17,
1159 2664 1249 2730 tituli

64 2773 308 2843 ‘leccatoris
325 2780 355 2854 1,
368 2777 476 2843 libri2
492 2774 679 2861 decretal).
700 2778 782 2859 Ergo
796 2793 857 2858 per
868 2775 976 2859 legem
987 2795 1059 2862 qnae
1072 2778 1106 2843 in
1116 2779 1248 2845 univer·

61 2892 227 2963 &alem
243 2894 445 2980 disciplinam
460 2895 590 2960 transiit
608 2894 669 2959 sibi
684 2893 862 2960 vindicavit
883 2895 1027 2962 Ecclesia
1048 2901 1246 2979 potestatem

67 3008 324 3094 brobibendi
339 3031 380 3076 ne
399 3011 561 3077 saectdaris
577 3018 732 3094 potestas,
749 3011 784 3076 in
801 3029 879 3077 casu
899 3010 1081 3077 deficientis
1098 3031 1139 3077 ex
1152 3019 1247 3096 parte

60 3114 119 3204 j
131 3129 245 3196 udicis
259 3128 471 3194 ecclesiastici
482 3125 626 3213 justitie,
646 3135 861 3211 cognosceret
876 3127 919 3193 de
934 3129 1037 3193 causis
1050 3129 1148 3194 etiam
1162 3137 1247 3195 tem-

75 3246 296 3333 1roralibns
307 3246 500 3312 clericorum
513 3266 521 3310 τ
535 3263 606 3330 qnae
620 3243 823 3328 prohibition
834 3245 963 3311 fortiori
975 3244 1187 3330 intelligenda
1196 3251 1248 3313 est

85 3365 167 3432 (le
190 3363 299 3430 causis
320 3361 520 3447 quibuslibet
542 3361 774 3445 spiritualibus.
798 3363 879 3428 Cum
901 3381 997 3446 ergo,
1017 3371 1055 3429 nt
1072 3382 1157 3449 saepe
1178 3361 1248 3431 dic·

83 3485 197 3549 lum
212 3487 283 3557 est,
300 3499 366 3546 non
385 3478 486 3562 possit
506 3479 650 3546 Ecclesia
672 3498 733 3563 per
748 3478 882 3547 modum
904 3480 1095 3546 universalis
1111 3480 1194 3564 legis
1212 3487 1247 3573 et

92 3597 305 3682 ‹disciplinae
319 3595 498 3682 quidquam
511 3594 667 3681 injustum
682 3596 744 3662 sibi
755 3615 927 3682 usurpare,
946 3596 1123 3663 dicendum
1138 3597 1181 3665 ad
1196 3596 1248 3684 jus

102 3714 279 3784 Ecclesiae
296 3716 476 3799 pertinere,
497 3723 536 3780 ut
555 3714 717 3781 secularis
734 3723 878 3799 potestas
895 3734 961 3780 non
978 3735 1050 3781 sese
1068 3716 1248 3782 immiscent

117 3834 235 3900 causis
253 3833 464 3899 ecclesiastici
484 3833 548 3899 fori
566 3833 721 3916 propriis,
740 3833 866 3899 etiamsi
885 3832 989 3918 judex
1010 3834 1247 3900 ecclesiasticus

111 3973 143 4018 a
162 3957 258 4017 recte
272 3948 460 4017 exercenda
472 3949 598 4035 justitia
614 3926 786 4016 deficeret.

169 4067 337 4134 Probatur
351 4070 397 4132 2⁰.
415 4067 463 4133 Ex
482 4066 570 4133 bulla
585 4071 682 4133 Coeooe
697 4075 732 4135 et
749 4069 818 4134 aliis
832 4066 993 4153 ejusmodi
1009 4068 1246 4137 universalibus

122 4185 281 4262 decretis,
299 4183 463 4270 inquibus
476 4191 631 4269 tanquam
649 4202 810 4251 summum
826 4183 981 4267 flagitium
995 4185 1192 4270 reprobatur
1209 4193 1246 4255 'ct

125 4301 321 4385 mmmmm
336 4300 483 4367 censuris
496 4308 673 4367 coercetur
684 4300 821 4385 quilibet
832 4318 985 4366 recursus
997 4299 1040 4366 ad
1049 4309 1244 4385 potestatem

129 4417 317 4485 secularem
333 4417 368 4483 in
387 4418 492 4485 canus
512 4417 749 4484 ecclesiasticis.
769 4417 801 4481 Si
815 4416 903 4481 enirn
925 4415 975 4482 fas
997 4425 1085 4482 esset
1106 4418 1244 4505 principi
