2714 4980
164 321 223 386 ret
506 322 693 386 murinus
715 336 760 385 ns
781 336 929 384 runicus.

156 458 388 546 Apostolicuni,
407 459 497 526 adid
514 467 703 528 tamennon
715 461 833 539 teneri,
847 467 960 544 primo,
978 451 1132 546 ai'paxte's
1149 453 1271 548 litigan-

156 574 218 657 tis,
243 585 280 643 et
298 576 401 662 judex
423 577 604 643 ordinarius
617 579 650 643 in
665 577 757 663 cajus
775 578 944 644 territorio
968 579 1190 656 constituitur,
1208 579 1272 644 sino

157 690 328 759 illis‘fidem
341 693 420 759 dare
435 693 538 758 velint
553 691 705 776 delegato
717 693 874 759 asserenti
882 710 918 758 se
928 693 1049 760 habere
1063 693 1269 760 mandatum:

157 810 301 889 Senmdo,
316 809 343 872 sl
352 808 422 891 ipse
436 807 590 892 delegans
601 826 743 891 praesens
754 809 805 887 sit,
819 811 865 879 ita
878 816 915 874 ut
928 809 1023 875 facile
1039 793 1164 892 ex'lpso
1175 811 1272 894 quaeri

156 924 256 1006 possit
268 943 308 988 an
322 931 517 1007 potestatem
534 925 565 989 ei
580 923 782 1007 delegaverit
800 942 808 986 ε
827 930 938 1004 Tertio,
966 924 993 990 sl
1014 930 1091 989 ante
1108 923 1269 990 exhibitas

157 1036 315 1123 ejusmodi
328 1039 466 1117 litteras,
487 1046 600 1122 partes
620 1039 784 1123 litigantes
798 1058 907 1104 coram
926 1039 1078 1124 delegato
1099 1038 1195 1105 litem
1208 1039 1271 1104 sint

155 1160 357 1220 contestata.

197 1273 230 1335 3.
256 1270 328 1334 Non
346 1267 447 1334 debet
468 1267 638 1354 delegatus
653 1267 837 1351 procedere
854 1270 942 1335 ultra
960 1267 996 1334 ld
1011 1267 1102 1354 quod
1119 1269 1158 1333 in
1171 1267 1270 1351 ipsius

153 1384 306 1451 mandato
326 1385 530 1467 exprimitur.
550 1385 635 1450 Alias
655 1385 746 1449 irrita
771 1392 871 1450 erunt
900 1383 971 1470 ejus
995 1391 1078 1449 acta.
1106 1382 1149 1449 ld
1178 1389 1268 1448 extra

152 1476 405 1568 dannaversiam
425 1509 485 1578 est,
513 1508 547 1565 et
569 1501 720 1567 firmatur
738 1500 888 1584 pluribus
908 1499 990 1585 juris
1014 1501 1098 1565 sacri
1123 1503 1268 1568 textibus

155 1616 247 1703 (quos
265 1615 340 1680 vide
359 1615 516 1681 indicatos
534 1616 623 1699 apud
641 1615 940 1699 Schmalzgrueber‚
961 1615 1036 1680 loco
1054 1617 1126 1694 cit,
1145 1634 1179 1681 n.
1199 1615 1265 1701 28).

152 1733 223 1798 Iino
233 1732 381 1816 sequitur
394 1752 436 1797 ex
452 1731 526 1817 jure
542 1732 697 1816 naturali;
719 1749 793 1797 cum
808 1731 975 1816 delegatus
989 1750 1054 1797 non
1070 1731 1193 1798 habeat
1209 1732 1268 1799 nisi

150 1854 220 1914 eam
242 1828 498 1932 jurisdictionem
519 1865 617 1933 quarn
645 1867 665 1912 a
689 1844 862 1930 delegante
886 1847 1013 1930 recipit.
1045 1845 1104 1912 Ast
1118 1847 1200 1913 ‘huic
1216 1866 1267 1914 re·

149 1965 232 2049 gulae
251 1966 394 2049 generali
411 1964 570 2048 derogare
590 1963 747 2030 videntur
765 1962 897 2047 qiridarn
916 1980 1026 2047 casus3
1042 1963 1100 2048 qui
1114 1963 1266 2030 tamensi

149 2081 233 2148 bene
252 2080 500 2166 perpendantur
517 2083 649 2164 proprie
668 2100 734 2145 non
749 2079 919 2163 derogant,
939 2097 1000 2145 nec
1017 2088 1095 2146 sunt
1112 2088 1266 2166 tanquam

149 2198 358 2278 exceptiones
379 2195 531 2262 habendi.
561 2196 695 2280 Nempe,

191 2316 315 2387 Primo,
331 2318 440 2393 potest
460 2308 629 2394 delegatus
651 2329 845 2394 cognoscere
870 2310 913 2375 de
932 2310 1085 2376 connexis
1106 2318 1143 2376 et
1161 2329 1272 2376 acces·

148 2426 240 2495 sortis
256 2439 361 2491 wasia
381 2425 443 2490 sibi
460 2424 630 2511 delegatae,
647 2426 726 2492 licet
742 2427 778 2492 id
797 2427 831 2492 in
849 2425 1002 2493 mandato
1020 2445 1088 2492 non
1104 2428 1299 2511 exprima—

146 2551 222 2609 tur:
244 2543 319 2626 quia
333 2560 450 2625 nempe
466 2544 512 2607 ita
526 2542 588 2625 ipsi
600 2542 783 2608 concedere
796 2544 913 2609 merito
926 2551 1079 2609 censetur
1095 2520 1264 2626 delegans.

148 2657 280 2724 Comici
299 2674 340 2722 ex
357 2675 512 2740 responso
533 2657 709 2722 Alexandri
732 2658 781 2723 III
802 2658 846 2724 ad
862 2658 1081 2724 Senoneu'sem
1100 2645 1339 2742 lichiepiae

147 2790 289 2856 scopum.
307 2777 458 2838 Praeterea
471 2773 527 2860 (ait
539 2771 703 2859 Pontifex)
717 2793 806 2856 sapor
820 2776 875 2838 loc
887 2778 967 2857 qaod
979 2779 1042 2839 Nor
1054 2775 1212 2839 consaicrc
1221 2794 1344 2838 eo*-

145 2892 243 2970 lairti,
255 2896 358 2952 atram
368 2891 456 2953 liccat
458 2892 560 2972 judici
570 2892 706 2971 detepato
717 2892 948 2956 nonOrdincrto
958 2896 1340 2972 cogerecontnmncenw

143 3013 179 3070 nt
189 3011 302 3086 caniat,
318 3012 372 3069 ant
381 3008 527 3070 damnare
534 2986 569 3069 'si
579 3025 639 3070 non
655 3008 794 3070 canerit?
806 3008 859 3068 two
874 3009 930 3070 titi
943 3012 1125 3070 anctoritate
1135 3027 1343 3089 proesenae·

146 3127 222 3184 tnnc
242 3115 418 3201 innotescat,
437 3124 527 3203 qnod,
546 3130 706 3204 postquam
720 3128 749 3185 ci
769 3142 870 3202 cansa,
894 3125 963 3186 ticet
980 3125 1172 3205 simpliciter,
1191 3126 1339 3188 dele-³

144 3243 247 3320 gatar,
275 3243 351 3301 sotis
362 3245 461 3319 potest
480 3244 585 3301 nostro
605 3244 783 3302 anctoritate
793 3246 899 3320 parter
915 3241 1098 3321 conpellere,
1125 3247 1157 3304 ei
1175 3246 1329 3305 eliana-

143 3360 329 3418 contnmnces
353 3360 511 3418 acaecitate
532 3357 729 3419 ecclesiastica
750 3374 894 3435 caccone,
923 3361 1042 3420 etiamsi
1059 3358 1173 3420 littera
1193 3377 1330 3421 eom-

145 3475 296 3535 nunonis
313 3473 346 3534 id
369 3489 429 3534 non
450 3477 632 3550 contineant,
652 3478 706 3534 nat
724 3478 829 3552 portes
850 3473 1028 3534 nnndatarn
1046 3477 1187 3537 nostram
1209 3486 1326 3536 nom

145 3588 273 3652 landem
286 3595 321 3651 nt
335 3589 487 3652 accedam.
503 3591 582 3667 Quin
593 3606 633 3650 ea
649 3607 683 3650 co
696 3589 776 3669 qnod
789 3606 879 3676 canan
890 3590 949 3650 aidi
962 3593 1163 3651 committitur
1177 3598 1326 3673 anper

144 3708 284 3769 omnibns·
299 3724 365 3786 qnoe
389 3707 431 3767 nd
456 3724 576 3767 cansam
602 3711 699 3786 ipsam
727 3711 859 3786 spectare
885 3711 1065 3785 noscantur,
1089 3708 1325 3787 planorum*

144 3827 250 3904 recipit
272 3828 462 3903 potestatem.
487 3819 576 3906 (Cap.
600 3825 751 3884 Praeterea
771 3824 802 3898 5,
825 3821 914 3886 tituli
937 3824 990 3899 29,
1012 3820 1090 3887 libri
1110 3826 1123 3886 1
1148 3820 1326 3889 decre*

143 3935 281 4021 talium.)
304 3936 454 4002 Connexa
470 3945 504 4001 et
522 3936 698 4001 accessoria
710 3955 823 4014 causae,
841 3943 917 4001 sunt
932 3936 975 4002 de
993 3938 1032 4002 iis
1050 3957 1116 4019 qnae
1134 3941 1177 4004 a'd
1195 3960 1326 4004 corr

144 4072 209 4116 sant
223 4059 320 4135 ipsein
341 4059 473 4134 spectare
496 4059 682 4131 conantum·
706 4071 742 4116 ac
761 4051 909 4134 proinde,
936 4061 1013 4118 sunt
1035 4051 1077 4119 de
1102 4053 1144 4119 iis
1161 4059 1324 4140 supej

145 4167 272 4252 quibus
298 4175 336 4232 ut
360 4167 405 4231 ait
429 4167 526 4231 citata
541 4165 728 4244 decretalia,
750 4170 922 4248 ptenarium
950 4174 1056 4251 recipit
1079 4176 1319 4250 potantem

146 4280 328 4366 delegatus.
1317 4283 1319 4288 ’

189 4402 337 4479 senna,
371 4407 480 4483 potest
510 4398 679 4484 delegatus
705 4417 724 4464 a
750 4399 861 4464 stricta
887 4405 921 4467 et
946 4400 1082 4470 litterali
1110 4390 1307 4486 rescripti

54 4524 239 4672 ”X
