2714 4980
491 301 493 305 ·
580 287 662 341 raas
675 286 796 346 ⁴intrata,
831 322 834 329 .
885 316 894 350 ¹.
1201 278 1244 345 29

129 415 210 485 libus
218 422 259 488 et
270 413 506 501 temporalibus
520 437 528 483 ε
542 422 641 509 atque
655 435 695 490 ea
709 423 762 491 est
780 417 905 502 capitisx
913 417 1244 506 prorimescqusntis

130 534 276 619 materia3
291 536 326 601 2⁰
344 533 518 618 probamus
539 534 601 599 rim
620 533 771 601 Ecclesiae
800 536 977 613 coactivam
999 535 1244 621 intelligendam

130 669 195 719 esse
209 651 310 719 etiam
331 650 374 719 dc
399 651 505 736 paenis
530 651 765 736 temporalibus
779 659 814 719 et
838 652 1061 737 corporalibus
1080 674 1088 721 ε
1105 652 1195 740 (prod
1208 655 1244 723 iu

130 768 328 855 subsequens
343 776 443 853 capnt
453 766 626 854 sejunctim
641 767 850 837 enodandum
860 768 1034 856 rejicimus.

507 1068 510 1074 ⁴
577 1055 711 1124 CAPUT
732 1058 791 1124 III.

124 1321 347 1396 aerucam-ur
368 1304 572 1370 succurunt
594 1319 667 1381 Qum
693 1318 841 1368 rnosaur
863 1318 1024 1370 ltchESIAE
1046 1282 1243 1373 conmoritur¹¹

124 1411 128 1515 j
167 1437 284 1486 aarum
320 1437 498 1486 axrsauuu
536 1437 597 1485 sau
634 1435 900 1497 conrrnrmsusr,
940 1437 1009 1485 cun
1049 1439 1081 1486 vr
1120 1438 1243 1500 amour
1295 1464 1300 1471 -

167 1555 342 1602 coacrrvs.

112 1863 120 1871 ·
167 1822 213 1914 Ut
225 1817 423 1885 sufficienter
433 1816 574 1902 probent
585 1824 776 1902 argumenta
788 1818 821 1883 in
835 1816 896 1883 boc
910 1818 1017 1903 capite
1031 1817 1238 1909 deducenda,

107 1938 200 2004 sctis
213 1942 264 2002 est
280 1955 322 2001 ex
342 1935 390 2002 eis
406 1941 497 2001 certo
513 1933 669 2001 vindicari
688 1933 838 2002 Ecclesiae
853 1935 963 2001 forum
981 1937 1238 2020 contentiosum,

114 2071 197 2125 ‚cum
210 2058 374 2136 potestate
389 2051 525 2135 cogendi
539 2052 654 2116 saltem
665 2066 727 2134 per
739 2051 923 2136 spirituales
934 2070 1058 2135 poenas.
1072 2052 1240 2137 blortiori

112 2177 233 2260 autem
249 2167 355 2235 salida
370 2175 487 2246 erunt,
507 2185 578 2253 quae
599 2165 784 2251 probabunt
805 2167 1056 2234 ecclesiasticam
1074 2188 1138 2257 per
1156 2177 1240 2239 tem·

110 2285 253 2370 porales
269 2292 305 2351 ct
322 2283 506 2367 corporales
529 2303 643 2368 poenas
664 2282 837 2357 coercendi
856 2290 1064 2368 potestatem.
1082 2285 1240 2368 Quoniam

112 2409 233 2470 ‘autem
245 2401 321 2469 ideo
337 2402 486 2468 Ecclesia
504 2399 686 2484 denegatur
704 2400 745 2467 ab
759 2400 968 2469 heterodoxis
983 2401 1240 2487 torumconteuff

123 2521 253 2598 tiosnm,
272 2519 357 2604 qnia,
375 2526 414 2584 ut
427 2518 489 2602 ipsi
503 2516 628 2597 dicunt,
650 2519 716 2583 vim
730 2519 909 2586 coactivam
925 2520 960 2586 in
974 2521 1092 2589 inritos
1103 2537 1170 2588 non
1183 2521 1240 2591 aa

118 2635 192 2715 bet,
212 2636 257 2704 ao
269 2652 340 2703 rem
351 2634 447 2701 ctiam
462 2633 584 2700 lactent
595 2643 867 2722 argumentoque
880 2634 1001 2704 dictam
1014 2638 1082 2704 rim
1092 2639 1240 2706 coerciti-

125 2773 196 2822 ram
209 2753 445 2831 demonstrant,
457 2752 535 2818 licet
545 2749 587 2818 dc
598 2751 670 2818 foro
685 2755 886 2820 contentioso
896 2754 992 2822 simul
1002 2774 1068 2823 non
1080 2764 1235 2825 tractent.

125 2872 202 2954 Qun
216 2871 322 2938 omnia
338 2869 577 2954 argumentatio
594 2876 768 2955 sequentes
783 2872 1002 2956 paragraphos
1014 2870 1238 2950 distribuenda

118 2991 191 3056 -risa
206 2996 294 3057 sunt.

649 3244 714 3318 an
832 3337 833 3341 Ν

463 3468 631 3530 argumentum
645 3480 673 3516 cx
687 3466 808 3530 scriptura
822 3480 897 3517 sacra.

123 3744 128 3755 -
170 3706 198 3767 1.
220 3701 348 3767 Direxit
365 3709 495 3767 sanctus
515 3675 636 3766 Paulus
656 3700 820 3783 apostolus
839 3697 881 3766 ad
894 3698 1094 3766 Timotheum
1106 3698 1238 3784 uphem

127 3835 199 3884 anm
210 3819 407 3902 Episcopum
425 3815 611 3902 hujusmodi
624 3823 824 3901 praeceptum
839 3813 1009 3884 :advocat
1020 3813 1237 3905 praeoptatam

126 3934 349 4005 accuactioacm
363 3933 432 4002 eroli
449 3933 601 4024 recipcre,
614 3930 680 4001 oisa‘
697 3933 755 4002 aab
770 3933 893 4002 duobos
913 3946 970 4002 cot
992 3931 1094 4002 tribm
1110 3930 1237 4004 testibus

128 4053 150 4142 (1
169 4055 211 4123 ad
226 4053 363 4120 Timotb.
383 4073 415 4131 v,
439 4051 505 4137 19).
528 4052 703 4119 Porreille
722 4060 834 4119 textus
852 4052 969 4135 probat
983 4051 1134 4121 Ecclesioe
1149 4068 1236 4119 com·

116 4180 235 4256 ¹<petere
250 4172 360 4238 forum
373 4171 609 4238 contentiosum
618 4188 677 4235 scu
687 4170 821 4254 proprie
832 4167 952 4235 dictam
963 4165 1165 4253 judiciariam
1176 4180 1236 4253 po?b

124 4296 283 4357 testatem.
302 4288 443 4356 Namihi
464 4287 583 4355 adsunt
604 4285 667 4363 fori
686 4286 813 4355 extenti
835 4304 894 4351 scu
916 4285 1236 4357 comentioaiessen·

124 4408 217 4487 talia,
227 4408 285 4475 ubi
295 4406 337 4473 ad
350 4412 425 4473 suot
436 4406 627 4473 Actcrlteus
640 4412 673 4470 ct
685 4403 786 4490 judex
799 4403 904 4490 aliqua
914 4403 1236 4488 potestatcecactira
