2714 4980
115 306 181 374 490
462 325 651 374 naimarus
674 326 887 374 assumens.

116 446 242 525 obiisse,
260 464 326 512 non
344 445 442 513 modo
460 447 597 514 clericos
616 451 650 512 tn
667 449 776 524 sacris,
805 449 865 514 sed
894 456 930 514 et
953 447 1143 533 Episcopus,
1161 448 1231 514 licet

116 551 177 626 sub
192 560 546 641 archicancellariorum,
570 578 629 626 seu
650 580 825 642 uaepacmrm
843 563 1096 625 cancellariorum
1109 567 1230 626 nomiae.

115 676 241 759 Quibus
255 675 416 754 adductis,
434 677 479 742 sic
494 675 647 742 laudatus
660 684 776 743 auctor
788 675 982 762 subjungit:
1003 699 1021 738 u
1040 679 1182 744 Possent
1204 683 1233 742 et

121 792 215 859 «alia
237 792 403 876 complura
427 792 492 865 huo
521 800 715 877 argumenta
732 792 941 871 accumulari,
960 793 1082 878 quibus
1105 792 1234 859 validius

120 939 134 964 r
151 908 213 974 boc
229 910 335 993 ipsum
358 917 563 992 argueretur,
579 908 646 994 jam
658 907 734 974 inde
754 908 990 992 atemporibns
1004 908 1117 975 Caroli
1136 913 1234 994 magni

120 1055 133 1079 «
153 1022 292 1090 officium
309 1026 427 1091 notarii
450 1023 611 1109 gradatim
630 1026 810 1092 surrexisse
832 1024 875 1091 ad
890 1044 1056 1091 summum
1075 1025 1234 1112 quoddam

120 1173 133 1197 «
150 1141 328 1226 fastigium,
351 1143 619 1227 exambitnmque
633 1143 746 1223 subse,
762 1142 903 1229 primum
916 1163 934 1208 a
949 1141 1109 1222 diaconis,
1126 1143 1203 1210 inde
1219 1163 1234 1209 a

122 1258 365 1343 «presbyteris,
379 1259 479 1325 immo
499 1260 540 1325 ab
555 1259 735 1343 Episcopis,
756 1258 984 1342 adoptatoalio
996 1260 1131 1325 nomine
1153 1259 1234 1344 quod

121 1404 134 1428 α
151 1373 317 1458 angustius
328 1372 451 1458 aliquid
468 1394 583 1441 sonare
604 1374 786 1440 videretur.
804 1375 887 1440 Huic
903 1393 937 1440 se
950 1381 1033 1440 tune
1050 1373 1157 1442 officio
1168 1375 1233 1440 laici

121 1520 134 1544 «
152 1490 258 1555 rarius
271 1489 477 1574 ingerebant,
491 1498 563 1558 tum
575 1490 665 1577 quod
673 1492 857 1558 litterarum
863 1493 994 1576 penitus
1004 1497 1117 1558 essent
1128 1491 1232 1568 rudes,

122 1614 224 1672 «tum
243 1605 332 1691 quod
349 1625 416 1672 non
437 1614 504 1673 tam
531 1615 677 1691 spectata
699 1615 785 1674 esset
804 1626 918 1674 eorum
932 1590 1016 1672 fides
1030 1614 1134 1692 atque
1150 1607 1235 1674 cleri-

122 1739 307 1788 «corum...
331 1720 511 1788 Adnotasse
538 1719 676 1793 sufficiet
699 1722 782 1800 loca,
802 1721 920 1807 quibus
943 1727 1074 1787 constat
1099 1723 1235 1788 notarios

123 1866 136 1890 ι
154 1834 254 1903 misse
265 1837 411 1916 clericos,
424 1843 460 1902 et
472 1836 666 1903 clericorum
679 1837 847 1921 privilegia
857 1834 1039 1901 vindicasse
1048 1836 1122 1916 sibi,
1134 1855 1235 1921 mam

124 1980 137 2005 r
155 1968 253 2036 quam
272 1950 435 2037 conjugati
446 1955 683 2037 essent‚'usque
702 1950 745 2017 ad
762 1970 881 2018 annum
904 1953 1001 2018 1459.
1018 1981 1034 2008 ι·
1051 1951 1173 2039 (Citato
1190 1972 1235 2018 aa·

118 2069 198 2152 pite,
211 2088 246 2132 n.
257 2065 304 2153 3.)
317 2069 365 2133 lix
373 2066 528 2153 subjectis
539 2089 557 2135 a
568 2069 773 2136 Thomassino
784 2069 1000 2146 citationibus,
1011 2069 1141 2154 unqua
1150 2067 1236 2136 dum·

118 2192 208 2250 taam
225 2185 471 2251 transcribimus
488 2206 496 2251 t
513 2189 578 2268 Epo
594 2189 729 2267 cheriem,
753 2188 873 2250 tabellio
898 2188 983 2250 ducis
1007 2190 1232 2268 Burpuudia...

120 2302 231 2364 Clerici
254 2306 412 2365 etuotcrii
431 2306 535 2384 jurati
554 2306 768 2367 Vesontieuses.
791 2300 919 2388 (Recessit
941 2321 1020 2383 pour
1039 2302 1236 2366 l'histoiredr

118 2422 417 2500 Bourpopue,pages
430 2418 508 2495 283,
522 2419 598 2496 287,
617 2420 694 2495 255,
716 2419 793 2494 460,
819 2413 911 2500 607.)
932 2416 1024 2482 Anno
1046 2418 1136 2484 1417
1156 2420 1235 2499 :Epo

119 2538 230 2600 Petrus
246 2536 371 2596 clericus
384 2538 624 2616 Rotomopeasis‚
644 2535 830 2597 authoritate
843 2535 1015 2614 Apostoiiea
1042 2541 1073 2596 et
1089 2536 1237 2617 imperiali

118 2655 297 2715 rotarius...
310 2648 403 2715 Anno
423 2653 506 2715 1457
526 2671 533 2715 :
552 2652 669 2714 Clerico
683 2654 853 2714 Parisieusi
867 2654 980 2731 injure
997 2655 1142 2714 rumonim
1153 2653 1235 2714 lecur-

119 2770 210 2846 ciuto,
224 2767 343 2847 publico
357 2768 528 2848 Apostolica
546 2775 576 2830 et
591 2768 744 2849 imperiali
763 2766 958 2844 authoritate,
977 2772 1008 2829 et
1023 2771 1120 2829 merim
1133 2773 1236 2848 epimo-

116 2882 201 2964 pulis
225 2884 410 2945 Perisicasis
440 2887 559 2944 anterio
576 2887 693 2964 wrote.
721 2880 821 2967 (Quae
853 2878 921 2945 duo
951 2879 1067 2946 ultima
1091 2881 1236 2965 exempla

120 2996 278 3079 reperies,
295 3000 430 3060 Histoire
447 2999 484 3060 de
499 3003 580 3060 seiut
594 3001 711 3061 Martia
725 2999 777 3060 des
792 2997 933 3079 cumps,
949 3015 1023 3080 pag.
1039 2998 1080 3061 24
1098 3005 1134 3063 et
1149 2994 1234 3080 252.)

121 3111 298 3179 dconcilio
322 3113 498 3178 Basileensi
515 3115 660 3180 notarios
675 3113 802 3178 habitos
826 3112 925 3179 fuisse
941 3131 1003 3195 pro
1023 3115 1175 3196 personis
1188 3133 1236 3178 eo·

123 3227 318 3306 clesiasticis,
335 3248 373 3294 ac
388 3228 526 3312 proinde
537 3237 618 3295 tunc
630 3229 788 3312 temporis
804 3226 912 3293 adhuc
927 3229 1117 3311 generalem
1142 3229 1235 3295 fuisse

124 3342 404 3424 consuetudinem,
421 3353 460 3410 ut
474 3345 583 3410 clerici
607 3345 804 3410 notariatum
830 3351 1033 3422 exercerent,
1057 3353 1236 3412 constater

123 3460 264 3525 sessione
276 3458 298 3527 5
315 3481 322 3526 :
342 3463 537 3526 Maudeihoee
546 3464 677 3545 synodus
690 3463 892 3541 Patriurchis,
908 3462 1159 3544 Archiepiseopis,
1171 3467 1236 3546 Epi·

123 3581 229 3660 scapis,
241 3584 272 3640 et
289 3579 361 3640 aliis
374 3579 575 3640 Ecclesiarum
593 3579 749 3657 Proeietis,
766 3580 948 3658 clericisque,
963 3581 1107 3656 notariis,
1126 3586 1156 3641 et
1171 3581 1237 3642 eliis

118 3699 257 3775 perora
271 3695 487 3758 ecciesiasticis.
504 3692 682 3758 Concilium
695 3692 884 3759 coloniense
898 3692 983 3758 circa
1003 3691 1157 3759 diaecesis
1169 3693 1238 3759 vist-

122 3809 279 3902 tationem
295 3808 337 3874 ab
349 3810 507 3892 Episcopo
520 3808 739 3893 peragendam
754 3810 798 3874 ita
812 3807 935 3875 edixit:
951 3811 1142 3873 Adhibentur
1157 3817 1238 3873 aom-

124 3930 190 3988 rius
204 3933 256 4007 qui
274 3933 317 3989 sit
332 3929 480 4005 sacerdos,
500 3934 554 3989 aut
571 3929 678 3990 saitem
695 3929 820 3990 clericus
833 3946 894 3989 uon
912 3931 1098 4008 coujupatus.
1120 3927 1161 3991 Et
1173 3933 1238 3990 tan·

125 4022 203 4105 dem
221 4042 255 4106 in
272 4042 353 4107 actis
371 4041 498 4108 concilii
514 4042 764 4121 Cameracensis,
783 4043 859 4107 anni
876 4045 960 4108 1565
987 4041 1051 4128 (tit.
1069 4043 1124 4119 24,
1143 4062 1172 4107 c.
1194 4038 1234 4124 7),

124 4156 171 4223 ita
185 4159 352 4225 occurrit:
383 4165 530 4240 moreium
549 4180 608 4223 noa
627 4167 718 4242 pauci
739 4167 773 4223 iu
791 4161 846 4222 hac
870 4165 1029 4242 provincia
1051 4165 1237 4241 reperiuntur

124 4278 301 4359 praesbyteri
315 4283 345 4339 et
359 4279 471 4357 clema,
490 4296 542 4340 seu
551 4298 611 4359 pro
627 4279 738 4341 talibus
753 4297 815 4340 sese
829 4283 974 4359 perantes,
999 4283 1051 4358 qui
1065 4298 1096 4340 se
1109 4280 1236 4342 autarius

122 4394 259 4483 polluas
273 4395 407 4457 emtore
418 4401 450 4458 ei
459 4399 628 4475 uomiueut,
641 4414 766 4482 qurum
781 4397 945 4484 imperitia,
962 4400 1018 4457 etc.
