<?xml version="1.0" encoding="UTF-8"?>
<!DOCTYPE html PUBLIC "-//W3C//DTD XHTML 1.0 Transitional//EN"
    "http://www.w3.org/TR/xhtml1/DTD/xhtml1-transitional.dtd">
<html xmlns="http://www.w3.org/1999/xhtml" xml:lang="en" lang="en">
 <head>
  <title>
</title>
<meta http-equiv="Content-Type" content="text/html;charset=utf-8" />
  <meta name='ocr-system' content='tesseract 3.04.00' />
  <meta name='ocr-capabilities' content='ocr_page ocr_carea ocr_par ocr_line ocrx_word'/>
</head>
<body>
  <div class='ocr_page' id='page_1' title='image "./tractatusdejudi00bouigoog_0170.png"; bbox 0 0 2714 4980; ppageno 0'>
   <div class='ocr_carea' id='block_1_1' title="bbox 95 313 1237 4495">
    <p class='ocr_par' dir='ltr' id='par_1_1' title="bbox 118 313 1237 1697">
     <span class='ocr_line' id='line_1_1' title="bbox 570 313 1234 378; baseline 0.002 -2"><span class='ocrx_word' id='word_1_1' title='bbox 570 329 650 377; x_wconf 76' lang='lat' dir='ltr'>runs</span> <span class='ocrx_word' id='word_1_2' title='bbox 672 326 785 376; x_wconf 76' lang='lat' dir='ltr'>rnrnu.</span> <span class='ocrx_word' id='word_1_3' title='bbox 1173 313 1234 378; x_wconf 77' lang='lat'>157</span> 
     </span>
     <span class='ocr_line' id='line_1_2' title="bbox 124 446 1236 538; baseline 0.004 -23"><span class='ocrx_word' id='word_1_4' title='bbox 124 448 211 518; x_wconf 88' lang='lat' dir='ltr'>dicto</span> <span class='ocrx_word' id='word_1_5' title='bbox 229 446 390 538; x_wconf 78' lang='lat' dir='ltr'>subjicere</span> <span class='ocrx_word' id='word_1_6' title='bbox 411 456 626 538; x_wconf 80' lang='lat' dir='ltr'>terramque</span> <span class='ocrx_word' id='word_1_7' title='bbox 640 470 706 518; x_wconf 92' lang='lat' dir='ltr'>non</span> <span class='ocrx_word' id='word_1_8' title='bbox 726 451 908 536; x_wconf 83' lang='lat' dir='ltr'>pertineret</span> <span class='ocrx_word' id='word_1_9' title='bbox 927 452 1098 532; x_wconf 72' lang='lat' dir='ltr'>specialiter</span> <span class='ocrx_word' id='word_1_10' title='bbox 1118 448 1165 538; x_wconf 90' lang='lat' dir='ltr'>(id</span> <span class='ocrx_word' id='word_1_11' title='bbox 1185 459 1236 519; x_wconf 84' lang='lat' dir='ltr'>est</span> 
     </span>
     <span class='ocr_line' id='line_1_3' title="bbox 121 565 1233 654; baseline 0.001 -22"><span class='ocrx_word' id='word_1_12' title='bbox 121 569 217 633; x_wconf 90' lang='lat' dir='ltr'>etiam</span> <span class='ocrx_word' id='word_1_13' title='bbox 229 568 340 654; x_wconf 86' lang='lat' dir='ltr'>quoad</span> <span class='ocrx_word' id='word_1_14' title='bbox 353 568 529 636; x_wconf 91' lang='lat' dir='ltr'>dominium</span> <span class='ocrx_word' id='word_1_15' title='bbox 538 565 731 653; x_wconf 80' lang='lat' dir='ltr'>temporale)</span> <span class='ocrx_word' id='word_1_16' title='bbox 742 565 784 632; x_wconf 85' lang='lat' dir='ltr'>ud</span> <span class='ocrx_word' id='word_1_17' title='bbox 798 566 946 650; x_wconf 81' lang='lat' dir='ltr'><strong>Episcopi</strong></span> <span class='ocrx_word' id='word_1_18' title='bbox 957 565 1233 651; x_wconf 86' lang='lat' dir='ltr'>jurisdictionem:</span> 
     </span>
     <span class='ocr_line' id='line_1_4' title="bbox 121 683 1237 770; baseline -0.002 -18"><span class='ocrx_word' id='word_1_19' title='bbox 121 686 195 769; x_wconf 80' lang='lat' dir='ltr'>quic</span> <span class='ocrx_word' id='word_1_20' title='bbox 212 704 331 769; x_wconf 85' lang='lat' dir='ltr'>nempe</span> <span class='ocrx_word' id='word_1_21' title='bbox 346 686 533 770; x_wconf 80' lang='lat' dir='ltr'>ambiguum</span> <span class='ocrx_word' id='word_1_22' title='bbox 548 694 599 752; x_wconf 90' lang='lat' dir='ltr'>est</span> <span class='ocrx_word' id='word_1_23' title='bbox 612 694 725 752; x_wconf 91' lang='lat' dir='ltr'>utrum</span> <span class='ocrx_word' id='word_1_24' title='bbox 743 705 804 751; x_wconf 86' lang='lat' dir='ltr'>vox</span> <span class='ocrx_word' id='word_1_25' title='bbox 821 687 990 767; x_wconf 77' lang='lat' dir='ltr'>specialiter</span> <span class='ocrx_word' id='word_1_26' title='bbox 1011 683 1237 770; x_wconf 86' lang='lat' dir='ltr'>conjungenda</span> 
     </span>
     <span class='ocr_line' id='line_1_5' title="bbox 118 801 1236 886; baseline 0 -20"><span class='ocrx_word' id='word_1_27' title='bbox 118 801 158 867; x_wconf 84' lang='lat' dir='ltr'>sit</span> <span class='ocrx_word' id='word_1_28' title='bbox 180 820 255 868; x_wconf 91' lang='lat' dir='ltr'>cnm</span> <span class='ocrx_word' id='word_1_29' title='bbox 278 802 478 886; x_wconf 79' lang='lat' dir='ltr'>precedenti</span> <span class='ocrx_word' id='word_1_30' title='bbox 491 810 636 884; x_wconf 79' lang='lat' dir='ltr'>pertinet,</span> <span class='ocrx_word' id='word_1_31' title='bbox 658 822 699 867; x_wconf 89' lang='lat' dir='ltr'>an</span> <span class='ocrx_word' id='word_1_32' title='bbox 715 803 825 884; x_wconf 90' lang='lat' dir='ltr'>potius</span> <span class='ocrx_word' id='word_1_33' title='bbox 848 820 922 866; x_wconf 93' lang='lat' dir='ltr'>cum</span> <span class='ocrx_word' id='word_1_34' title='bbox 942 802 1154 886; x_wconf 87' lang='lat' dir='ltr'>sequentibus</span> <span class='ocrx_word' id='word_1_35' title='bbox 1173 817 1236 885; x_wconf 77' lang='lat' dir='ltr'>spe</span> 
     </span>
     <span class='ocr_line' id='line_1_6' title="bbox 118 899 1237 1003; baseline -0.001 -21"><span class='ocrx_word' id='word_1_36' title='bbox 118 920 238 983; x_wconf 80' lang='lat' dir='ltr'>cialiter</span> <span class='ocrx_word' id='word_1_37' title='bbox 263 922 424 983; x_wconf 77' lang='lat' dir='ltr'>interdicto</span> <span class='ocrx_word' id='word_1_38' title='bbox 444 899 611 1002; x_wconf 56' lang='lat' dir='ltr'>supportet·</span> <span class='ocrx_word' id='word_1_39' title='bbox 632 936 729 1003; x_wconf 86' lang='lat' dir='ltr'>quam</span> <span class='ocrx_word' id='word_1_40' title='bbox 749 916 969 1002; x_wconf 72' lang='lat' dir='ltr'>questionem,</span> <span class='ocrx_word' id='word_1_41' title='bbox 992 924 1106 1001; x_wconf 87' lang='lat' dir='ltr'>utpote</span> <span class='ocrx_word' id='word_1_42' title='bbox 1132 918 1237 983; x_wconf 81' lang='lat' dir='ltr'>minue</span> 
     </span>
     <span class='ocr_line' id='line_1_7' title="bbox 119 1031 1234 1117; baseline -0.001 -19"><span class='ocrx_word' id='word_1_43' title='bbox 119 1034 233 1099; x_wconf 90' lang='lat' dir='ltr'>utilem</span> <span class='ocrx_word' id='word_1_44' title='bbox 261 1035 450 1099; x_wconf 86' lang='lat' dir='ltr'>omittimus.</span> <span class='ocrx_word' id='word_1_45' title='bbox 483 1032 648 1100; x_wconf 77' lang='lat' dir='ltr'>Addemus</span> <span class='ocrx_word' id='word_1_46' title='bbox 677 1041 806 1098; x_wconf 87' lang='lat' dir='ltr'>tuntum</span> <span class='ocrx_word' id='word_1_47' title='bbox 830 1031 956 1098; x_wconf 88' lang='lat' dir='ltr'>moneri</span> <span class='ocrx_word' id='word_1_48' title='bbox 984 1031 1142 1117; x_wconf 89' lang='lat' dir='ltr'>perjura</span> <span class='ocrx_word' id='word_1_49' title='bbox 1165 1035 1234 1117; x_wconf 87' lang='lat' dir='ltr'>ipsc</span> 
     </span>
     <span class='ocr_line' id='line_1_8' title="bbox 119 1146 1236 1234; baseline -0.001 -20"><span class='ocrx_word' id='word_1_50' title='bbox 119 1146 306 1234; x_wconf 85' lang='lat' dir='ltr'>delegatum</span> <span class='ocrx_word' id='word_1_51' title='bbox 321 1151 428 1233; x_wconf 85' lang='lat' dir='ltr'>Papae,</span> <span class='ocrx_word' id='word_1_52' title='bbox 450 1158 488 1215; x_wconf 89' lang='lat' dir='ltr'>ut</span> <span class='ocrx_word' id='word_1_53' title='bbox 508 1151 618 1215; x_wconf 89' lang='lat' dir='ltr'>mitius</span> <span class='ocrx_word' id='word_1_54' title='bbox 635 1155 708 1234; x_wconf 85' lang='lat' dir='ltr'>agat</span> <span class='ocrx_word' id='word_1_55' title='bbox 723 1151 757 1213; x_wconf 93' lang='lat' dir='ltr'>in</span> <span class='ocrx_word' id='word_1_56' title='bbox 775 1150 969 1233; x_wconf 76' lang='lat' dir='ltr'>Episcopum</span> <span class='ocrx_word' id='word_1_57' title='bbox 988 1147 1136 1234; x_wconf 90' lang='lat' dir='ltr'>(propter</span> <span class='ocrx_word' id='word_1_58' title='bbox 1156 1149 1236 1214; x_wconf 90' lang='lat' dir='ltr'>erni·</span> 
     </span>
     <span class='ocr_line' id='line_1_9' title="bbox 118 1261 1235 1350; baseline 0.001 -24"><span class='ocrx_word' id='word_1_59' title='bbox 118 1265 263 1329; x_wconf 78' lang='lat' dir='ltr'>nentium</span> <span class='ocrx_word' id='word_1_60' title='bbox 276 1265 467 1348; x_wconf 85' lang='lat' dir='ltr'>episcopalis</span> <span class='ocrx_word' id='word_1_61' title='bbox 486 1261 673 1349; x_wconf 86' lang='lat' dir='ltr'>dignitatis),</span> <span class='ocrx_word' id='word_1_62' title='bbox 687 1282 782 1349; x_wconf 87' lang='lat' dir='ltr'>quum</span> <span class='ocrx_word' id='word_1_63' title='bbox 803 1264 837 1328; x_wconf 91' lang='lat' dir='ltr'>in</span> <span class='ocrx_word' id='word_1_64' title='bbox 855 1264 934 1331; x_wconf 90' lang='lat' dir='ltr'>alios</span> <span class='ocrx_word' id='word_1_65' title='bbox 953 1263 1071 1350; x_wconf 85' lang='lat' dir='ltr'>(cupite</span> <span class='ocrx_word' id='word_1_66' title='bbox 1088 1268 1235 1328; x_wconf 79' lang='lat' dir='ltr'>Pastore·</span> 
     </span>
     <span class='ocr_line' id='line_1_10' title="bbox 121 1377 1233 1466; baseline 0.006 -26"><span class='ocrx_word' id='word_1_67' title='bbox 121 1379 156 1443; x_wconf 78' lang='lat' dir='ltr'>lts</span> <span class='ocrx_word' id='word_1_68' title='bbox 170 1383 227 1459; x_wconf 78' lang='lat'>28,</span> <span class='ocrx_word' id='word_1_69' title='bbox 246 1380 337 1446; x_wconf 89' lang='lat' dir='ltr'>tituli</span> <span class='ocrx_word' id='word_1_70' title='bbox 356 1383 411 1458; x_wconf 76' lang='lat'>29,</span> <span class='ocrx_word' id='word_1_71' title='bbox 435 1380 511 1446; x_wconf 83' lang='lat' dir='ltr'>libri</span> <span class='ocrx_word' id='word_1_72' title='bbox 532 1384 543 1446; x_wconf 90' lang='lat' dir='ltr'>l</span> <span class='ocrx_word' id='word_1_73' title='bbox 569 1378 728 1465; x_wconf 88' lang='lat' dir='ltr'>decret.);</span> <span class='ocrx_word' id='word_1_74' title='bbox 749 1387 811 1444; x_wconf 80' lang='lat' dir='ltr'>nisi</span> <span class='ocrx_word' id='word_1_75' title='bbox 830 1383 909 1461; x_wconf 80' lang='lat' dir='ltr'>sorte</span> <span class='ocrx_word' id='word_1_76' title='bbox 925 1380 973 1466; x_wconf 90' lang='lat' dir='ltr'>(ut</span> <span class='ocrx_word' id='word_1_77' title='bbox 990 1377 1110 1446; x_wconf 89' lang='lat' dir='ltr'>dicitur</span> <span class='ocrx_word' id='word_1_78' title='bbox 1127 1383 1233 1464; x_wconf 83' lang='lat' dir='ltr'>cupite</span> 
     </span>
     <span class='ocr_line' id='line_1_11' title="bbox 121 1494 1233 1581; baseline 0.001 -20"><span class='ocrx_word' id='word_1_79' title='bbox 121 1499 198 1575; x_wconf 78' lang='lat' dir='ltr'>Qutc</span> <span class='ocrx_word' id='word_1_80' title='bbox 209 1497 386 1580; x_wconf 65' lang='lat' dir='ltr'>poctficclc&#39;</span> <span class='ocrx_word' id='word_1_81' title='bbox 399 1500 431 1576; x_wconf 79' lang='lat'>2,</span> <span class='ocrx_word' id='word_1_82' title='bbox 453 1500 490 1562; x_wconf 87' lang='lat' dir='ltr'>dc</span> <span class='ocrx_word' id='word_1_83' title='bbox 504 1499 609 1578; x_wconf 81' lang='lat' dir='ltr'>Officio</span> <span class='ocrx_word' id='word_1_84' title='bbox 622 1505 651 1562; x_wconf 88' lang='lat' dir='ltr'>et</span> <span class='ocrx_word' id='word_1_85' title='bbox 665 1505 729 1580; x_wconf 88' lang='lat' dir='ltr'>pot.</span> <span class='ocrx_word' id='word_1_86' title='bbox 743 1500 816 1581; x_wconf 83' lang='lat' dir='ltr'>jud.</span> <span class='ocrx_word' id='word_1_87' title='bbox 832 1499 942 1578; x_wconf 70' lang='lat' dir='ltr'>delep„</span> <span class='ocrx_word' id='word_1_88' title='bbox 961 1496 995 1560; x_wconf 91' lang='lat' dir='ltr'>in</span> <span class='ocrx_word' id='word_1_89' title='bbox 1009 1494 1043 1581; x_wconf 87' lang='grc'>6)</span> <span class='ocrx_word' id='word_1_90' title='bbox 1058 1500 1150 1562; x_wconf 83' lang='lat' dir='ltr'>aliter</span> <span class='ocrx_word' id='word_1_91' title='bbox 1163 1499 1233 1577; x_wconf 75' lang='lat' dir='ltr'>fieri</span> 
     </span>
     <span class='ocr_line' id='line_1_12' title="bbox 120 1616 965 1697; baseline -0.001 -20"><span class='ocrx_word' id='word_1_92' title='bbox 120 1620 249 1677; x_wconf 65' lang='lat' dir='ltr'>uorem</span> <span class='ocrx_word' id='word_1_93' title='bbox 265 1619 362 1677; x_wconf 82' lang='lat' dir='ltr'>nimie</span> <span class='ocrx_word' id='word_1_94' title='bbox 380 1619 572 1678; x_wconf 81' lang='lat' dir='ltr'>contumacice</span> <span class='ocrx_word' id='word_1_95' title='bbox 582 1619 778 1697; x_wconf 78' lang='lat' dir='ltr'>protervitas,</span> <span class='ocrx_word' id='word_1_96' title='bbox 798 1634 849 1677; x_wconf 84' lang='lat' dir='ltr'>seu</span> <span class='ocrx_word' id='word_1_97' title='bbox 866 1616 965 1696; x_wconf 85' lang='lat' dir='ltr'>caclpc.</span> 
     </span>
    </p>

    <p class='ocr_par' dir='ltr' id='par_1_2' title="bbox 95 1727 1236 4025">
     <span class='ocr_line' id='line_1_13' title="bbox 155 1727 1234 1815; baseline -0.003 -19"><span class='ocrx_word' id='word_1_98' title='bbox 155 1733 191 1796; x_wconf 83' lang='lat'>3.</span> <span class='ocrx_word' id='word_1_99' title='bbox 224 1755 237 1788; x_wconf 73' lang='grc' dir='ltr'>ι</span> <span class='ocrx_word' id='word_1_100' title='bbox 254 1730 368 1796; x_wconf 90' lang='lat' dir='ltr'>Potest</span> <span class='ocrx_word' id='word_1_101' title='bbox 380 1728 485 1815; x_wconf 81' lang='lat' dir='ltr'>judex</span> <span class='ocrx_word' id='word_1_102' title='bbox 504 1729 683 1814; x_wconf 90' lang='lat' dir='ltr'>delegatus,</span> <span class='ocrx_word' id='word_1_103' title='bbox 700 1731 727 1795; x_wconf 90' lang='lat' dir='ltr'>si</span> <span class='ocrx_word' id='word_1_104' title='bbox 742 1730 774 1796; x_wconf 90' lang='lat' dir='ltr'>ei</span> <span class='ocrx_word' id='word_1_105' title='bbox 789 1748 866 1814; x_wconf 87' lang='lat' dir='ltr'>pers</span> <span class='ocrx_word' id='word_1_106' title='bbox 880 1730 979 1795; x_wconf 87' lang='lat' dir='ltr'>citata</span> <span class='ocrx_word' id='word_1_107' title='bbox 993 1728 1124 1815; x_wconf 86' lang='lat' dir='ltr'>objiciat</span> <span class='ocrx_word' id='word_1_108' title='bbox 1137 1727 1234 1814; x_wconf 83' lang='lat' dir='ltr'>juris·</span> 
     </span>
     <span class='ocr_line' id='line_1_14' title="bbox 113 1844 1235 1931; baseline 0.004 -25"><span class='ocrx_word' id='word_1_109' title='bbox 113 1844 303 1912; x_wconf 73' lang='lat' dir='ltr'>edictionis</span> <span class='ocrx_word' id='word_1_110' title='bbox 320 1845 499 1926; x_wconf 83' lang='lat' dir='ltr'>defectum,</span> <span class='ocrx_word' id='word_1_111' title='bbox 524 1865 718 1931; x_wconf 82' lang='lat' dir='ltr'>cognoscere</span> <span class='ocrx_word' id='word_1_112' title='bbox 741 1847 936 1930; x_wconf 84' lang='lat' dir='ltr'>regulariter</span> <span class='ocrx_word' id='word_1_113' title='bbox 955 1864 1034 1911; x_wconf 94' lang='lat' dir='ltr'>num</span> <span class='ocrx_word' id='word_1_114' title='bbox 1053 1865 1111 1911; x_wconf 91' lang='lat' dir='ltr'>sua</span> <span class='ocrx_word' id='word_1_115' title='bbox 1128 1846 1170 1911; x_wconf 89' lang='lat' dir='ltr'>sit</span> <span class='ocrx_word' id='word_1_116' title='bbox 1185 1844 1235 1930; x_wconf 88' lang='lat' dir='ltr'>ju·</span> 
     </span>
     <span class='ocr_line' id='line_1_15' title="bbox 106 1961 1229 2047; baseline -0.004 -19"><span class='ocrx_word' id='word_1_117' title='bbox 106 1980 127 2021; x_wconf 79' lang='lat'>«</span> <span class='ocrx_word' id='word_1_118' title='bbox 142 1961 315 2047; x_wconf 80' lang='lat' dir='ltr'>risdicti03</span> <span class='ocrx_word' id='word_1_119' title='bbox 334 1970 433 2046; x_wconf 90' lang='lat' dir='ltr'>prout</span> <span class='ocrx_word' id='word_1_120' title='bbox 446 1965 586 2029; x_wconf 87' lang='lat' dir='ltr'>sumitur</span> <span class='ocrx_word' id='word_1_121' title='bbox 600 1982 640 2028; x_wconf 84' lang='lat' dir='ltr'>ex</span> <span class='ocrx_word' id='word_1_122' title='bbox 656 1963 761 2046; x_wconf 89' lang='lat' dir='ltr'>capite</span> <span class='ocrx_word' id='word_1_123' title='bbox 772 1966 918 2045; x_wconf 80' lang='lat' dir='ltr'>Ecpcrtc</span> <span class='ocrx_word' id='word_1_124' title='bbox 931 1965 984 2040; x_wconf 87' lang='grc'>33,</span> <span class='ocrx_word' id='word_1_125' title='bbox 1002 1966 1039 2027; x_wconf 80' lang='lat' dir='ltr'>cle</span> <span class='ocrx_word' id='word_1_126' title='bbox 1054 1966 1229 2044; x_wconf 78' lang='lat' dir='ltr'>Rescriptc&#39;s.</span> 
     </span>
     <span class='ocr_line' id='line_1_16' title="bbox 100 2076 1235 2163; baseline 0.003 -24"><span class='ocrx_word' id='word_1_127' title='bbox 100 2094 125 2139; x_wconf 79' lang='lat' dir='ltr'>u</span> <span class='ocrx_word' id='word_1_128' title='bbox 141 2080 188 2144; x_wconf 85' lang='lat' dir='ltr'>Et</span> <span class='ocrx_word' id='word_1_129' title='bbox 204 2078 282 2143; x_wconf 90' lang='lat' dir='ltr'>hinc</span> <span class='ocrx_word' id='word_1_130' title='bbox 297 2078 470 2144; x_wconf 86' lang='lat' dir='ltr'>discrimen</span> <span class='ocrx_word' id='word_1_131' title='bbox 492 2085 542 2144; x_wconf 86' lang='lat' dir='ltr'>est</span> <span class='ocrx_word' id='word_1_132' title='bbox 562 2080 648 2144; x_wconf 91' lang='lat' dir='ltr'>inter</span> <span class='ocrx_word' id='word_1_133' title='bbox 667 2077 812 2163; x_wconf 90' lang='lat' dir='ltr'>judicem</span> <span class='ocrx_word' id='word_1_134' title='bbox 830 2077 1028 2144; x_wconf 80' lang='lat' dir='ltr'>ordinarium</span> <span class='ocrx_word' id='word_1_135' title='bbox 1047 2083 1081 2145; x_wconf 90' lang='lat' dir='ltr'>et</span> <span class='ocrx_word' id='word_1_136' title='bbox 1103 2076 1235 2162; x_wconf 88' lang='lat' dir='ltr'>delega-</span> 
     </span>
     <span class='ocr_line' id='line_1_17' title="bbox 95 2193 1234 2280; baseline 0.003 -23"><span class='ocrx_word' id='word_1_137' title='bbox 95 2212 124 2257; x_wconf 71' lang='grc' dir='ltr'><strong>α</strong></span> <span class='ocrx_word' id='word_1_138' title='bbox 140 2203 246 2260; x_wconf 88' lang='lat' dir='ltr'>tum:</span> <span class='ocrx_word' id='word_1_139' title='bbox 267 2214 344 2259; x_wconf 91' lang='lat' dir='ltr'>nam</span> <span class='ocrx_word' id='word_1_140' title='bbox 360 2193 464 2280; x_wconf 82' lang='lat' dir='ltr'>judex</span> <span class='ocrx_word' id='word_1_141' title='bbox 489 2194 671 2261; x_wconf 89' lang='lat' dir='ltr'>ordinarius</span> <span class='ocrx_word' id='word_1_142' title='bbox 691 2202 820 2260; x_wconf 88' lang='lat' dir='ltr'>tantum</span> <span class='ocrx_word' id='word_1_143' title='bbox 843 2201 953 2277; x_wconf 88' lang='lat' dir='ltr'>potest</span> <span class='ocrx_word' id='word_1_144' title='bbox 978 2212 1170 2277; x_wconf 83' lang='lat' dir='ltr'>cognoscere</span> <span class='ocrx_word' id='word_1_145' title='bbox 1192 2214 1234 2260; x_wconf 88' lang='lat' dir='ltr'>an</span> 
     </span>
     <span class='ocr_line' id='line_1_18' title="bbox 95 2308 1233 2395; baseline 0.004 -23"><span class='ocrx_word' id='word_1_146' title='bbox 95 2328 124 2372; x_wconf 70' lang='lat' dir='ltr'>tc</span> <span class='ocrx_word' id='word_1_147' title='bbox 140 2332 205 2377; x_wconf 85' lang='lat' dir='ltr'>sua</span> <span class='ocrx_word' id='word_1_148' title='bbox 222 2313 265 2376; x_wconf 88' lang='lat' dir='ltr'>sit</span> <span class='ocrx_word' id='word_1_149' title='bbox 280 2309 473 2395; x_wconf 89' lang='lat' dir='ltr'>jurisdictio,</span> <span class='ocrx_word' id='word_1_150' title='bbox 492 2310 622 2395; x_wconf 88' lang='lat' dir='ltr'>quando</span> <span class='ocrx_word' id='word_1_151' title='bbox 640 2311 701 2394; x_wconf 85' lang='lat' dir='ltr'>ipsi</span> <span class='ocrx_word' id='word_1_152' title='bbox 720 2308 873 2395; x_wconf 89' lang='lat' dir='ltr'>objicitur</span> <span class='ocrx_word' id='word_1_153' title='bbox 891 2309 980 2395; x_wconf 89' lang='lat' dir='ltr'>quod</span> <span class='ocrx_word' id='word_1_154' title='bbox 998 2330 1063 2376; x_wconf 94' lang='lat' dir='ltr'>non</span> <span class='ocrx_word' id='word_1_155' title='bbox 1084 2312 1127 2377; x_wconf 87' lang='lat' dir='ltr'>sit</span> <span class='ocrx_word' id='word_1_156' title='bbox 1146 2330 1233 2377; x_wconf 91' lang='lat' dir='ltr'>com·</span> 
     </span>
     <span class='ocr_line' id='line_1_19' title="bbox 95 2427 1233 2513; baseline 0 -21"><span class='ocrx_word' id='word_1_157' title='bbox 95 2448 125 2492; x_wconf 76' lang='lat' dir='ltr'>cr</span> <span class='ocrx_word' id='word_1_158' title='bbox 139 2436 266 2512; x_wconf 89' lang='lat' dir='ltr'>petens</span> <span class='ocrx_word' id='word_1_159' title='bbox 287 2435 443 2511; x_wconf 89' lang='lat' dir='ltr'>respectu</span> <span class='ocrx_word' id='word_1_160' title='bbox 469 2429 573 2511; x_wconf 87' lang='lat' dir='ltr'>partis</span> <span class='ocrx_word' id='word_1_161' title='bbox 598 2429 724 2511; x_wconf 81' lang='lat' dir='ltr'>citate3</span> <span class='ocrx_word' id='word_1_162' title='bbox 744 2448 810 2493; x_wconf 92' lang='lat' dir='ltr'>non</span> <span class='ocrx_word' id='word_1_163' title='bbox 825 2447 904 2493; x_wconf 88' lang='lat' dir='ltr'>vero</span> <span class='ocrx_word' id='word_1_164' title='bbox 927 2427 1056 2512; x_wconf 89' lang='lat' dir='ltr'>quando</span> <span class='ocrx_word' id='word_1_165' title='bbox 1074 2428 1136 2512; x_wconf 86' lang='lat' dir='ltr'>ipsi</span> <span class='ocrx_word' id='word_1_166' title='bbox 1152 2427 1233 2513; x_wconf 88' lang='lat' dir='ltr'>obji-</span> 
     </span>
     <span class='ocr_line' id='line_1_20' title="bbox 95 2543 1233 2630; baseline 0.002 -20"><span class='ocrx_word' id='word_1_167' title='bbox 95 2564 126 2610; x_wconf 76' lang='grc' dir='ltr'>ιι</span> <span class='ocrx_word' id='word_1_168' title='bbox 141 2546 237 2612; x_wconf 89' lang='lat' dir='ltr'>citur</span> <span class='ocrx_word' id='word_1_169' title='bbox 249 2544 338 2630; x_wconf 91' lang='lat' dir='ltr'>qnod</span> <span class='ocrx_word' id='word_1_170' title='bbox 355 2546 477 2611; x_wconf 89' lang='lat' dir='ltr'>nnllam</span> <span class='ocrx_word' id='word_1_171' title='bbox 492 2545 610 2611; x_wconf 89' lang='lat' dir='ltr'>habeat</span> <span class='ocrx_word' id='word_1_172' title='bbox 622 2543 891 2629; x_wconf 86' lang='lat' dir='ltr'>jurisdictionem.</span> <span class='ocrx_word' id='word_1_173' title='bbox 914 2543 1044 2614; x_wconf 81' lang='lat' dir='ltr'>Advero</span> <span class='ocrx_word' id='word_1_174' title='bbox 1060 2545 1233 2629; x_wconf 79' lang='lat' dir='ltr'>delegatus</span> 
     </span>
     <span class='ocr_line' id='line_1_21' title="bbox 95 2658 1232 2746; baseline 0.001 -21"><span class='ocrx_word' id='word_1_175' title='bbox 95 2668 126 2725; x_wconf 68' lang='lat' dir='ltr'>&lt;rc</span> <span class='ocrx_word' id='word_1_176' title='bbox 141 2679 346 2746; x_wconf 87' lang='lat' dir='ltr'>cognoscere</span> <span class='ocrx_word' id='word_1_177' title='bbox 360 2667 468 2744; x_wconf 88' lang='lat' dir='ltr'>potest</span> <span class='ocrx_word' id='word_1_178' title='bbox 482 2679 562 2727; x_wconf 92' lang='lat' dir='ltr'>num</span> <span class='ocrx_word' id='word_1_179' title='bbox 575 2679 633 2725; x_wconf 89' lang='lat' dir='ltr'>sua</span> <span class='ocrx_word' id='word_1_180' title='bbox 647 2660 687 2725; x_wconf 91' lang='lat' dir='ltr'>sit</span> <span class='ocrx_word' id='word_1_181' title='bbox 701 2658 893 2745; x_wconf 87' lang='lat' dir='ltr'>jurisdictio,</span> <span class='ocrx_word' id='word_1_182' title='bbox 907 2661 1032 2726; x_wconf 89' lang='lat' dir='ltr'>etiamsi</span> <span class='ocrx_word' id='word_1_183' title='bbox 1045 2680 1120 2745; x_wconf 85' lang='lat' dir='ltr'>pars</span> <span class='ocrx_word' id='word_1_184' title='bbox 1135 2663 1232 2726; x_wconf 86' lang='lat' dir='ltr'>citata</span> 
     </span>
     <span class='ocr_line' id='line_1_22' title="bbox 96 2774 1231 2862; baseline -0.001 -20"><span class='ocrx_word' id='word_1_185' title='bbox 96 2800 127 2842; x_wconf 73' lang='lat' dir='ltr'>(c</span> <span class='ocrx_word' id='word_1_186' title='bbox 139 2779 208 2861; x_wconf 88' lang='lat' dir='ltr'>ipsi</span> <span class='ocrx_word' id='word_1_187' title='bbox 229 2775 371 2861; x_wconf 87' lang='lat' dir='ltr'>objiciat,</span> <span class='ocrx_word' id='word_1_188' title='bbox 393 2774 482 2862; x_wconf 89' lang='lat' dir='ltr'>quod</span> <span class='ocrx_word' id='word_1_189' title='bbox 496 2776 619 2841; x_wconf 87' lang='lat' dir='ltr'>nullam</span> <span class='ocrx_word' id='word_1_190' title='bbox 632 2774 890 2860; x_wconf 89' lang='lat' dir='ltr'>jurisdictionem</span> <span class='ocrx_word' id='word_1_191' title='bbox 908 2777 1039 2854; x_wconf 84' lang='lat' dir='ltr'>habeat,</span> <span class='ocrx_word' id='word_1_192' title='bbox 1062 2796 1103 2841; x_wconf 84' lang='lat' dir='ltr'>ex</span> <span class='ocrx_word' id='word_1_193' title='bbox 1124 2778 1231 2862; x_wconf 88' lang='lat' dir='ltr'>capite</span> 
     </span>
     <span class='ocr_line' id='line_1_23' title="bbox 97 2891 1228 2979; baseline 0 -21"><span class='ocrx_word' id='word_1_194' title='bbox 97 2916 127 2958; x_wconf 70' lang='grc' dir='ltr'>(ι</span> <span class='ocrx_word' id='word_1_195' title='bbox 141 2891 238 2979; x_wconf 91' lang='lat' dir='ltr'>quod</span> <span class='ocrx_word' id='word_1_196' title='bbox 259 2892 349 2957; x_wconf 86' lang='lat' dir='ltr'>dicat</span> <span class='ocrx_word' id='word_1_197' title='bbox 371 2893 566 2977; x_wconf 90' lang='lat' dir='ltr'>rescriptum</span> <span class='ocrx_word' id='word_1_198' title='bbox 587 2891 799 2976; x_wconf 82' lang='lat' dir='ltr'>delegationis</span> <span class='ocrx_word' id='word_1_199' title='bbox 825 2912 895 2958; x_wconf 90' lang='lat' dir='ltr'>esse</span> <span class='ocrx_word' id='word_1_200' title='bbox 920 2892 1108 2958; x_wconf 86' lang='lat' dir='ltr'>invalidum.</span> <span class='ocrx_word' id='word_1_201' title='bbox 1134 2893 1228 2958; x_wconf 87' lang='lat' dir='ltr'>Ratio</span> 
     </span>
     <span class='ocr_line' id='line_1_24' title="bbox 99 3006 1227 3093; baseline -0.002 -20"><span class='ocrx_word' id='word_1_202' title='bbox 99 3008 347 3093; x_wconf 68' lang='lat' dir='ltr'>«disparitatis</span> <span class='ocrx_word' id='word_1_203' title='bbox 363 3015 423 3087; x_wconf 92' lang='lat' dir='ltr'>est,</span> <span class='ocrx_word' id='word_1_204' title='bbox 442 3009 518 3093; x_wconf 89' lang='lat' dir='ltr'>quia</span> <span class='ocrx_word' id='word_1_205' title='bbox 536 3006 639 3092; x_wconf 83' lang='lat' dir='ltr'>judex</span> <span class='ocrx_word' id='word_1_206' title='bbox 657 3007 848 3086; x_wconf 85' lang='lat' dir='ltr'>ordinarius,</span> <span class='ocrx_word' id='word_1_207' title='bbox 872 3027 946 3073; x_wconf 92' lang='lat' dir='ltr'>cum</span> <span class='ocrx_word' id='word_1_208' title='bbox 961 3008 1111 3074; x_wconf 85' lang='lat' dir='ltr'>defectus</span> <span class='ocrx_word' id='word_1_209' title='bbox 1125 3011 1227 3073; x_wconf 89' lang='lat' dir='ltr'>omnis</span> 
     </span>
     <span class='ocr_line' id='line_1_25' title="bbox 100 3123 1228 3213; baseline -0.002 -23"><span class='ocrx_word' id='word_1_210' title='bbox 100 3124 376 3213; x_wconf 68' lang='lat' dir='ltr'>«iurisdictionis</span> <span class='ocrx_word' id='word_1_211' title='bbox 401 3125 460 3209; x_wconf 91' lang='lat' dir='ltr'>ipsi</span> <span class='ocrx_word' id='word_1_212' title='bbox 483 3123 645 3209; x_wconf 87' lang='lat' dir='ltr'>objicitur,</span> <span class='ocrx_word' id='word_1_213' title='bbox 671 3125 753 3191; x_wconf 89' lang='lat' dir='ltr'>hanc</span> <span class='ocrx_word' id='word_1_214' title='bbox 773 3123 942 3190; x_wconf 79' lang='lat' dir='ltr'>fundatum</span> <span class='ocrx_word' id='word_1_215' title='bbox 960 3142 1026 3191; x_wconf 93' lang='lat' dir='ltr'>non</span> <span class='ocrx_word' id='word_1_216' title='bbox 1050 3124 1170 3204; x_wconf 82' lang='lat' dir='ltr'>habet3</span> <span class='ocrx_word' id='word_1_217' title='bbox 1192 3132 1228 3189; x_wconf 90' lang='lat' dir='ltr'>et</span> 
     </span>
     <span class='ocr_line' id='line_1_26' title="bbox 103 3238 1236 3325; baseline -0.001 -20"><span class='ocrx_word' id='word_1_218' title='bbox 103 3266 126 3305; x_wconf 78' lang='lat' dir='ltr'>u</span> <span class='ocrx_word' id='word_1_219' title='bbox 139 3242 220 3306; x_wconf 91' lang='lat' dir='ltr'>hinc</span> <span class='ocrx_word' id='word_1_220' title='bbox 235 3259 295 3306; x_wconf 88' lang='lat' dir='ltr'>nec</span> <span class='ocrx_word' id='word_1_221' title='bbox 306 3241 518 3324; x_wconf 87' lang='lat' dir='ltr'>pronuntiare</span> <span class='ocrx_word' id='word_1_222' title='bbox 534 3240 777 3307; x_wconf 82' lang='lat' dir='ltr'>interlocutorio</span> <span class='ocrx_word' id='word_1_223' title='bbox 795 3240 837 3307; x_wconf 92' lang='lat' dir='ltr'>de</span> <span class='ocrx_word' id='word_1_224' title='bbox 849 3240 905 3305; x_wconf 86' lang='lat' dir='ltr'>illc</span> <span class='ocrx_word' id='word_1_225' title='bbox 918 3246 1036 3324; x_wconf 89' lang='lat' dir='ltr'>potest,</span> <span class='ocrx_word' id='word_1_226' title='bbox 1048 3260 1089 3305; x_wconf 91' lang='lat' dir='ltr'>ne</span> <span class='ocrx_word' id='word_1_227' title='bbox 1103 3238 1236 3325; x_wconf 89' lang='lat' dir='ltr'>judicet·</span> 
     </span>
     <span class='ocr_line' id='line_1_27' title="bbox 105 3353 1228 3441; baseline -0.001 -21"><span class='ocrx_word' id='word_1_228' title='bbox 105 3380 127 3420; x_wconf 80' lang='lat' dir='ltr'>a</span> <span class='ocrx_word' id='word_1_229' title='bbox 141 3356 272 3422; x_wconf 87' lang='lat' dir='ltr'>directe</span> <span class='ocrx_word' id='word_1_230' title='bbox 295 3357 328 3419; x_wconf 94' lang='lat' dir='ltr'>in</span> <span class='ocrx_word' id='word_1_231' title='bbox 350 3375 446 3421; x_wconf 87' lang='lat' dir='ltr'>causa</span> <span class='ocrx_word' id='word_1_232' title='bbox 470 3355 615 3439; x_wconf 90' lang='lat' dir='ltr'>propria.</span> <span class='ocrx_word' id='word_1_233' title='bbox 641 3353 681 3420; x_wconf 82' lang='lat' dir='ltr'>dt</span> <span class='ocrx_word' id='word_1_234' title='bbox 699 3355 801 3440; x_wconf 81' lang='lat' dir='ltr'>judex</span> <span class='ocrx_word' id='word_1_235' title='bbox 823 3354 1002 3441; x_wconf 87' lang='lat' dir='ltr'>delegatus,</span> <span class='ocrx_word' id='word_1_236' title='bbox 1028 3375 1103 3421; x_wconf 91' lang='lat' dir='ltr'>cum</span> <span class='ocrx_word' id='word_1_237' title='bbox 1122 3355 1228 3422; x_wconf 87' lang='lat' dir='ltr'>omnia</span> 
     </span>
     <span class='ocr_line' id='line_1_28' title="bbox 105 3470 1228 3556; baseline -0.001 -21"><span class='ocrx_word' id='word_1_238' title='bbox 105 3492 126 3535; x_wconf 80' lang='lat' dir='ltr'>c</span> <span class='ocrx_word' id='word_1_239' title='bbox 140 3478 218 3556; x_wconf 84' lang='lat' dir='ltr'>agat</span> <span class='ocrx_word' id='word_1_240' title='bbox 235 3472 362 3537; x_wconf 91' lang='lat' dir='ltr'>nomine</span> <span class='ocrx_word' id='word_1_241' title='bbox 377 3470 565 3555; x_wconf 86' lang='lat' dir='ltr'>delegantis,</span> <span class='ocrx_word' id='word_1_242' title='bbox 577 3470 619 3536; x_wconf 92' lang='lat' dir='ltr'>de</span> <span class='ocrx_word' id='word_1_243' title='bbox 635 3470 686 3556; x_wconf 90' lang='lat' dir='ltr'>cuj</span> <span class='ocrx_word' id='word_1_244' title='bbox 691 3491 728 3536; x_wconf 86' lang='lat' dir='ltr'>us</span> <span class='ocrx_word' id='word_1_245' title='bbox 737 3471 961 3556; x_wconf 77' lang='lat' dir='ltr'>Jurisdictione</span> <span class='ocrx_word' id='word_1_246' title='bbox 977 3479 1015 3537; x_wconf 89' lang='lat' dir='ltr'>ut</span> <span class='ocrx_word' id='word_1_247' title='bbox 1033 3473 1228 3556; x_wconf 90' lang='lat' dir='ltr'>supponitur</span> 
     </span>
     <span class='ocr_line' id='line_1_29' title="bbox 110 3586 1227 3675; baseline 0.003 -24"><span class='ocrx_word' id='word_1_248' title='bbox 110 3588 271 3654; x_wconf 77' lang='lat' dir='ltr'>«nullum</span> <span class='ocrx_word' id='word_1_249' title='bbox 289 3595 441 3655; x_wconf 86' lang='lat' dir='ltr'>movetur</span> <span class='ocrx_word' id='word_1_250' title='bbox 459 3586 604 3666; x_wconf 91' lang='lat' dir='ltr'>dubium,</span> <span class='ocrx_word' id='word_1_251' title='bbox 629 3588 699 3671; x_wconf 89' lang='lat' dir='ltr'>ipse</span> <span class='ocrx_word' id='word_1_252' title='bbox 724 3606 853 3675; x_wconf 90' lang='lat' dir='ltr'>quoqne</span> <span class='ocrx_word' id='word_1_253' title='bbox 874 3587 1133 3674; x_wconf 88' lang='lat' dir='ltr'>jurisdictionem</span> <span class='ocrx_word' id='word_1_254' title='bbox 1153 3589 1227 3654; x_wconf 90' lang='lat' dir='ltr'>fun-</span> 
     </span>
     <span class='ocr_line' id='line_1_30' title="bbox 113 3704 1227 3788; baseline 0.001 -19"><span class='ocrx_word' id='word_1_255' title='bbox 113 3704 269 3782; x_wconf 83' lang='lat' dir='ltr'>cdatam,</span> <span class='ocrx_word' id='word_1_256' title='bbox 298 3710 534 3788; x_wconf 90' lang='lat' dir='ltr'>consequenter</span> <span class='ocrx_word' id='word_1_257' title='bbox 553 3704 651 3769; x_wconf 86' lang='lat' dir='ltr'>ctiam</span> <span class='ocrx_word' id='word_1_258' title='bbox 675 3711 872 3788; x_wconf 89' lang='lat' dir='ltr'>potestatem</span> <span class='ocrx_word' id='word_1_259' title='bbox 890 3704 989 3770; x_wconf 85' lang='lat' dir='ltr'>hebet</span> <span class='ocrx_word' id='word_1_260' title='bbox 1012 3704 1227 3788; x_wconf 92' lang='lat' dir='ltr'>cognoscendi</span> 
     </span>
     <span class='ocr_line' id='line_1_31' title="bbox 113 3819 1223 3905; baseline -0.003 -19"><span class='ocrx_word' id='word_1_261' title='bbox 113 3830 257 3888; x_wconf 82' lang='lat' dir='ltr'>autrum</span> <span class='ocrx_word' id='word_1_262' title='bbox 267 3821 386 3888; x_wconf 83' lang='lat' dir='ltr'>littere</span> <span class='ocrx_word' id='word_1_263' title='bbox 402 3819 623 3905; x_wconf 88' lang='lat' dir='ltr'>delegationis,</span> <span class='ocrx_word' id='word_1_264' title='bbox 638 3840 658 3886; x_wconf 86' lang='lat' dir='ltr'>a</span> <span class='ocrx_word' id='word_1_265' title='bbox 676 3819 848 3904; x_wconf 88' lang='lat' dir='ltr'>delegante</span> <span class='ocrx_word' id='word_1_266' title='bbox 865 3821 961 3899; x_wconf 80' lang='lat' dir='ltr'>date,</span> <span class='ocrx_word' id='word_1_267' title='bbox 979 3821 1045 3887; x_wconf 90' lang='lat' dir='ltr'>sint</span> <span class='ocrx_word' id='word_1_268' title='bbox 1059 3821 1185 3888; x_wconf 80' lang='lat' dir='ltr'>valide.</span> <span class='ocrx_word' id='word_1_269' title='bbox 1207 3844 1223 3883; x_wconf 81' lang='lat' dir='ltr'>u</span> 
     </span>
     <span class='ocr_line' id='line_1_32' title="bbox 114 3935 1126 4025; baseline 0 -23"><span class='ocrx_word' id='word_1_270' title='bbox 114 3936 425 4025; x_wconf 86' lang='lat' dir='ltr'>(Schmalzgrueber,</span> <span class='ocrx_word' id='word_1_271' title='bbox 443 3937 477 4000; x_wconf 91' lang='lat' dir='ltr'>in</span> <span class='ocrx_word' id='word_1_272' title='bbox 489 3937 541 4002; x_wconf 86' lang='lat' dir='ltr'>tit.</span> <span class='ocrx_word' id='word_1_273' title='bbox 561 3939 614 4016; x_wconf 80' lang='lat'>29,</span> <span class='ocrx_word' id='word_1_274' title='bbox 632 3935 708 4002; x_wconf 89' lang='lat' dir='ltr'>libri</span> <span class='ocrx_word' id='word_1_275' title='bbox 730 3940 743 4001; x_wconf 91' lang='lat' dir='ltr'>l</span> <span class='ocrx_word' id='word_1_276' title='bbox 768 3936 990 4013; x_wconf 86' lang='lat' dir='ltr'>decretalium,</span> <span class='ocrx_word' id='word_1_277' title='bbox 1009 3958 1042 4002; x_wconf 92' lang='lat' dir='ltr'>n.</span> <span class='ocrx_word' id='word_1_278' title='bbox 1057 3935 1126 4022; x_wconf 81' lang='lat'>34.)</span> 
     </span>
    </p>

    <p class='ocr_par' dir='ltr' id='par_1_3' title="bbox 114 4051 1226 4495">
     <span class='ocr_line' id='line_1_33' title="bbox 155 4051 1222 4137; baseline 0.005 -19"><span class='ocrx_word' id='word_1_279' title='bbox 155 4054 300 4121; x_wconf 75' lang='lat' dir='ltr'>«Potest</span> <span class='ocrx_word' id='word_1_280' title='bbox 308 4051 477 4137; x_wconf 83' lang='lat' dir='ltr'>delegatus</span> <span class='ocrx_word' id='word_1_281' title='bbox 486 4052 657 4120; x_wconf 86' lang='lat' dir='ltr'>absolvere</span> <span class='ocrx_word' id='word_1_282' title='bbox 671 4062 814 4120; x_wconf 84' lang='lat' dir='ltr'>actorem</span> <span class='ocrx_word' id='word_1_283' title='bbox 825 4055 866 4120; x_wconf 89' lang='lat' dir='ltr'>ab</span> <span class='ocrx_word' id='word_1_284' title='bbox 878 4055 1222 4136; x_wconf 83' lang='lat' dir='ltr'>excommunicatione,</span> 
     </span>
     <span class='ocr_line' id='line_1_34' title="bbox 114 4168 1225 4255; baseline 0.005 -23"><span class='ocrx_word' id='word_1_285' title='bbox 114 4187 237 4255; x_wconf 80' lang='lat' dir='ltr'>equam</span> <span class='ocrx_word' id='word_1_286' title='bbox 251 4168 387 4233; x_wconf 87' lang='lat' dir='ltr'>incurrit</span> <span class='ocrx_word' id='word_1_287' title='bbox 402 4173 476 4250; x_wconf 88' lang='lat' dir='ltr'>post</span> <span class='ocrx_word' id='word_1_288' title='bbox 495 4168 645 4252; x_wconf 87' lang='lat' dir='ltr'>rescripti</span> <span class='ocrx_word' id='word_1_289' title='bbox 659 4168 932 4251; x_wconf 88' lang='lat' dir='ltr'>impetrationem,</span> <span class='ocrx_word' id='word_1_290' title='bbox 949 4169 991 4234; x_wconf 92' lang='lat' dir='ltr'>ob</span> <span class='ocrx_word' id='word_1_291' title='bbox 1008 4189 1135 4236; x_wconf 89' lang='lat' dir='ltr'>causam</span> <span class='ocrx_word' id='word_1_292' title='bbox 1150 4191 1225 4255; x_wconf 88' lang='lat' dir='ltr'>per-</span> 
     </span>
     <span class='ocr_line' id='line_1_35' title="bbox 114 4282 1226 4371; baseline 0.007 -25"><span class='ocrx_word' id='word_1_293' title='bbox 114 4286 298 4351; x_wconf 79' lang='lat' dir='ltr'>ctinentem</span> <span class='ocrx_word' id='word_1_294' title='bbox 317 4283 360 4348; x_wconf 86' lang='lat' dir='ltr'>ad</span> <span class='ocrx_word' id='word_1_295' title='bbox 375 4301 457 4362; x_wconf 84' lang='lat' dir='ltr'>eam,</span> <span class='ocrx_word' id='word_1_296' title='bbox 480 4284 522 4349; x_wconf 92' lang='lat' dir='ltr'>ob</span> <span class='ocrx_word' id='word_1_297' title='bbox 540 4303 636 4370; x_wconf 86' lang='lat' dir='ltr'>quam</span> <span class='ocrx_word' id='word_1_298' title='bbox 661 4282 822 4367; x_wconf 90' lang='lat' dir='ltr'>delegatio</span> <span class='ocrx_word' id='word_1_299' title='bbox 840 4285 927 4352; x_wconf 87' lang='lat' dir='ltr'>factu</span> <span class='ocrx_word' id='word_1_300' title='bbox 943 4294 1013 4371; x_wconf 82' lang='lat' dir='ltr'>est3</span> <span class='ocrx_word' id='word_1_301' title='bbox 1031 4288 1091 4354; x_wconf 91' lang='lat' dir='ltr'>nisi</span> <span class='ocrx_word' id='word_1_302' title='bbox 1108 4290 1164 4354; x_wconf 87' lang='lat' dir='ltr'>illc</span> <span class='ocrx_word' id='word_1_303' title='bbox 1184 4291 1226 4354; x_wconf 91' lang='lat' dir='ltr'>sit</span> 
     </span>
     <span class='ocr_line' id='line_1_36' title="bbox 115 4398 1222 4495; baseline 0.006 -32"><span class='ocrx_word' id='word_1_304' title='bbox 115 4401 322 4487; x_wconf 70' lang='lat' dir='ltr'>«specialiter</span> <span class='ocrx_word' id='word_1_305' title='bbox 335 4408 501 4467; x_wconf 85' lang='lat' dir='ltr'>reservata</span> <span class='ocrx_word' id='word_1_306' title='bbox 517 4401 648 4483; x_wconf 73' lang='lat' dir='ltr'>Paper</span> <span class='ocrx_word' id='word_1_307' title='bbox 667 4398 985 4487; x_wconf 84' lang='lat' dir='ltr'>(Schmalzgrneber,</span> <span class='ocrx_word' id='word_1_308' title='bbox 998 4404 1092 4483; x_wconf 75' lang='lat' dir='ltr'>ibid,</span> <span class='ocrx_word' id='word_1_309' title='bbox 1107 4427 1141 4470; x_wconf 90' lang='lat' dir='ltr'>n.</span> <span class='ocrx_word' id='word_1_310' title='bbox 1152 4405 1222 4495; x_wconf 85' lang='lat'>35.)</span> 
     </span>
    </p>
   </div>
   <div class='ocr_carea' id='block_1_2' title="bbox 0 0 1362 4980">
    <p class='ocr_par' dir='ltr' id='par_1_4' title="bbox 0 0 1362 4980">
     <span class='ocr_line' id='line_1_37' title="bbox 0 0 1362 4980; baseline 0 1"><span class='ocrx_word' id='word_1_311' title='bbox 0 0 1362 4980; x_wconf 95' lang='lat' dir='ltr'> </span> 
     </span>
    </p>
   </div>
  </div>
 </body>
</html>
