2714 4980
119 309 186 373 360
475 321 662 370 rnncrsrus
685 322 729 368 nn
748 320 896 370 sumens.

120 472 137 512 o
153 468 306 533 expresse
319 447 402 513 hunc
415 447 675 534 jurisdictionem
686 447 809 513 tribuat
819 449 874 512 isti
885 447 1024 527 Vicario,
1042 467 1114 516 cum
1126 457 1213 516 tanen

120 565 223 651 «jure
241 565 394 630 canonico
412 564 538 629 licitum
552 564 594 628 sit
607 571 641 628 et
655 564 849 646 permissum
862 563 1029 647 Episcopis
1042 567 1215 630 constituere

119 690 185 748 cet
200 699 363 747 assumere
381 680 528 744 vicarios
545 679 660 765 (capite
675 701 741 742 com
755 683 928 762 Episcopus,
947 683 985 744 cle
999 682 1097 761 officio
1111 685 1217 746 Ordim

121 804 205 878 «rii,
225 797 258 861 in
273 802 383 879 sexto,
405 797 512 891 capite
528 797 655 874 ultimo,
676 800 713 860 cle
727 800 895 877 Hoerciicis,
914 796 948 860 in
962 794 1082 882 sexto),
1100 799 1218 883 quirice

121 936 137 976 s
151 932 264 977 eorum
274 911 539 997 jurisdictionem
555 913 773 995 episcopalem
785 918 977 997 exerceant3
991 913 1056 979 hoc
1069 915 1139 997 ipso
1152 913 1221 999 qued

120 1029 327 1112 «Episcopus
350 1029 495 1095 nominet
519 1035 553 1093 et
578 1029 745 1094 constituit
771 1029 933 1094 Vicarium
958 1049 999 1095 ex
1025 1030 1220 1113 permissione

119 1142 244 1229 «juris,
260 1143 315 1228 jus
336 1145 400 1228 ipsi
424 1143 482 1210 det
505 1151 540 1209 et
563 1143 710 1210 conferat
731 1143 994 1228 jurisdictionem
1020 1145 1219 1229 ordinarium

118 1260 314 1343 «supposita
330 1268 439 1327 temen
455 1268 489 1326 et
503 1260 743 1325 interveniente
768 1258 857 1324 dicta
874 1261 1098 1327 nominatione
1113 1280 1170 1327 seu
1185 1261 1220 1325 in·

119 1375 317 1442 «stitutione
337 1375 498 1459 Episcopi.
517 1398 532 1436 o
552 1374 607 1460 (Dc
624 1380 753 1440 Vieoriis
767 1379 993 1457 Episcoporom,
1014 1395 1088 1459 cap.
1107 1379 1139 1454 2,
1155 1394 1222 1461 que

116 1494 219 1558 stione
238 1488 304 1576 72.)
323 1491 364 1556 Et
379 1491 424 1556 ihi
439 1491 620 1563 Leurenius
640 1490 789 1576 ejusdem
803 1492 970 1558 sententiae
993 1500 1148 1559 auctores
1163 1493 1223 1558 citri

116 1610 283 1693 plurimos,
301 1609 388 1672 inter
405 1624 486 1691 quos
507 1607 687 1686 Sbrozium,
706 1606 867 1690 Pirrhing‚
886 1606 1077 1686 Bmhosam,
1101 1606 1223 1673 Sunchc·

117 1726 210 1805 sium,
228 1725 473 1802 Covarruviom
491 1726 689 1807 Ecgnenum
709 1723 962 1807 Castropeleum,
980 1725 1145 1803 Melinum,
1161 1723 1221 1789 Ace

118 1843 216 1908 rium.
716 1903 719 1908 .

163 1958 277 2023 Potest
298 1965 409 2025 autem
432 1957 500 2023 haec
523 1957 726 2024 communior
747 1958 908 2023 sententia
929 1958 975 2023 sic
1000 1973 1082 2024 vera
1105 1956 1221 2024 demon·

103 2072 216 2152 ,strsri
231 2094 237 2138 :
254 2073 310 2138 ille
328 2071 510 2139 censendus
525 2078 574 2138 est
587 2071 848 2157 jurisdictionem
865 2073 988 2138 habere
1006 2092 1026 2138 u
1044 2074 1121 2157 lege
1137 2081 1169 2138 et
1182 2091 1222 2136 ra-

1 2183 3 2186 ’
118 2192 207 2257 tione
223 2189 317 2256 efficii
332 2191 392 2267 sui,
410 2209 476 2254 non
491 2197 601 2255 sutem
616 2189 657 2255 ab
669 2189 842 2272 Episcopo,
861 2187 954 2274 cujus
972 2195 1122 2272 potestas
1134 2210 1153 2255 a
1163 2189 1222 2274 jure

120 2307 285 2372 communi
303 2314 395 2372 certo
414 2313 447 2372 et
462 2305 529 2370 fixo
544 2304 644 2372 modo
658 2325 758 2393 quem
772 2306 949 2391 Episcopus
965 2314 1098 2372 mutere
1113 2305 1220 2390 nequit,

121 2421 359 2488 determinatur
376 2444 382 2487 :
402 2423 492 2506 atqui
509 2420 693 2507 jurisdictio
712 2423 829 2509 Viccrii
848 2422 1009 2505 generalis
1026 2421 1136 2507 ajure
1154 2439 1224 2486 con

120 2537 211 2603 muni
234 2537 472 2604 determinetur
492 2545 584 2603 certo
605 2536 702 2604 modo
722 2557 822 2623 quem
842 2538 1164 2621 Episcopusmutare
1179 2555 1224 2602 ne

122 2654 213 2743 quit:
224 2658 304 2742 [nem
319 2654 381 2720 hoc
394 2655 465 2738 ipso
480 2653 568 2740 quod
584 2656 656 2739 quis
671 2658 889 2720 constituetur
904 2654 1053 2721 vicarius
1066 2653 1222 2738 generalis,

123 2770 329 2853 eilopmpetit
347 2770 439 2855 (velit
454 2770 534 2838 nolit
552 2767 739 2854 Episcopus)
754 2768 936 2855 jurisdictio
954 2773 1116 2839 moraliter
1128 2770 1225 2836 seiten

122 2888 305 2949 omioersclis
319 2885 428 2970 quoad
443 2904 553 2951 causes
569 2894 603 2951 et
616 2885 796 2953 dioecesim.
814 2886 873 2952 Illa
887 2905 968 2952 vero
979 2885 1164 2971 jurisdictio
1178 2883 1226 2950 du·

123 3001 202 3084 plici
216 3020 313 3066 sensu
336 3008 397 3080 est,
415 3001 680 3086 independenter
694 3003 735 3069 cb
750 3005 920 3087 Episcopo,
936 3002 979 3069 de
996 3002 1073 3087 jure
1089 3001 1227 3073 determi-

124 3124 200 3185 nata
218 3123 253 3183 et
268 3117 332 3182 fixa
348 3139 355 3184 :
378 3122 410 3182 1⁰
426 3118 501 3203 quic
513 3119 575 3184 nisi
590 3119 828 3184 reservationes
843 3138 996 3202 expresse
1011 3126 1154 3203 apponet
1166 3118 1227 3202 Epi·

126 3252 252 3316 scopus,
270 3242 360 3300 certo
377 3243 411 3299 et
429 3234 471 3305 de
485 3234 560 3320 jure
575 3233 765 3300 extenditur
781 3235 824 3301 ad
839 3243 942 3302 totum
955 3234 1136 3315 dioecesin,
1152 3229 1227 3301 etad

127 3368 239 3417 omues
254 3368 375 3429 causas,
389 3351 540 3437 exceptis
554 3351 717 3416 nonnullis
732 3351 839 3434 alege
855 3351 1028 3434 expressis,
1047 3359 1084 3418 et
1097 3369 1174 3436 quas
1185 3350 1228 3414 lex

127 3471 281 3548 exceptos
297 3467 416 3550 voluit,
431 3486 492 3551 pro
506 3466 623 3552 quibus
642 3485 759 3550 nempe
773 3451 990 3533 necessariam
1004 3485 1078 3536 esse
1094 3464 1229 3533 decrerit

123 3586 280 3668 specialem
295 3583 443 3666 Episcopi
461 3583 734 3666 commissionem;
757 3586 790 3648 2⁰
809 3584 885 3667 quis
903 3584 965 3649 etsi
976 3583 1229 3668 Episcopuspos

122 3702 165 3766 sit
185 3698 376 3785 apraedicto
393 3699 511 3768 vicarit
533 3699 692 3782 generalis
708 3697 933 3784 jurisdictione
950 3698 1113 3784 quasdem
1131 3713 1229 3766 causus

47 3890 48 3894 Ἰ
123 3823 159 3883 et
184 3814 332 3902 quaedum
357 3817 429 3883 locs
453 3816 603 3900 excipere
628 3823 662 3881 et
685 3815 898 3894 subtrahere,
918 3835 984 3883 nen
1005 3795 1117 3887 temen
1135 3817 1229 3900 potes

123 3931 284 4017 ejusmodi
300 3933 509 4016 exceptiones
522 3933 568 4002 ita
582 3931 799 4015 multiplicare
816 3940 851 3998 et
864 3930 1048 3999 extendere
1062 3942 1106 4002 ut.
1113 3928 1229 4019 iuneti

123 4050 188 4113 ctio
203 4049 320 4115 vicarii
334 4049 492 4133 generalis
507 4047 634 4114 desinat
648 4066 718 4113 esse
732 4051 888 4112 moraliter
900 4053 1096 4117 omioersolis.
1112 4050 1144 4115 si
1156 4047 1228 4115 enim

124 4161 288 4233 uicarium
300 4165 476 4253 constituat
488 4183 563 4229 cum
577 4170 627 4229 tot
640 4163 911 4242 restrictionibus,
929 4183 1007 4248 quae‘
1017 4164 1101 4231 hene
1117 4164 1228 4232 univer

123 4394 241 4491 telem,
263 4395 321 4463 sed
332 4414 468 4473 ,merum
489 4394 699 4478 delegatum:
721 4403 755 4463 et
777 4397 900 4482 pariter
914 4395 1047 4480 smirne
1065 4396 1227 4470 constituto
