2714 4980
549 302 628 350 rsus
650 302 809 351 sacrans.
1174 295 1237 356 353

117 425 350 512 dispositiones
371 445 443 513 quae
464 427 607 492 Vioarios
626 428 795 512 generales
817 426 1007 511 respiciunt,
1028 427 1087 494 sed
1104 448 1149 495 eae
1169 448 1241 516 qum

103 541 164 608 ad
179 543 349 628 delegatos
366 543 570 610 referuntur.
590 544 630 608 In
645 542 705 608 hac
722 551 832 609 autem
852 541 1036 608 conditione
1053 552 1244 612 versaretur

117 660 286 740 vicarius,
310 679 408 746 quem
428 660 490 726 sibi
513 661 691 745 Episcopus
711 660 926 726 substitueret
944 660 1129 745 proaliquo
1148 660 1243 728 dum-

116 781 212 842 taxat
226 775 376 843 dioecesis
388 795 453 842 suae
468 775 640 855 districtu,
667 777 792 859 etiamsi
816 777 984 842 universas
1003 795 1115 842 causas
1129 778 1162 842 in
1181 777 1243 843 hoo

117 891 353 977 districtu'ipsi
365 894 607 959 committeret:
623 901 720 978 atque
734 893 814 960 item
829 893 896 971 ille,
912 895 965 959 cui
976 894 1164 978 Episcopus,
1188 914 1245 979 ge-

116 1009 330 1076 neralitatem
343 1028 513 1076 causarum
526 1009 587 1075 sibi
598 1022 781 1088 reservans,
796 1010 918 1095 aliquas
930 1008 1100 1076 dumtaxat
1110 1030 1244 1096 expres-

115 1144 171 1193 sas
186 1127 418 1206 committeret,
439 1129 537 1193 etiam
559 1128 595 1192 in
613 1132 683 1193 tota
706 1126 850 1192 dioecesi.
877 1126 960 1193 Talis
984 1128 1071 1193 enim
1095 1129 1244 1196 VicarIus

114 1242 209 1311 nullo
224 1243 423 1311 sufficienter
435 1263 515 1310 vero
531 1262 629 1310 sensu
646 1247 796 1327 generalis
806 1242 872 1309 dIoi
880 1252 1002 1327 posset.

111 1406 117 1416 .
158 1361 266 1443 Quam
284 1359 476 1438 doctrinam,
497 1379 559 1444 pro
576 1366 665 1425 certo
681 1360 810 1425 omnino
832 1358 1019 1438 tenendam,
1041 1360 1087 1425 sic
1104 1362 1241 1449 exponit

110 1476 259 1560 Layman
270 1474 315 1563 (in
325 1481 423 1558 capnt
437 1480 571 1540 Romana
586 1478 616 1556 l,
633 1479 670 1539 ale
681 1476 786 1556 Officio
807 1475 979 1555 Vtcartt,in
991 1473 1095 1560 sexto)
1120 1497 1127 1541 :
1148 1500 1163 1537 a
1183 1478 1244 1543 Re·

107 1612 129 1653 a
146 1590 299 1678 quiritur¹
313 1591 356 1657 ad
383 1592 568 1676 generalem
591 1592 794 1670 vicariatum,
822 1596 860 1655 ut
880 1598 954 1655 tum
974 1592 1169 1674 generalitas
1194 1593 1242 1658 lo-

112 1730 130 1769 a
149 1724 279 1786 corum,
296 1708 467 1772 seutotius
480 1707 641 1786 dioeeesis,
663 1715 734 1773 tum
749 1725 830 1772 vero
850 1707 1045 1789 generalitas
1071 1727 1242 1774 causarum

110 1824 210 1908 «ipsi
235 1822 403 1889 commissa
420 1823 472 1889 sit.
498 1823 554 1887 Sin
573 1841 653 1889 vero
675 1823 821 1888 Vioarius
843 1829 900 1888 aut
922 1821 1074 1888 Officialis
1092 1824 1243 1907 Episcopi

114 1939 258 2006 «solum
276 1940 474 2004 constitutus
489 1939 530 2003 sit
544 1957 605 2022 pro
625 1937 880 2017 civitatensibus,
902 1957 967 2004 non
987 1946 1096 2022 potest
1115 1939 1242 2006 censeri

114 2055 333 2140 «generalis3
356 2052 415 2120 sed
432 2052 615 2139 jurisdictio
636 2052 707 2138 ejus
729 2053 917 2119 censebitur
933 2052 1062 2119 diversa
1078 2053 1242 2139 ajurisdi·

113 2173 262 2238 «ctione
290 2171 486 2257 episcopali,
519 2191 585 2237 non
609 2170 762 2236 absimilis
788 2169 1007 2254 jurisdictioni
1038 2170 1240 2236 vicariorum

112 2289 331 2355 «ruraliumz
353 2296 392 2353 ut
416 2287 554 2371 proinde
574 2307 635 2353 neo
653 2289 724 2370 ipse
742 2284 833 2352 Sedis
856 2286 1047 2370 Apostolicae
1072 2287 1241 2372 delegatus

112 2427 131 2466 c
145 2422 220 2470 esse
235 2404 347 2486 possit.
362 2402 517 2486 Arguitur
532 2422 574 2468 ex
590 2402 792 2467 clementina
806 2403 826 2464 2
841 2405 879 2464 de
896 2405 1077 2484 descriptam
1092 2409 1126 2468 et
1140 2402 1240 2471 dooet

111 2520 298 2586 «Sbrozius
315 2520 349 2608 (l.
369 2523 401 2598 2,
418 2522 582 2585 chr‘carr'a
598 2522 714 2601 Epire,
725 2538 758 2603 q.
776 2515 843 2603 29),
861 2526 895 2584 et
910 2519 1042 2584 GarcIas
1062 2519 1239 2608 (deBeaeri-

113 2659 132 2698 a
148 2642 219 2715 ciis,
236 2641 330 2718 parte
347 2639 378 2714 5,
399 2654 470 2719 oap.
485 2639 517 2714 8,
535 2655 568 2698 n.
588 2632 657 2718 36).
685 2657 701 2695 »
1192 2713 1196 2720 .

157 2753 359 2817 Pnorosrrto
375 2752 443 2816 vla.
452 2785 498 2799 -
512 2756 681 2814 Vtaara’atai
699 2753 834 2832 generali
855 2755 1024 2815 essentialis
1035 2772 1096 2816 aaa
1112 2761 1158 2816 est
1171 2760 1238 2818 arai·

109 2871 276 2933 acroatitas
285 2871 510 2951 jurisdictionis
534 2873 636 2931 stricte
665 2877 796 2954 sarapta,
819 2870 871 2931 scd
892 2870 1056 2932 dumtaxat
1079 2873 1235 2934 moraliter

111 2992 247 3067 sarapta.
272 3019 317 3033 -
341 2985 470 3067 Duplex
488 3003 606 3067 nempe
626 2981 854 3068 distinguenda
870 2992 920 3049 est
932 2982 1161 3069 jurisdictionis
1179 3006 1235 3071 ge·

112 3101 270 3168 neralitas
288 3120 345 3166 seu
364 3100 615 3168 universalitas:
635 3103 747 3167 stricte
763 3109 903 3185 sumpta,
920 3121 991 3186 quae
1006 3103 1129 3167 nullam
1150 3106 1235 3189 pati-

112 3225 171 3284 tur
194 3216 440 3301 exceptionem
465 3224 500 3282 et
524 3218 693 3282 moraliter
716 3224 847 3300 sumpta
870 3235 941 3303 quae
964 3220 1173 3302 exceptiones
1198 3228 1234 3297 et

113 3335 354 3400 reservationes
365 3332 519 3399 admittit.
536 3335 680 3398 Dicimus
694 3341 804 3399 autem
821 3352 915 3417 posse
931 3335 1072 3419 aliquem
1086 3354 1156 3402 esse
1179 3357 1233 3403 ve·

112 3449 231 3514 rnmin
242 3466 339 3515 sensu
351 3447 433 3534 juris
442 3449 606 3514 Vioarium
618 3449 814 3532 generalem,
828 3469 903 3514 cum
911 3452 1092 3534 posteriore
1105 3460 1233 3518 tantum

110 3564 347 3653 jurIsdiotionis
360 3566 616 3630 universalitate.
638 3567 679 3630 Et
698 3569 730 3629 1ο
750 3565 882 3650 quidem
906 3567 1021 3632 sufficit
1040 3566 1234 3652 jurisdictio

113 3701 190 3748 nem
212 3699 284 3747 esse
304 3683 473 3748 moraliter
489 3681 836 3768 universalem'quoad
859 3703 991 3749 causas:
1015 3684 1174 3766 probatur
1192 3706 1235 3751 ex

114 3796 276 3864 decretali
291 3801 365 3862 Cara
374 3804 407 3862 ta
420 3799 553 3880 genarati
569 3798 611 3885 (3,
628 3798 717 3862 tituli
732 3800 783 3877 13,
800 3798 875 3863 libri
888 3802 918 3878 l,
931 3800 966 3864 in
981 3797 1101 3884 sexto),
1122 3801 1156 3864 in
1170 3819 1234 3885 qua

113 3914 300 3981 Bonifatius
312 3916 388 3980 VIII
412 3915 456 3980 sic
480 3912 647 3979 decernit:
670 3915 828 3995 officialis,
851 3923 906 3978 act
922 3921 1059 3979 Vicarr'as
1084 3920 1235 4002 generalis

114 4036 267 4115 Episcopi,
285 4033 426 4111 beneficia
441 4035 644 4112 caaserrcaaa
654 4039 792 4113 portarat,
814 4037 876 4095 atsi
896 4033 1104 4112 beneficiorum
1113 4035 1235 4098 collatio

114 4153 192 4232 gasts
211 4151 382 4231 specialiter
397 4155 439 4212 rit
453 4153 619 4212 commissa.
638 4149 680 4213 Et
691 4149 727 4212 in
739 4148 941 4231 praecedenti
967 4148 1125 4214 decretali
1148 4148 1236 4216 idem

115 4260 269 4335 Pontifex
291 4262 452 4341 officialia,
479 4282 538 4328 seu
563 4260 663 4349 (quod
679 4261 768 4326 idem
794 4267 900 4327 estut
921 4261 1006 4326 inira
1033 4262 1237 4350 probabitur)

116 4380 235 4447 vicarii
251 4381 415 4465 generalis
432 4379 649 4447 universalem
671 4377 931 4463 jurisdictionem
955 4379 1022 4447 aliis
1043 4383 1239 4465 exceptioni·
1352 4416 1353 4420 ¹

262 4493 283 4554 1.
1063 4493 1099 4549 25
