2714 4980
481 305 667 354 ructatus
689 308 733 354 DE
755 307 904 356 tumens.

638 597 654 670 t
676 592 731 657 IX.
988 609 1019 660 ι

315 857 446 918 Quotuplici
457 856 526 904 modo
538 863 613 905 cesset
624 857 784 917 procuratoris
795 859 895 906 officium
910 867 933 908 et
944 864 1063 921 potestati

122 1118 125 1122 ⁴
173 1130 202 1191 i.
228 1126 338 1191 Cessat
352 1127 570 1204 revocatione,
589 1126 684 1192 modo
699 1145 752 1192 res
764 1127 869 1195 adhuc
886 1130 929 1195 sit
950 1132 1100 1216 integra:
1117 1134 1213 1198 uren

125 1259 178 1306 res
191 1240 256 1325 jorn
267 1242 393 1324 integra
409 1260 474 1306 non
490 1243 542 1320 sit,
555 1242 713 1307 nonralet
724 1244 891 1310 revocatio
903 1245 964 1310 nisi
974 1265 1015 1311 ex
1023 1245 1119 1331 J’uxta
1131 1264 1212 1312 cansa.

122 1348 256 1422 Constat
269 1362 408 1440 utruque
421 1374 497 1439 pars
508 1357 737 1440 propositionis
751 1359 857 1441 capite
876 1364 1022 1441 Quoiam
1037 1362 1082 1448 (2,
1104 1365 1141 1426 de
1155 1367 1214 1427 Pro

123 1477 320 1553 curatoribus,
338 1476 370 1538 in
382 1471 414 1557 6)
431 1495 438 1538 :
455 1479 599 1554 &mmsis
605 1483 786 1556 procurator
798 1485 894 1557 parsit
909 1487 981 1541 orate
999 1482 1084 1543 litem
1096 1487 1218 1543 matuta

124 1598 197 1669 tom,
215 1596 306 1654 otiam
324 1597 389 1654 siae
401 1608 491 1653 causa
510 1593 600 1654 &berc
614 1612 634 1654 a
649 1594 769 1655 domirw
784 1601 929 1673 reuocari,
943 1603 1050 1676 posteo
1066 1604 1161 1659 tamen
1172 1601 1219 1678 ipa

123 1706 240 1770 achaic
256 1709 389 1788 nequibit
395 1729 411 1786 ‚·
424 1712 487 1769 ruisi
502 1726 568 1770 cam
579 1726 646 1770 ccam
663 1710 783 1771 domiuo
794 1715 948 1772 inimicum
969 1711 1052 1790 ficri,
1075 1715 1125 1775 oei
1142 1727 1220 1792 scapo·

122 1829 221 1902 mum,
244 1830 299 1885 out
312 1825 486 1886 aduersario
503 1824 652 1903 affinitate
672 1830 813 1907 conjurat
820 1874 831 1905 ,
849 1829 897 1889 uel
919 1833 983 1909 ejus
997 1829 1145 1893 herodem
1155 1829 1217 1907 ficri,

124 1954 175 2000 seu
188 1942 307 2020 tatararii
321 1942 504 2020 rcla'pioaem,
522 1947 576 2002 out
587 1944 622 2003 io
636 1943 756 2021 tanqum
775 1948 978 2023 percqrinora‘,
1001 1947 1051 2007 vel
1067 1945 1221 2027 wammam

123 2062 177 2118 urat
189 2057 318 2118 otomatis
330 2057 463 2117 detincre
476 2061 646 2136 coatiupat,
665 2075 716 2118 scu
735 2059 799 2119 otia
813 2060 1005 2121 rationabilis
1018 2078 1111 2123 costae
1126 2061 1218 2134 taisi,

121 2179 243 2253 propter
256 2191 345 2252 quam
363 2177 404 2235 sit
418 2178 524 2235 aurito
537 2175 729 2236 revocandus.

167 2285 285 2352 Sedulo
306 2292 416 2352 tamen
438 2287 678 2354 advertendum
697 2296 766 2366 est,
784 2307 849 2353 non
869 2288 1017 2355 sufficere
1037 2298 1114 2372 post
1134 2293 1221 2356 conte

121 2388 293 2466 stationem
312 2401 386 2478 litis,
402 2400 522 2486 justam
540 2401 653 2468 adesse
668 2403 844 2468 revocandi
861 2406 1085 2487 procuratoris
1097 2420 1219 2477 commu.

122 2522 161 2581 ut
188 2515 295 2582 ualeat
324 2517 380 2582 illa
406 2519 585 2600 revocatio;
612 2515 671 2583 sed
698 2518 823 2602 requiri
849 2518 984 2600 insuper
1006 2527 1045 2583 nt
1076 2520 1221 2583 intimetur

118 2630 233 2715 judici,
267 2633 321 2698 vel
341 2632 487 2699 adversm
509 2634 605 2716 parti.
631 2635 680 2698 Sto
702 2635 788 2699 enirn
806 2632 957 2699 decrevit
981 2635 1156 2718 Gregorius
1169 2632 1218 2697 lx:

120 2750 263 2811 Mandata
272 2755 475 2831 procuratoris
484 2757 554 2830 post
569 2752 653 2812 litem
666 2757 866 2813 contestatam
881 2753 1038 2813 udomiao
1053 2747 1220 2824 reuocatas

119 2867 173 2930 laco
191 2875 347 2948 iquoraate
357 2870 462 2949 judice
479 2869 528 2929 oei
548 2869 723 2930 adversario
741 2870 854 2947 factum
872 2869 978 2947 fucrit,
991 2869 1147 2948 judicium
1160 2860 1219 2946 qiud

117 2984 197 3046 idem
214 2969 301 3064 quasi
309 2989 489 3064 procurator
504 2984 691 3063 postmodum
706 2989 846 3062 asperim
861 2988 923 3061 cat,
954 2989 1056 3044 ratum
1076 3000 1138 3045 osse
1155 2979 1219 3044 cleu·

119 3099 172 3163 tit.
193 3097 316 3183 (Capite
334 3099 384 3173 13,
400 3097 489 3162 tituli
503 3099 558 3173 38,
578 3096 683 3160 libril
704 3094 950 3180 decretalium.)

163 3214 196 3278 2.
221 3212 331 3278 Cessat
346 3194 564 3295 procuratoris
586 3210 724 3277 officium
738 3218 771 3276 ct
785 3219 933 3295 potestas
944 3217 1061 3277 mutuo
1080 3189 1218 3277 consensu

119 3329 342 3394 constituentis
361 3335 395 3394 et
414 3329 599 3411 constituti;
612 3329 657 3393 ita
672 3329 797 3393 scilicet
810 3336 848 3393 nt
864 3329 891 3392 si
908 3327 1008 3394 ambo
1024 3327 1215 3396 consentiant

118 3445 218 3527 possit
231 3445 379 3510 revocari
390 3451 596 3528 procurator,
612 3444 710 3508 etiarn
728 3461 766 3508 re
784 3461 850 3507 non
864 3443 1013 3526 integru3
1031 3441 1133 3528 idque
1146 3445 1217 3508 extri

118 3578 247 3626 omnem
267 3559 520 3625 controversiam
539 3564 601 3624 est.
623 3556 722 3622 Addit
742 3565 853 3624 tamen
876 3557 1169 3644 Schmalzgrucher
1187 3551 1217 3638 (it

116 3677 169 3743 tit.
188 3678 242 3755 38,
257 3675 333 3742 libri
351 3679 362 3739 l
386 3674 526 3751 decret,
541 3694 574 3738 n.
592 3671 660 3756 39),
678 3680 751 3756 post
765 3673 1035 3739 contestationem
1050 3674 1117 3738 litis
1126 3682 1217 3737 nece·

117 3795 236 3859 sarium
255 3792 388 3874 insuper
405 3808 476 3855 esse
495 3789 597 3872 portis
619 3787 764 3853 adversm
787 3806 997 3869 consensum;
1016 3805 1059 3853 eo
1077 3784 1162 3872 quod
1174 3793 1216 3866 per

114 3908 179 3974 litis
195 3905 462 3972 contestationem
475 3904 564 3988 quasi
581 3902 791 3967 contrahatur
805 3921 882 3967 cum
898 3901 1108 3986 adversaria
1125 3922 1144 3966 a
1161 3911 1215 3964 cor*

114 4015 223 4090 tractu
238 4031 359 4098 autem,
380 4025 471 4103 purte
484 4020 588 4084 altera
602 4020 714 4095 invita,
731 4039 796 4084 non
808 4020 909 4084 liceat
922 4017 1097 4085 recederes
1114 4015 1214 4084 lotar

115 4138 171 4206 dat
186 4141 305 4205 citatus
319 4143 432 4202 auctor
446 4133 639 4220 quibusdam
655 4136 674 4199 J
677 4136 854 4201 ustiueanei
868 4135 951 4220 juris
967 4135 1125 4201 textibus.

159 4260 190 4322 3.
216 4255 341 4320 Finitus
354 4250 576 4336 procuratoris
591 4257 734 4333 potestus
750 4269 810 4333 per
827 4250 929 4333 ipsius
951 4251 1207 4318 exonerationem

117 4391 174 4436 seu
193 4367 322 4456 quando
339 4368 407 4450 ipse
426 4363 578 4431 mandato
596 4365 772 4442 renuntiat,
801 4364 860 4429 lite
881 4363 1028 4431 nondum
1047 4363 1210 4433 conrasas·
