2714 4980
574 115 656 167 rans
676 118 791 199 anua.
1196 107 1235 171 il

122 261 178 312 ms
191 247 282 311 esset
294 259 391 324 suum
399 239 568 323 delictum,
586 249 643 321 aat
657 242 700 310 de
711 262 751 310 eo
765 247 921 327 injudicio
935 247 1103 313 counimus
1111 246 1238 315 fuisset.

119 365 185 429 llas
196 380 277 441 vera,
293 361 410 446 ipquit,
429 383 448 426 a
463 365 1009 447 cmnmuniancprotiierequempuam
1017 384 1077 429 uon
1084 385 1242 448 pmsumus

120 478 273 564 (prumam
287 480 348 541 aas
357 479 524 560 prohibitio
537 482 672 544 nundum
686 486 728 544 sit
738 483 876 545 mortalis
889 484 942 545 sed
952 479 1165 566 radionatis),
1181 488 1242 547 nisi

114 603 175 658 aut
189 603 294 677 sponte
310 599 487 676 contessum,
504 604 559 661 ant
574 603 606 660 in
626 599 727 679 aliqua
747 604 810 662 siue
828 601 978 679 seculari,
1005 606 1068 663 sive
1091 602 1242 665 ecclesias-

114 718 178 775 tica
188 714 310 795 judicia
330 718 518 776 nominatum
538 722 628 795 atque
652 720 830 793 convictum.
855 715 933 797 Quae
953 715 1055 781 verba
1073 716 1242 801 Augustini

111 827 193 893 luce
209 826 390 894 meridiana
400 829 518 895 clarius
530 829 709 896 ostendant
724 832 869 897 extitisse
888 850 947 896 suo
964 838 1113 917 tempore
1131 832 1240 899 iorum

111 943 270 1012 Ecclesia
287 946 537 1025 contentiosam,
553 965 612 1012 seu
624 946 744 1032 judicia
759 949 976 1014 ecclesiastica
989 950 1121 1034 proprie
1137 948 1235 1017 dicta.

161 1061 212 1127 Ex
227 1060 259 1124 S.
274 1061 432 1146 Gregorio
446 1065 562 1147 Magno
576 1083 688 1142 unum,
708 1065 796 1130 inter
816 1066 999 1144 innumera,
1017 1066 1239 1134 testimoniam

110 1194 317 1260 promamus.
332 1178 409 1244 liaec
422 1177 465 1245 ad
477 1180 667 1245 Ianuarium
680 1181 897 1249 calaritanum
911 1183 1107 1267 Episcopum
1120 1183 1239 1251 scribe-

111 1291 174 1359 bat
192 1293 346 1361 laudatus
370 1295 517 1379 pontifex
536 1301 646 1361 :Nosti
669 1300 795 1361 latorem
819 1305 1013 1381 mamutium
1031 1300 1238 1382 Epiphaniam

103 1413 334 1495 presbyterum,
362 1416 559 1493 quarumdam
577 1416 745 1479 Sardorum
768 1415 879 1478 litteris
902 1417 1103 1479 criminaliter
1117 1435 1239 1479 measa·

116 1533 192 1591 tum.
211 1531 304 1610 Cujus
325 1548 390 1610 nas,
409 1537 445 1592 ut
464 1532 626 1610 anteimus,
646 1533 839 1595 discutientes
856 1552 989 1611 causam,
1006 1532 1140 1613 nihilque
1154 1537 1187 1595 in
1205 1552 1238 1597 co

113 1647 294 1729 objectorum
313 1652 503 1728 reperientes,
523 1654 559 1710 nt
580 1650 622 1710 od
644 1651 740 1711 lacum
759 1669 847 1712 suam
873 1656 1084 1728 reverteretur,
1107 1651 1238 1714 absolui·

115 1780 192 1824 mm.
211 1764 358 1825 Criminis
368 1781 437 1842 erpa
454 1760 502 1848 (id
518 1770 568 1826 est
581 1759 802 1846 accusationis)
823 1769 891 1847 ejus·
902 1771 1037 1827 auctores
1054 1771 1082 1826 te
1100 1766 1237 1829 colamus

109 1884 313 1959 perscrutari.
330 1881 372 1942 Et
384 1884 446 1941 nisi
460 1884 513 1959 qui
525 1882 643 1943 casdem
658 1885 827 1942 transmisit
842 1882 983 1961 epistolas
994 1887 1126 1962 paratus
1140 1883 1236 1961 fuerit

118 2128 190 2192 ccrc,
208 2114 384 2176 nuliatenus
397 2116 438 2177 ad
451 2120 562 2177 sanctae
573 2120 748 2196 mysterium
758 2119 973 2177 communionis
987 2116 1119 2178 accedat.
1136 2112 1237 2200 (spis

119 2227 260 2293 telarum
284 2227 342 2293 lib.
370 2228 404 2306 4,
434 2229 530 2313 epist.
560 2231 614 2306 27,
641 2227 722 2295 edit.
741 2227 1048 2332 Benedictinorum,
1080 2235 1160 2298 tom.
1193 2233 1231 2309 2,

118 2361 189 2428 pag.
210 2335 302 2428 706'.)

159 2460 379 2528 Traditionem
396 2467 431 2528 et
449 2460 574 2545 praxim
594 2479 651 2527 sex
668 2460 818 2545 priorum
833 2462 1025 2529 seculorum
1043 2460 1233 2548 pandimus;

119 2596 186 2665 qaae
205 2597 273 2645 non
284 2579 394 2661 paucis
406 2585 464 2644 aut
478 2578 639 2662 ambiguis
650 2579 773 2664 aliquot
787 2578 999 2657 documentis,
1010 2577 1071 2645 sed
1083 2584 1154 2645 tata
1167 2597 1236 2645 mo

117 2705 345 2765 ramentorum
359 2715 431 2782 quaa
446 2704 674 2763 remanserant
687 2697 793 2762 velati
806 2697 903 2774 mole,
916 2695 982 2763 alte
995 2704 1029 2762 et
1040 2696 1160 2762 invicte
1176 2695 1246 2794 ‹le-4

117 2821 308 2892 monstrant,
325 2821 524 2898 perpetuum
533 2813 568 2877 in
581 2814 724 2880 Ecclesia
733 2812 833 2878 tuisse
843 2812 1037 2879 contentiosi
1049 2811 1113 2877 fori
1124 2831 1231 2879 usum.

117 2924 400 3016 Saperv'acaneum
425 2934 536 2995 autem
568 2935 655 2995 esset
687 2928 944 3012 explorationem
977 2926 1022 2993 ad
1049 2928 1234 2995 recentiora

117 3047 229 3114 secula
248 3046 456 3131 protrahere;
474 3052 590 3129 utpote
610 3044 653 3111 de
678 3044 796 3131 quibus
809 3064 851 3110 ne
868 3044 999 3110 minima
1015 3045 1148 3131 quidem
1166 3045 1232 3113 ‹lii-

116 3161 241 3229 ficultas
264 3161 343 3227 oriri
372 3168 491 3245 potest,
506 3167 583 3249 post
608 3159 863 3253 demonstratam
883 3161 918 3225 in
941 3168 1012 3254 toto
1033 3161 1234 3246 precedenti

119 3297 183 3346 avo
197 3277 321 3345 dictam
336 3277 401 3342 lori
410 3277 606 3345 contentiosi
623 3275 836 3360 disciplinam.
855 3278 896 3342 Et
910 3279 1110 3363 caeteroquin
1129 3279 1157 3343 si
1178 3279 1234 3346 vel

118 3397 275 3481 tantisper
303 3395 512 3462 collectiones
538 3395 748 3461 conciliorum
771 3395 941 3474 revolvas,
974 3396 1084 3461 statim
1107 3394 1234 3464 videbis

119 3514 277 3596 pullulare
292 3534 312 3579 a
327 3513 464 3596 septimo
483 3513 611 3591 saecnlo,
633 3531 704 3598 qaae
728 3511 815 3578 idem
836 3513 989 3597 probent,
1008 3521 1229 3581 monumenta.

157 3633 239 3698 llinc
250 3639 341 3698 recte
360 3631 490 3698 omnino
502 3630 705 3697 doctissimus
718 3631 862 3709 Bianchi,
882 3631 975 3717 cujas
991 3631 1234 3699 sententianos·

121 3753 200 3814 tmm
212 3767 255 3814 ex
267 3746 443 3815 traditione
453 3747 663 3833 desumptum
673 3756 903 3833 argumentum
912 3746 1112 3813 claudimus:
1129 3777 1144 3803 ι
1159 3748 1234 3815 Cer

126 3865 306 3931 «mamam
314 3872 363 3930 est
376 3883 477 3949 penes
487 3865 661 3932 Ecclesiam
676 3884 804 3949 semper
811 3865 912 3931 inisse
924 3864 1033 3930 iorum
1044 3871 1229 3947 externum,

128 3981 253 4048 «afara
268 3982 472 4048 conscientia
487 3989 521 4049 et
534 3983 749 4067 penitentiali
763 3981 951 4066 diversum,
972 4000 1011 4047 ea
1026 4001 1147 4066 nempe
1160 4003 1233 4051 cea-

130 4097 299 4177 «titadine,
316 4116 381 4183 qua
404 4107 530 4167 constat
544 4100 586 4166 ab
604 4099 746 4166 Ecclesia
766 4099 853 4164 omni
871 4116 942 4165 avo
956 4107 1109 4184 receptas
1131 4098 1147 4164 i
1171 4099 1178 4115 “

133 4220 259 4284 «matra
271 4215 357 4286 Reos
371 4214 635 4290 denuntiationes
653 4235 711 4287 sea
733 4215 965 4296 sacrationes,
984 4215 1127 4287 ᾶὶεοιιεεα
1138 4216 1231 4287 testi·
