2714 4980
552 322 631 369 rins
653 320 766 367 ruina.
1161 304 1225 367 205

101 442 456 529 nisi'conjunctionem
479 448 651 531 sanguinis,
673 444 809 512 extendi
827 453 936 510 tamen
954 444 1077 512 debere
1093 445 1136 511 ad
1150 464 1226 511 eon-

97 560 304 648 junctionem
319 561 528 644 spiritualem,
541 564 585 628 ita
598 570 636 627 ut
651 580 760 626 coram
770 559 881 644 judice
898 561 1113 627 ecclesiastico
1126 563 1227 646 possit

99 677 260 743 sacerdos
280 676 461 742 defendere
484 678 621 743 fratrem
640 697 735 742 suurn
758 677 968 760 spiritualem,
994 676 1087 743 verbi
1109 679 1223 761 gratia,

100 795 281 858 canonicus
296 795 487 859 canonicum
510 816 517 860 :
539 792 649 878 idque,
670 794 772 870 aiunt,
795 795 830 855 ob
844 798 1009 874 paritatem
1027 802 1056 856 et
1071 799 1227 877 majorita-

103 907 1222 995 temrationisetseeundumoeqaitotemffirrhing,lococitato).Quarto,

102 1040 168 1105 pro
192 1025 342 1107 personis
367 1024 624 1103 miserabilibus,
647 1043 785 1109 quarum
814 1022 961 1088 defensio
986 1022 1029 1089 sd
1051 1024 1228 1091 Ecclesiam

102 1146 244 1224 spectat,
268 1140 379 1225 quales
395 1149 471 1206 suut
484 1160 658 1225 pauperes,
677 1141 804 1224 pupilli,
822 1140 959 1223 orphani
973 1148 1007 1205 et
1025 1140 1142 1207 viduae.
1162 1140 1227 1207 Ad·

103 1251 250 1319 (leudam
268 1275 338 1321 esse
359 1262 495 1338 quintum
517 1258 760 1339 exceptionem,
788 1275 906 1340 nempe
930 1276 989 1340 pro
1017 1257 1226 1326 defendendo

105 1369 268 1454 Episcopo
283 1389 353 1448 suo,
371 1372 570 1438 concludunt
584 1373 756 1436 canonistoe
773 1392 814 1437 ex
828 1373 933 1455 capite
948 1376 986 1437 In
1003 1381 1107 1437 nostro
1128 1374 1171 1460 (4,
1187 1376 1228 1439 ti·

105 1486 168 1550 tuli
185 1491 224 1550 de
241 1493 502 1569 Procuratortbus,
522 1488 597 1554 libri
616 1492 628 1552 l
651 1487 806 1572 decret),
823 1488 881 1554 ubi
905 1488 1057 1554 videmus
1072 1508 1226 1572 procuro-

107 1610 197 1668 tores
208 1623 227 1667 a
240 1603 382 1669 Tullensi
393 1604 535 1689 quodam
552 1607 710 1689 Episcopo
725 1604 767 1670 ad
780 1605 871 1670 Sedis
886 1605 1074 1689 Apostolicae
1084 1605 1226 1671 tribunal

109 1714 264 1794 directos,
279 1738 340 1801 pro
353 1717 411 1783 lite
420 1718 466 1784 ibi
476 1720 581 1802 ipsum
591 1721 679 1783 inter
688 1727 722 1784 et
737 1719 896 1784 decanum
908 1719 1083 1804 pendente,
1095 1720 1224 1786 minime

111 1833 250 1917 rejectos
266 1833 365 1900 fnisse
384 1855 425 1900 ex
440 1835 583 1919 eoquod
597 1835 914 1919 essentpresbyteri.
937 1863 951 1890 κ
968 1836 1073 1900 Etiam
1088 1835 1226 1921 presby-

117 1952 206 2015 nteri
222 1951 277 2037 (ait
296 1951 457 2034 Pirrbing,
475 1952 577 2030 intit.
600 1953 653 2027 38,
666 1950 743 2015 libri
761 1954 771 2015 1
795 1949 935 2027 decret,
954 1971 986 2015 ιι.
1007 1949 1225 2035 il)eonstitui

118 2073 278 2149 «possunt
303 2074 532 2148 procuratores
556 2065 599 2130 ad
621 2067 697 2130 lites
718 2067 751 2130 in
771 2084 867 2130 causa
890 2067 1040 2149 Episcopi
1058 2067 1117 2144 sui,
1144 2085 1226 2149 prae-

119 2182 256 2246 ·sertim
283 2181 310 2245 si
337 2182 366 2245 is
397 2180 626 2246 defendendus
651 2182 702 2259 sit,
736 2189 772 2245 ut
799 2181 962 2263 colligitur
989 2201 1029 2246 ex
1063 2183 1226 2265 capitolo

113 2305 260 2361 oestro.»

152 2416 188 2480 8⁰
211 2415 294 2478 Tum
312 2412 511 2491 subdiaconi,
526 2418 598 2477 turn
617 2413 752 2489 diaconi,
774 2419 845 2476 tum
864 2413 961 2477 etiam
981 2412 1179 2492 sacerdotes,
1200 2415 1227 2479 si

112 2544 216 2616 neque
230 2523 272 2594 e'x
286 2528 446 2595 reditibus
460 2530 695 2607 ecclesiasticis,
713 2547 819 2613 neque
834 2528 964 2594 abunde
978 2529 1119 2595 habeant
1136 2529 1226 2595 unde'

111 2646 233 2725 vivant,
248 2654 284 2711 et
295 2647 472 2730 Episcopus
484 2654 541 2711 aut
554 2666 619 2711 non
630 2646 710 2711 velit
723 2652 779 2711 aut
798 2665 862 2709 non
881 2647 980 2729 possit
993 2647 1056 2712 illis
1071 2645 1225 2729 provide·

104 2775 151 2842 be,
166 2764 259 2828 licite
274 2771 408 2845 possunt
421 2781 557 2827 munere
573 2761 793 2826 advocationis
807 2761 909 2844 iungi,
931 2763 1028 2827 etiam
1048 2779 1156 2826 coram
1173 2761 1225 2847 ju-

101 2874 180 2945 dice
197 2880 346 2944 saeculari
363 2886 397 2943 et
410 2880 443 2941 in
458 2878 562 2944 causis
579 2869 798 2942 secularibus.
818 2879 867 2942 lta
881 2876 1033 2942 doctores
1049 2873 1226 2942 communi·
1253 2918 1257 2925 -

95 2995 158 3063 ter
175 3018 183 3061 :
198 2997 233 3058 in
249 2993 341 3078 cujus
364 2993 576 3058 conclusionis
595 2991 819 3075 probationem
836 2993 882 3057 sic
896 2990 1024 3057 disserit
1042 2992 1195 3075 Pirrhing
1216 3013 1222 3057 :

96 3133 121 3176 tx
137 3115 227 3180 Nam
242 3113 269 3175 si
283 3112 419 3176 clericus
430 3112 553 3175 victum
565 3118 599 3174 et
612 3111 765 3175 vestitum
779 3108 840 3174 sibi
854 3128 1000 3194 querere
1014 3117 1121 3195 potest
1133 3128 1226 3175 exer-

96 3249 122 3294 τ(
136 3228 248 3297 cende
264 3228 492 3311 agriculturam
507 3227 590 3313 (can.
610 3229 743 3290 Clericus
758 3228 789 3302 3,
802 3224 944 3290 distinct.
959 3223 1026 3310 91),
1044 3227 1148 3292 multo
1159 3245 1226 3292 ma·

94 3364 123 3404 tx
138 3345 191 3427 gis
203 3343 239 3405 in
256 3342 313 3405 toli
331 3340 521 3404 necessitate
544 3339 664 3421 poterit
684 3355 840 3402 exercere
857 3356 974 3402 munus
993 3338 1222 3419 advocationis,

95 3479 125 3521 te
139 3455 234 3544 quod
247 3455 386 3521 nobilius
402 3463 466 3538 est;
483 3455 664 3537 presertim
683 3454 758 3536 quio
781 3454 956 3518 necessitas
968 3454 1074 3537 legem
1091 3473 1155 3520 non
1170 3454 1227 3520 bass

97 3598 126 3638 u
140 3575 202 3639 bet
225 3591 232 3634 :
257 3579 307 3649 et,
332 3574 358 3635 si
385 3571 503 3635 elerico
525 3570 600 3635 licet
625 3568 784 3633 advocare
807 3588 869 3651 pro
891 3569 1088 3653 pauperibus
1106 3579 1140 3636 et
1158 3572 1227 3637 aliis

99 3715 127 3754 u
140 3686 381 3756 miserabilibus
406 3687 571 3769 personis,
603 3691 641 3748 ut
666 3684 795 3749 illarum
828 3685 1012 3749 necessitati
1044 3695 1223 3764 succurrat,

105 3833 129 3871 a
141 3808 247 3873 multo
261 3806 361 3888 magis
378 3803 441 3868 erit
453 3802 487 3867 id
504 3803 628 3867 licitum
646 3809 684 3866 ut
703 3801 841 3884 propriae
864 3802 1048 3865 necessitati
1068 3802 1224 3882 consulat,

108 3942 220 3988 «cum
246 3921 385 3985 charitas
410 3918 495 3984 bene
517 3916 665 3983 ordinato
689 3916 820 3998 incipiat
850 3934 869 3979 a
895 3917 1049 3999 seipso.»
1082 3916 1130 4002 (Io
1148 3918 1228 3982 titu-

104 4040 181 4106 lum
196 4043 250 4117 37,
270 4038 346 4103 libri
365 4043 375 4101 l
396 4035 620 4111 decretalium,
636 4054 668 4098 ιι.
693 4030 760 4116 10.)

158 4162 193 4225 9⁰
218 4157 337 4221 Gontro
359 4153 393 4218 id
415 4153 503 4238 quod
521 4151 675 4228 diximus,
693 4152 818 4215 licitum
840 4168 907 4212 non
932 4168 1001 4213 esse
1026 4150 1227 4235 presbyteris

117 4270 290 4363 aduocatis
311 4270 521 4345 exercitium,
544 4274 635 4331 etium
663 4274 697 4330 io
720 4271 814 4328 curiis
838 4267 1042 4328 ecelesiasticis
1067 4267 1228 4353 (exeeptis

119 4408 214 4476 supra
239 4388 427 4456 memoratis
455 4378 618 4451 nonnullis
643 4380 799 4465 casibus),
828 4400 894 4447 non
916 4380 1101 4464 ignoramus
1132 4384 1228 4467 objici
