2714 4980
129 252 193 312 240
471 265 659 312 ruucrarus
681 267 725 311 nn
747 263 897 327 runicus.

124 390 179 455 vel
195 390 274 455 iacti
288 389 574 471 impedimentum,
592 389 647 455 vel
658 393 795 473 propter
807 387 968 454 notoriam
978 391 1168 470 egestatem,
1181 386 1227 451 sibi

122 505 329 572 defensorem
352 504 520 590 acquirere
545 505 671 589 nequit,
699 523 764 569 nou
791 509 900 587 potest
916 501 952 567 id
971 499 1068 569 officii
1092 520 1227 567 recusare

122 620 191 685 siue
207 619 295 705 justa
310 640 415 686 causa.
434 622 504 686 Imo
521 627 655 685 tenetur
669 618 831 704 ejusmodi
845 620 1001 683 clientem
1020 617 1122 702 gratis
1136 615 1229 683 defeu-

122 733 214 816 dere,
228 737 330 800 sinon
342 735 461 801 habeat
475 735 564 801 uude
575 736 727 801 salarium
737 734 896 801 advocato
911 734 1027 812 solvat,
1040 751 1103 798 nec
1115 731 1227 798 aliunde

122 868 183 933 pro
200 850 316 917 talibus
327 849 493 917 advocatis
506 851 547 915 de
562 852 677 917 salario
693 850 860 934 provisum
869 850 911 915 sit
921 868 961 914 ex
972 850 1090 915 aerario
1101 847 1225 933 publico.

122 967 172 1033 Ita
186 967 271 1031 enim
289 965 447 1050 disposuit
462 965 516 1051 jus
539 968 718 1032 Romanum
736 968 827 1054 (lege
844 971 933 1032 Huua
955 969 1081 1031 titulum
1104 969 1133 1045 l,
1160 970 1174 1043 5
1194 971 1227 1028 att

117 1090 234 1164 mator
255 1084 288 1161 4,
315 1081 348 1147 u.
369 1087 406 1148 de
427 1082 640 1168 Postulaudo);
659 1102 730 1168 quae
748 1083 914 1167 dispositio
936 1083 970 1147 in
995 1081 1072 1167 jure
1093 1082 1226 1147 canonico

121 1207 253 1282 recepta
268 1206 328 1278 est,
349 1208 387 1265 ut
400 1208 514 1265 tenent
529 1201 743 1265 communiter
758 1199 943 1265 canonistoe.
963 1199 994 1263 st
1010 1206 1122 1264 autem
1134 1198 1165 1262 iu
1178 1196 1225 1262 boc

121 1333 198 1380 casu
213 1314 391 1381 advocatus
406 1317 622 1400 patrocinium
644 1323 800 1398 praestare
824 1322 991 1392 renueret,
1007 1321 1120 1398 posset
1148 1313 1225 1396 magi·

121 1438 244 1497 stratus
257 1431 346 1498 adid
361 1451 435 1498 eum
448 1432 647 1515 compellere
659 1431 720 1496 sub
736 1450 832 1515 poeua
842 1431 1037 1515 privationis
1051 1427 1146 1494 officii
1159 1428 1223 1514 (lege

120 1551 347 1613 Prouidentiam
365 1548 398 1627 7,
416 1548 504 1614 tituli
514 1552 551 1613 de
561 1551 770 1631 Postuiaudo,
778 1546 905 1613 Codicis
921 1548 939 1610 J
942 1543 1139 1630 ustinianei).

166 1671 198 1728 7.
233 1663 373 1729 Caeteros
401 1661 636 1729 advocatorum
658 1662 870 1746 obligationes
896 1661 1101 1728 recensendo
1128 1661 1222 1726 citatus

120 1776 423 1863 schmalzgrueber,
442 1798 496 1845 eas
514 1778 632 1845 tundat
647 1779 744 1844 variis
755 1777 839 1862 juris
851 1778 985 1844 Romani
998 1777 1144 1844 textibus
1156 1797 1164 1860 ;
1178 1772 1222 1840 scd

121 1893 302 1960 fundantur
329 1898 428 1961 etiam
445 1895 520 1981 jure
546 1896 697 1973 naturali,
716 1902 754 1960 ut
777 1895 900 1978 legenti
922 1894 1016 1959 facile
1037 1893 1176 1979 patebit;
1196 1908 1222 1956 ac

122 2012 251 2077 omnino
266 2013 433 2078 censendae
448 2021 523 2079 suut
538 2013 636 2078 etiam
650 2013 684 2077 iu
704 2012 776 2076 foro
795 2011 1017 2078 ecclesiastico
1039 2029 1169 2095 urgere.
1188 2008 1222 2072 lu

121 2127 246 2195 laudati
256 2131 395 2195 auctoris
411 2129 512 2195 verba
529 2148 537 2192 :
775 2106 778 2111 ’

170 2275 183 2299 κ
210 2245 242 2311 Si
258 2265 388 2312 causam
414 2247 554 2331 aliquam
585 2245 646 2311 sibi
669 2244 914 2312 defendendam
936 2247 1134 2330 susceperit,
1156 2243 1223 2308 illius

123 2361 269 2427 «merita
282 2360 456 2446 diligenter
469 2362 589 2441 rimari,
607 2369 641 2427 et
652 2361 730 2426 nihil
751 2380 866 2427 eorum
883 2360 984 2427 debet
1002 2362 1154 2426 omittere
1168 2373 1221 2444 qua

124 2499 140 2537 a
153 2495 256 2542 causae
274 2476 492 2543 defendendo
515 2477 661 2560 prolicua
674 2495 748 2542 esse
764 2484 899 2560 possunt
921 2477 1004 2563 (lege
1018 2482 1092 2542 Rem
1113 2497 1170 2540 amu
1185 2491 1222 2537 au

121 2611 222 2656 «suom
246 2594 299 2671 14,
320 2592 407 2658 tituli
429 2597 466 2658 de
483 2597 600 2671 ludia,
619 2592 747 2657 Codicis
767 2591 963 2676 iustiniani).
981 2592 1067 2658 Alias
1085 2594 1112 2659 11
1129 2588 1222 2677 quovis

122 2705 250 2772 «modo
269 2725 329 2790 per
349 2707 479 2790 culpam
499 2726 592 2772 suam
613 2707 666 2772 vel
686 2708 882 2790 imperitiam
903 2708 1032 2773 amittat
1057 2703 1222 2772 causamiu

122 2820 282 2907 «judicio,
306 2842 372 2887 non
395 2823 501 2887 solum
519 2822 626 2887 salarii
643 2821 724 2887 nibil
741 2829 852 2906 potest
869 2824 1011 2906 exigere,
1029 2823 1090 2889 sed
1109 2822 1150 2888 ad
1170 2820 1222 2906 ejus

121 2939 248 3004 aetiam
268 2937 504 3022 quodaccepit
533 2940 775 3003 restitutionem
801 2944 836 3003 et
863 2941 1108 3006 resarcitionem
1137 2936 1219 3004 cnut

121 3053 261 3120 «damni
283 3054 372 3140 quod
395 3055 504 3120 clienti
525 3055 603 3122 inde
626 3064 735 3122 crtum
757 3064 818 3135 est,
840 3059 874 3121 iu
898 3057 1097 3122 conscientia
1118 3056 1219 3138 ohliga-

120 3177 244 3235 atur.»

165 3309 179 3343 a
205 3286 243 3348 In
254 3282 387 3369 judicio,
409 3285 450 3349 ab
472 3284 600 3369 injuria,
620 3287 760 3369 probris,
781 3288 932 3353 conviciis
951 3286 1014 3352 sibi
1027 3286 1215 3370 temperent,

119 3423 135 3462 a
148 3400 208 3467 sed
224 3401 335 3485 legum
356 3402 398 3478 vi,
425 3421 463 3465 ac
485 3403 646 3468 rationum
671 3406 853 3483 momentis,
879 3423 945 3469 non
966 3403 1172 3470 contumeliis
1192 3402 1217 3462 at

119 3518 330 3602 «opprobriis
346 3518 521 3584 adversum
535 3539 570 3586 se
594 3529 742 3604 pugnent
759 3522 842 3609 (lege
859 3522 1001 3603 Quisquis
1014 3523 1047 3600 6,
1068 3540 1098 3586 c.
1120 3524 1156 3585 da
1172 3521 1217 3584 Pu

119 3633 316 3719 ustulando),
347 3663 359 3692 u
859 3624 860 3627 ¹

160 3775 177 3815 «
203 3753 242 3817 In
254 3749 455 3816 deductione
476 3772 582 3818 causae
600 3753 753 3820 studeant
768 3755 932 3832 brevitati,
957 3755 1140 3837 superfluas
1156 3750 1217 3817 alle

116 3891 132 3930 «
145 3868 291 3951 gatioues
305 3875 465 3945 resecent,
484 3871 665 3950 pracsertim
684 3889 764 3936 vero
783 3872 888 3936 vitent
904 3871 1037 3936 frivolas
1049 3869 1214 3935 etfrustm·

115 4006 132 4045 a
146 3985 244 4047 torias
256 3983 429 4047 dilationes
438 3991 471 4048 et
487 3987 703 4067 exceptiones,
713 3987 829 4070 quibus
841 4007 901 4070 pro
915 3987 1025 4052 saeculi
1034 3989 1137 4053 nostri
1150 3982 1213 4050 vitio

116 4122 133 4162 u
147 4118 249 4164 causae
267 4098 351 4164 adeo
365 4101 612 4182 protrahuntur,
629 4111 667 4168 ut
680 4105 815 4170 clientes
826 4107 916 4188 prius
931 4105 973 4170 ad
986 4106 1214 4173 mendicitatem

115 4233 244 4299 uquam
265 4235 368 4283 causae
393 4216 492 4283 finem
511 4218 688 4301 perductos
705 4239 740 4285 se
759 4220 893 4287 videant
914 4222 996 4308 (lege
1019 4228 1161 4306 Quisquis
1180 4221 1214 4285 ci·

116 4334 225 4412 utata3
244 4338 279 4395 et
293 4330 366 4414 lege
377 4336 604 4414 Propemodum
623 4336 674 4411 13,
694 4354 723 4397 c.
742 4338 779 4398 ue
792 4335 920 4421 ludim).
940 4367 953 4391 u
