2714 4980
550 315 629 361 raas
650 312 808 362 saeuum.
1164 300 1230 364 499

112 437 223 525 quoad
234 438 513 504 dioecesimsuam.
533 437 627 524 (Vide
644 437 725 502 hanc
739 439 924 521 opinionem
939 438 1050 516 Felini,
1068 438 1158 522 apud
1170 442 1230 506 Fa-

112 574 268 638 gnanum,
285 556 357 621 loco
373 555 484 631 citato,
504 573 537 617 n.
557 551 625 635 54.)
642 555 724 618 Tute
737 554 875 636 proinde
891 573 955 618 non
971 561 1085 637 ageret
1099 556 1229 637 Episco-

112 689 187 752 pus,
208 671 267 754 qui
279 678 374 735 extra
391 662 554 734 dioeoesim
569 669 711 733 existens
727 669 954 734 cancellarium
973 687 1067 734 suum
1083 678 1229 754 crearet;

113 788 192 871 quia
209 786 411 869 probabilius
425 785 551 861 saltem,
570 783 689 849 robore
708 792 859 849 carerent
872 783 913 848 ad
936 784 1036 850 fidem
1051 785 1231 851 faciendam

112 905 332 969 instrumenta
343 922 361 966 a
373 900 572 966 cancellario
583 901 629 965 sic
646 906 758 965 creato
772 900 931 975 confecta.

160 1020 219 1085 IV.
241 1049 254 1074 a
273 1019 448 1084 Generales
468 1023 502 1082 et
526 1016 741 1099 provinciales
760 1018 952 1100 religionum
967 1035 1081 1083 creare
1100 1025 1235 1100 possunt

119 1165 132 1189 «
152 1135 299 1200 notarios
314 1137 401 1199 intra
412 1150 506 1198 suum
524 1130 671 1197 ordinem
685 1151 745 1214 pro
760 1134 864 1198 causis
877 1132 1097 1201 criminalibus
1111 1134 1237 1216 religio

119 1268 276 1328 «sorum,
302 1253 347 1316 ita
372 1259 409 1316 ut
436 1251 497 1315 illis
520 1247 715 1314 tantalides
741 1248 945 1326 adhibeatur,
972 1256 1092 1334 quanta
1110 1252 1238 1316 notario

119 1368 313 1432 «seculari.
335 1391 350 1427 a
370 1366 535 1453 (Ferraria,
555 1364 597 1430 ad
610 1385 722 1430 vocem
737 1365 894 1442 Notarius,
917 1386 949 1430 n.
972 1365 1042 1451 21.)
1062 1341 1239 1433 Additan-

113 1493 187 1550 tem
197 1484 317 1548 citatus
327 1490 452 1560 auctor,
467 1500 538 1548 eam
550 1500 619 1547 esse
632 1499 835 1546 communem
847 1481 1018 1547 doctorum
1031 1484 1237 1548 sententiam.

169 1599 341 1681 «Insuper
370 1603 502 1663 sanctus
528 1598 605 1662 Pius
628 1598 676 1674 V,
705 1597 934 1662 constitutione
962 1599 1036 1675 124,
1066 1599 1240 1682 incipiente

119 1745 134 1771 κ
150 1719 295 1781 Debitum
305 1688 486 1796 pastoralis,
503 1714 662 1779 concessit
678 1712 767 1796 quod
782 1713 968 1793 superiores
981 1712 1103 1779 ordinis
1124 1713 1244 1798 praedi-

120 1863 134 1888 a
154 1839 318 1908 catorum,
340 1838 375 1895 et
394 1837 631 1914 consequenter
647 1829 745 1893 etiam
760 1829 815 1893 alii
823 1831 1107 1896 communicantes
1125 1833 1158 1894 in
1176 1831 1245 1914 prr-

120 1979 134 2004 κ
155 1949 286 2032 vilegiis
303 1948 520 2030 cumipsis...,
539 1948 572 2010 in
585 1964 778 2030 unaquaque
794 1947 962 2028 provincia
986 1949 1109 2031 possint
1126 1948 1244 2013 consti-

120 2093 135 2119 «
159 2069 258 2129 tuere
271 2064 370 2128 etiam
384 2062 496 2145 plures
509 2062 558 2126 sui
575 2059 697 2128 ordinis
708 2063 850 2138 Fratres,
871 2061 913 2126 ab
929 2064 975 2127 cis
991 2063 1197 2145 approbatos,
1209 2063 1259 2128 in.

121 2160 135 2236 a
155 2181 303 2247 notarios
319 2180 479 2263 publicos,
493 2198 553 2262 pro
566 2177 751 2242 intimandis
765 2177 927 2243 mandatis
940 2188 974 2244 et
982 2181 1147 2264 rescriptis
1156 2181 1241 2264 Apo·

121 2328 136 2352 «
156 2297 292 2373 stolicis,
302 2295 457 2368 iaciendis
470 2294 696 2360 instrumentis
706 2302 741 2359 et
753 2294 1012 2360 authenticandis
1019 2298 1239 2380 transumptis,

122 2445 136 2470 a
158 2414 326 2498 publicam
344 2413 397 2478 vel
419 2413 579 2496 privatam
594 2410 684 2507 dicti·
697 2410 819 2475 ordinis
832 2412 1007 2497 utilitatem
1021 2416 1245 2479 concernenti-

123 2560 138 2586 «
158 2530 234 2595 bus.
256 2558 269 2584 n
292 2529 459 2615 (Ferraria,
480 2528 555 2593 loco
569 2523 693 2609 citato.)

172 2673 187 2703 a
200 2647 268 2711 Pro
277 2643 396 2710 talibus
409 2642 541 2710 notariis
551 2641 701 2707 creandis
711 2640 810 2707 datur
826 2643 878 2706 hic
892 2642 1009 2709 modus
1027 2653 1061 2710 et
1076 2645 1218 2710 formula
1232 2666 1240 2711 :

124 2793 140 2820 a
158 2762 290 2828 selectis
308 2761 522 2825 aPraelato...
538 2758 673 2836 idoneis,
690 2758 753 2840 ipsi
774 2777 883 2824 coram
898 2765 943 2825 'eo
958 2751 1131 2843 genuflexi,
1149 2762 1245 2826 tactis

123 2908 139 2937 a
158 2879 263 2944 sacris
281 2877 456 2959 evangeliis
476 2893 583 2941 coram
608 2872 736 2938 duobus
758 2876 812 2939 vel
830 2874 936 2940 tribus
954 2877 1103 2957 testibus,
1120 2876 1245 2943 debent

121 3027 137 3052 a
150 2995 375 3080 juramentum
398 2999 565 3075 praestare,
581 2989 623 3055 de
639 2989 784 3055 fideliter
802 2999 836 3056 et
855 3010 930 3055 cum
952 2993 1039 3056 omni
1056 2993 1243 3076 integritate

124 3141 140 3166 «
157 3109 250 3174 dicto
266 3107 367 3175 officio
383 3105 577 3183 exercendo,
593 3113 631 3170 ut
643 3105 728 3169 infra
743 3127 749 3169 :
764 3111 828 3187 Epo
840 3111 878 3171 N.
890 3114 1036 3189 promitto
1051 3116 1080 3171 et
1092 3115 1166 3190 juro
1181 3113 1242 3172 Deo

123 3257 137 3281 a
156 3231 377 3307 omnipotenti·
390 3231 421 3287 ei
436 3227 492 3287 SS.
511 3226 549 3285 D.
565 3225 713 3302 N.-Popae
730 3225 770 3284 N.
775 3270 786 3300 ,
809 3229 839 3285 et
859 3224 917 3285 titi
934 3228 1033 3302 Patri,
1053 3228 1131 3304 quod
1144 3245 1240 3288 meum

122 3373 137 3398 a
153 3343 291 3421 fideliter
304 3341 443 3402 cumrato
455 3338 584 3416 officium
602 3342 635 3398 iu
649 3337 783 3399 monitus
796 3344 826 3399 et
837 3352 891 3418 per
905 3318 1016 3402 omnio.
1034 3343 1084 3403 Sic
1097 3361 1143 3404 me
1159 3347 1240 3406 Deua
1308 3410 1312 3416 ,

123 3488 138 3512 «
154 3460 292 3539 adjuvet,
310 3463 339 3518 et
350 3456 410 3516 lioec
424 3459 527 3515 saucio
539 3456 595 3515 Dei
611 3455 776 3531 eoonpelia.
795 3453 952 3518 Praelatus
970 3461 1091 3533 autem,
1105 3466 1240 3544 recepto

124 3606 138 3632 ι
153 3595 174 3641 a
190 3572 319 3638 rotano
331 3571 392 3636 tali
404 3569 599 3655 juramento,
618 3567 719 3633 tradit
747 3569 779 3632 ei
795 3569 954 3634 calamum
975 3578 1009 3635 et
1023 3579 1239 3642 atramentum

123 3722 137 3747 a
151 3688 270 3756 diceus
288 3690 417 3766 :Accipe
435 3690 613 3765 potestatem
644 3683 825 3760 notificanda·
854 3692 883 3747 et
911 3690 1075 3749 intimandi
1095 3708 1153 3769 pro
1176 3697 1238 3755 ista

122 3809 312 3888 «provincia
329 3803 554 3882 quibuscumque
570 3804 718 3879 peremtio,
739 3804 830 3861 etiam
849 3802 980 3880 renibus,
1006 3807 1162 3886 mandato,
1190 3814 1240 3870 to-

123 3952 138 3978 «
151 3923 259 3998 dulia,
286 3938 321 3980 ce
343 3917 506 3998 privilepio
529 3915 707 3995 Apostolico,
735 3917 832 3994 juata
856 3917 1020 3997 prioiteqta
1042 3921 1144 3983 ordini
1168 3942 1237 3988 coa-

123 4067 139 4094 «
154 4055 250 4112 cesso,
268 4034 457 4114 faciendique
466 4031 601 4110 pitiliano
616 4035 700 4090 octus
712 4035 742 4090 et
753 4034 965 4094 instrumento.
983 4035 1153 4099 Iauomiue
1174 4043 1243 4103 Pu-‘

124 4184 139 4210 a
154 4159 226 4231 tris,
244 4157 275 4214 ei
296 4151 381 4224 Filii,
404 4153 432 4209 et
456 4150 592 4227 Spiritus
611 4149 726 4223 Sancti,
745 4165 847 4208 <omen
870 4147 1111 4216 Testimoniales
1124 4163 1245 4237 postea·

125 4264 329 4334 «creationis
345 4263 379 4324 in
393 4261 553 4324 notarium
569 4266 725 4342 poterunt
740 4258 811 4323 dari
831 4259 891 4323 sub
908 4259 956 4324 his
975 4265 1123 4332 terminis
1140 4292 1146 4333 :
1164 4277 1237 4354 Nos,

126 4415 140 4442 a
152 4390 255 4466 frater
269 4384 310 4445 N.
327 4382 466 4441 minister
483 4377 684 4439 Proviactatis
714 4374 752 4460 (si
777 4375 899 4447 creatio
915 4377 956 4442 sit
974 4397 993 4442 a
1014 4387 1171 4466 generali,
1190 4409 1241 4456 va·
