2714 4980
122 275 186 340 348
224 322 228 328 .
473 290 664 340 raimerus
682 291 727 338 na
748 289 897 338 runicus.

118 388 344 494 decretalium,
357 423 416 480 aut
432 415 666 500 antiquioribus
678 414 895 492 documentis,
903 414 1070 499 ‘neuros
1084 413 1223 497 Reperies

119 530 289 598 dumtaxat
302 532 337 595 in
353 537 446 596 sexto
463 530 569 618 (titulo
589 534 622 609 3,
636 529 716 596 libri
735 527 778 613 1),
793 529 947 596 nonnulle
962 529 1075 595 seculi
1091 527 1225 596 Xlllluc

120 647 378 715 deredecreto.
485 684 488 689 «
577 697 582 703 .
712 687 715 694 -
980 697 984 703 .
1095 684 1098 689 «

163 765 220 830 lv.
236 767 387 844 Quomodo
400 769 435 828 iii
444 765 549 828 Gellio
554 767 705 846 prodicta
716 767 925 847 disciplinaris
935 769 1112 828 immutatio
1117 765 1228 846 pericli·

120 885 262 960 tctosit,
278 881 465 961 officialibus
486 887 622 944 muueris
642 887 693 944 eui
705 887 939 963 perpetuitatem
966 883 1028 944 sibi
1056 882 1228 944 uindicanti-

119 999 183 1059 bus.
193 1031 239 1042 -
249 996 391 1062 invaluit
403 997 438 1060 in
453 995 566 1073 Gallis,
578 1003 675 1081 atque
691 997 726 1060 in
741 998 853 1080 paucis
865 997 937 1061 aliis
950 990 1152 1080 regionibus,
1164 1013 1228 1061 con

119 1103 270 1189 suetudo,
282 1118 321 1175 ut
333 1111 389 1175 ille
406 1112 566 1195 generalis
579 1112 735 1190 licerius,
748 1113 805 1197 qui
820 1110 1014 1178 exercende
1030 1112 1227 1178 contentioso

116 1226 333 1313 jurisdictioni
363 1227 587 1307 addicebatur,
615 1231 764 1310 officiatis
787 1230 924 1296 nomine
948 1227 1229 1314 designarent

118 1355 218 1421 porro
230 1334 380 1402 officiales
390 1336 529 1419 priscam
541 1335 849 1403 Archidiaconorum
865 1335 1034 1402 incudem
1052 1335 1157 1402 officio
1167 1354 1229 1420 per·

115 1455 314 1538 potuitatem
328 1454 389 1520 sibi
402 1455 557 1538 paulatim
573 1454 785 1534 vindicantes,
798 1474 833 1520 se
844 1455 886 1520 ab
894 1455 1063 1539 Episcopis
1072 1453 1117 1520 ud
1126 1460 1229 1519 nutun

119 1573 268 1638 revocari
280 1588 346 1636 non
359 1571 587 1655 patiebantur3
605 1580 640 1636 et
655 1590 716 1656 pro
731 1590 871 1637 erroneo
891 1570 947 1636 illo
962 1570 1174 1654 gallicanismi
1189 1589 1229 1655 sy·

119 1697 268 1767 semote,
283 1686 373 1774 quod
392 1688 508 1754 tandiu
522 1688 619 1774 hujus
639 1689 778 1754 nationis
794 1690 919 1757 clerum
939 1687 1132 1765 obcecavit,
1149 1685 1229 1752 ade

120 1810 213 1871 creto
226 1805 377 1888 Episcopi
390 1804 432 1871 ud
446 1806 636 1871 seculcrem
650 1810 849 1889 potestatem
866 1804 1032 1888 appellare
1042 1823 1112 1870 non
1123 1802 1230 1870 erube

65 1956 69 1963 ·
119 1927 258 1998 scentes,
277 1922 553 2005 parlamentorun
572 1922 767 1986 auctoritate
783 1939 821 1985 ac
836 1918 998 1985 sententia
1017 1938 1127 1998 suum,
1145 1938 1230 2004 aquo

120 2034 241 2121 dejecti
261 2045 365 2114 erant,
380 2035 518 2102 officium
538 2037 681 2102 retinere
701 2036 902 2102 schismatico
917 2034 1164 2100 obnitebantur.
1180 2038 1229 2102 lle

119 2156 226 2217 desum
244 2151 299 2239 (ait
323 2152 557 2232 ThomassinuS,
582 2159 673 2218 Vetus
692 2163 722 2217 et
743 2173 821 2218 novo
842 2155 1017 2235 discipline,
1041 2159 1139 2236 parte
1156 2155 1185 2232 l,
1199 2153 1229 2219 li·

118 2267 180 2335 bro
195 2272 227 2348 2,
244 2287 316 2352 cup.
335 2273 367 2347 9,
377 2288 410 2334 u.
424 2267 471 2354 4),
484 2272 532 2334 oei
541 2273 677 2353 ccenpio
689 2272 737 2334 cci
756 2278 872 2333 erecto
885 2273 1022 2352 propitia
1035 2265 1225 2348 officialibus,

117 2405 189 2467 quos
207 2391 356 2451 incessum
378 2393 570 2451 tentaverunt
589 2390 730 2469 Episcopi
750 2388 850 2467 produ
870 2387 1006 2467 dejicere.
1027 2384 1078 2449 Ex
1099 2383 1228 2450 adverto

118 2507 228 2566 autern
246 2502 395 2585 Episcopi
410 2502 642 2586 confugiebant
655 2501 698 2567 ad
710 2502 833 2584 Regem
844 2522 854 2585 3
867 2500 920 2565 cui
931 2500 959 2564 si
972 2499 1153 2583 placuisset
1165 2498 1230 2567 Offi-

117 2615 251 2683 cialibus
269 2616 383 2683 farere
404 2625 439 2684 et
459 2618 738 2702 parlamentorum
759 2624 883 2682 asserta
901 2615 1110 2695 confirmare,
1131 2624 1229 2684 actun

118 2731 241 2800 eratde
253 2734 486 2819 Episcoporum
498 2735 584 2820 jure,
598 2734 755 2802 Officiules
770 2753 845 2800 suos
858 2732 900 2799 ud
913 2741 1032 2799 nutum
1046 2731 1226 2800 reuocandi.

118 2849 322 2916 Contrarium
336 2859 445 2919 tamen
459 2853 606 2936 contigit.
625 2852 770 2918 Meminit
784 2851 1008 2917 thomassinus
1023 2849 1141 2937 (citato
1154 2848 1226 2933 loco)

117 2970 194 3048 eps
213 2974 243 3032 ct
268 2971 402 3052 diploma
426 2976 542 3051 reptem
561 2973 706 3034 ludovici
731 2970 825 3047 XIH,
842 2970 950 3031 dotum
970 2969 1021 3030 die
1049 2969 1089 3032 13
1112 2970 1229 3032 octobris

120 3085 217 3164 1637,
227 3105 284 3166 quo
292 3089 448 3168 Episcopis
456 3090 591 3168 priscum
604 3088 758 3149 orirentur
766 3089 832 3166 jes,
845 3103 933 3147 wem
945 3087 1131 3148 instituendi
1140 3093 1170 3148 et
1182 3087 1229 3148 dc·

116 3203 262 3264 stitucudi
274 3202 441 3280 officietis:
454 3202 533 3266 item
542 3197 695 3289 judicium
710 3203 830 3269 coiicWi
837 3204 957 3282 privati
973 3198 1133 3285 (intellige
1142 3200 1230 3283 Regu

58 3398 59 3401 Ἴ
118 3312 238 3399 oute)
254 3337 311 3398 quo
320 3325 455 3400 potestas
464 3318 502 3396 pit
512 3319 748 3399 Arciiepisoopic
762 3326 792 3380 ct
808 3319 966 3398 Episcopic
981 3317 1149 3380 abdicandi
1163 3316 1229 3396 Offi-

117 3434 207 3494 ciclos
221 3452 345 3513 semem,
361 3436 448 3498 nullo
462 3438 524 3517 icpc
538 3438 646 3498 addito
659 3438 814 3516 Episcopis
825 3441 862 3497 ot
875 3431 1032 3516 picentum
1046 3436 1226 3515 refundunt:

116 3548 195 3612 item
209 3548 362 3633 quasdem
377 3554 455 3634 iopes
468 3560 499 3615 ct
506 3556 626 3635 judicio
643 3554 763 3618 consue·
775 3554 852 3632 repii
871 3559 901 3614 ct
909 3552 1110 3633 parlamenti,
1127 3554 1227 3632 quitto

115 3667 313 3746 confirmatur
324 3673 481 3733 destitutio
491 3670 675 3750 officialium
687 3670 725 3730 ab
738 3671 997 3750 Episcopis.focto,
1011 3673 1155 3748 quamvis
1165 3670 1228 3731 ‹iiu-

117 3790 231 3848 tissime
244 3804 277 3847 eo
290 3805 411 3853 morere
424 3789 578 3867 perfuncti
590 3791 805 3864 iniectaeque
821 3788 856 3846 ic
870 3785 1018 3864 reliquum
1030 3789 1105 3846 oitoe
1121 3790 1228 3864 tenipus

114 3904 220 3964 boeoti
241 3904 389 3982 fuissent:
409 3898 598 3967 iternaliud
621 3903 771 3964 decatum
789 3901 907 3962 consilii
924 3900 1046 3981 privati
1065 3903 1229 3980 septicenti

119 4019 201 4082 1637
204 4022 264 4096 ,ic
281 4037 372 4080 causo
389 4019 530 4099 Episcopi
549 4019 795 4080 Clarmuoetoci:
812 4035 845 4079 eo
860 4017 1086 4078 recedenter
1103 4018 1228 4081 Secuta

114 4137 290 4213 consultum,
309 4154 367 4218 quo
380 4135 594 4219 prohibebatur
605 4137 768 4216 Episcopus
781 4140 943 4215 personet
960 4132 1111 4213 officialis
1128 4150 1229 4196 m

114 4261 145 4317 ct
149 4253 393 4335 jurisdictionem
407 4270 542 4316 coercere
557 4270 653 4314 cmm.
673 4248 860 4317 officialium
878 4253 989 4314 autem
1007 4247 1127 4313 Gallie·
1144 4245 1228 4313 atui·

115 4368 329 4436 butionea2÷et
349 4366 506 4452 explendi
524 4367 624 4434 officii
651 4384 776 4445 norma,
797 4384 863 4434 nou
888 4370 957 4445 iun
981 4363 1057 4449 jure
1082 4361 1228 4431 ecclesu-
