<?xml version="1.0" encoding="UTF-8"?>
<!DOCTYPE html PUBLIC "-//W3C//DTD XHTML 1.0 Transitional//EN"
    "http://www.w3.org/TR/xhtml1/DTD/xhtml1-transitional.dtd">
<html xmlns="http://www.w3.org/1999/xhtml" xml:lang="en" lang="en">
 <head>
  <title>
</title>
<meta http-equiv="Content-Type" content="text/html;charset=utf-8" />
  <meta name='ocr-system' content='tesseract 3.04.00' />
  <meta name='ocr-capabilities' content='ocr_page ocr_carea ocr_par ocr_line ocrx_word'/>
</head>
<body>
  <div class='ocr_page' id='page_1' title='image "./tractatusdejudi00bouigoog_0393.png"; bbox 0 0 2714 4980; ppageno 0'>
   <div class='ocr_carea' id='block_1_1' title="bbox 122 304 988 367">
    <p class='ocr_par' dir='ltr' id='par_1_1' title="bbox 122 304 988 367">
     <span class='ocr_line' id='line_1_1' title="bbox 122 304 988 367; baseline -0.001 0"><span class='ocrx_word' id='word_1_1' title='bbox 122 304 188 367; x_wconf 79' lang='lat'>380</span> <span class='ocrx_word' id='word_1_2' title='bbox 453 319 640 367; x_wconf 73' lang='lat' dir='ltr'>miurinus</span> <span class='ocrx_word' id='word_1_3' title='bbox 663 318 707 366; x_wconf 85' lang='lat' dir='ltr'>uu</span> <span class='ocrx_word' id='word_1_4' title='bbox 731 318 878 367; x_wconf 79' lang='lat' dir='ltr'>matous.</span> <span class='ocrx_word' id='word_1_5' title='bbox 980 337 988 345; x_wconf 85' lang='lat'><em>·</em></span> 
     </span>
    </p>
   </div>
   <div class='ocr_carea' id='block_1_2' title="bbox 119 440 1229 637">
    <p class='ocr_par' dir='ltr' id='par_1_2' title="bbox 119 440 1229 637">
     <span class='ocr_line' id='line_1_2' title="bbox 120 440 1224 529; baseline -0.002 -19"><span class='ocrx_word' id='word_1_6' title='bbox 120 446 264 511; x_wconf 86' lang='lat' dir='ltr'>muneris</span> <span class='ocrx_word' id='word_1_7' title='bbox 277 444 561 522; x_wconf 83' lang='lat' dir='ltr'>suiamissionem,</span> <span class='ocrx_word' id='word_1_8' title='bbox 583 443 677 528; x_wconf 85' lang='lat' dir='ltr'>juxta</span> <span class='ocrx_word' id='word_1_9' title='bbox 700 451 843 509; x_wconf 85' lang='lat' dir='ltr'><strong>mentem</strong></span> <span class='ocrx_word' id='word_1_10' title='bbox 867 443 1021 527; x_wconf 88' lang='lat' dir='ltr'>Episcopi</span> <span class='ocrx_word' id='word_1_11' title='bbox 1033 443 1086 508; x_wconf 90' lang='lat' dir='ltr'>sui</span> <span class='ocrx_word' id='word_1_12' title='bbox 1098 440 1224 529; x_wconf 87' lang='lat' dir='ltr'>judicet.</span> 
     </span>
     <span class='ocr_line' id='line_1_3' title="bbox 119 550 1229 637; baseline 0.003 -21"><span class='ocrx_word' id='word_1_13' title='bbox 119 550 160 616; x_wconf 85' lang='lat' dir='ltr'>Et</span> <span class='ocrx_word' id='word_1_14' title='bbox 177 554 357 634; x_wconf 79' lang='lat' dir='ltr'>generatim</span> <span class='ocrx_word' id='word_1_15' title='bbox 379 551 510 637; x_wconf 87' lang='lat' dir='ltr'>quando</span> <span class='ocrx_word' id='word_1_16' title='bbox 534 553 713 636; x_wconf 80' lang='lat' dir='ltr'><strong>Episcopus</strong></span> <span class='ocrx_word' id='word_1_17' title='bbox 737 559 908 636; x_wconf 88' lang='lat' dir='ltr'>suspectus</span> <span class='ocrx_word' id='word_1_18' title='bbox 929 560 1000 630; x_wconf 86' lang='lat' dir='ltr'>est,</span> <span class='ocrx_word' id='word_1_19' title='bbox 1029 572 1145 618; x_wconf 90' lang='lat' dir='ltr'>omnes</span> <span class='ocrx_word' id='word_1_20' title='bbox 1169 552 1229 637; x_wconf 83' lang='lat' dir='ltr'>ejus</span> 
     </span>
    </p>
   </div>
   <div class='ocr_carea' id='block_1_3' title="bbox 118 664 1229 875">
    <p class='ocr_par' dir='ltr' id='par_1_3' title="bbox 118 664 1229 875">
     <span class='ocr_line' id='line_1_4' title="bbox 119 664 1229 750; baseline 0.003 -20"><span class='ocrx_word' id='word_1_21' title='bbox 119 664 269 732; x_wconf 83' lang='lat' dir='ltr'>officiales</span> <span class='ocrx_word' id='word_1_22' title='bbox 287 675 322 732; x_wconf 88' lang='lat' dir='ltr'>et</span> <span class='ocrx_word' id='word_1_23' title='bbox 336 667 509 733; x_wconf 78' lang='lat' dir='ltr'>familiares</span> <span class='ocrx_word' id='word_1_24' title='bbox 532 686 603 733; x_wconf 87' lang='lat' dir='ltr'>esse</span> <span class='ocrx_word' id='word_1_25' title='bbox 625 668 743 733; x_wconf 88' lang='lat' dir='ltr'>merito</span> <span class='ocrx_word' id='word_1_26' title='bbox 768 674 946 750; x_wconf 90' lang='lat' dir='ltr'>suspectos,</span> <span class='ocrx_word' id='word_1_27' title='bbox 975 670 1180 733; x_wconf 89' lang='lat' dir='ltr'>communius</span> <span class='ocrx_word' id='word_1_28' title='bbox 1189 677 1229 733; x_wconf 82' lang='lat' dir='ltr'>te</span> 
     </span>
     <span class='ocr_line' id='line_1_5' title="bbox 118 780 1227 875; baseline 0.004 -31"><span class='ocrx_word' id='word_1_29' title='bbox 118 787 199 847; x_wconf 89' lang='lat' dir='ltr'>nent</span> <span class='ocrx_word' id='word_1_30' title='bbox 219 780 382 847; x_wconf 90' lang='lat' dir='ltr'>doctores.</span> <span class='ocrx_word' id='word_1_31' title='bbox 399 783 503 848; x_wconf 89' lang='lat' dir='ltr'>Porro</span> <span class='ocrx_word' id='word_1_32' title='bbox 519 783 662 847; x_wconf 77' lang='lat' dir='ltr'>vicarius</span> <span class='ocrx_word' id='word_1_33' title='bbox 675 782 834 866; x_wconf 86' lang='lat' dir='ltr'>generalis</span> <span class='ocrx_word' id='word_1_34' title='bbox 847 789 899 847; x_wconf 89' lang='lat' dir='ltr'>est</span> <span class='ocrx_word' id='word_1_35' title='bbox 914 781 1058 847; x_wconf 87' lang='lat' dir='ltr'>officialis</span> <span class='ocrx_word' id='word_1_36' title='bbox 1076 783 1227 875; x_wconf 77' lang='lat' dir='ltr'>Episcopi,</span> 
     </span>
    </p>
   </div>
   <div class='ocr_carea' id='block_1_4' title="bbox 115 895 1232 4462">
    <p class='ocr_par' dir='ltr' id='par_1_4' title="bbox 120 895 1231 1097">
     <span class='ocr_line' id='line_1_6' title="bbox 120 895 1231 980; baseline 0.002 -20"><span class='ocrx_word' id='word_1_37' title='bbox 120 895 238 980; x_wconf 69' lang='lat' dir='ltr'>et‘ejus</span> <span class='ocrx_word' id='word_1_38' title='bbox 251 896 416 962; x_wconf 85' lang='lat' dir='ltr'>familiaris</span> <span class='ocrx_word' id='word_1_39' title='bbox 440 896 622 963; x_wconf 89' lang='lat' dir='ltr'>censendus</span> <span class='ocrx_word' id='word_1_40' title='bbox 642 905 702 964; x_wconf 85' lang='lat' dir='ltr'>est.</span> <span class='ocrx_word' id='word_1_41' title='bbox 725 897 878 963; x_wconf 79' lang='lat' dir='ltr'>Rationes</span> <span class='ocrx_word' id='word_1_42' title='bbox 901 899 936 962; x_wconf 89' lang='lat' dir='ltr'>in</span> <span class='ocrx_word' id='word_1_43' title='bbox 956 899 1159 964; x_wconf 89' lang='lat' dir='ltr'>contrarium</span> <span class='ocrx_word' id='word_1_44' title='bbox 1176 899 1231 962; x_wconf 86' lang='lat' dir='ltr'>vim</span> 
     </span>
     <span class='ocr_line' id='line_1_7' title="bbox 120 1011 966 1097; baseline 0.001 -20"><span class='ocrx_word' id='word_1_45' title='bbox 120 1030 185 1077; x_wconf 86' lang='lat' dir='ltr'>non</span> <span class='ocrx_word' id='word_1_46' title='bbox 199 1011 332 1090; x_wconf 88' lang='lat' dir='ltr'>habere,</span> <span class='ocrx_word' id='word_1_47' title='bbox 350 1013 426 1079; x_wconf 85' lang='lat' dir='ltr'>ride</span> <span class='ocrx_word' id='word_1_48' title='bbox 441 1011 530 1097; x_wconf 89' lang='lat' dir='ltr'>apud</span> <span class='ocrx_word' id='word_1_49' title='bbox 546 1014 752 1091; x_wconf 87' lang='lat' dir='ltr'>Leurenium,</span> <span class='ocrx_word' id='word_1_50' title='bbox 771 1014 870 1078; x_wconf 86' lang='lat' dir='ltr'>citato</span> <span class='ocrx_word' id='word_1_51' title='bbox 883 1013 966 1078; x_wconf 87' lang='lat' dir='ltr'>loco.</span> 
     </span>
    </p>

    <p class='ocr_par' dir='ltr' id='par_1_5' title="bbox 115 1127 1232 3299">
     <span class='ocr_line' id='line_1_8' title="bbox 165 1127 1231 1210; baseline -0.003 -17"><span class='ocrx_word' id='word_1_52' title='bbox 165 1127 316 1207; x_wconf 74' lang='lat' dir='ltr'>Qumsmo</span> <span class='ocrx_word' id='word_1_53' title='bbox 344 1130 407 1192; x_wconf 75' lang='lat'>14¹.</span> <span class='ocrx_word' id='word_1_54' title='bbox 430 1165 475 1177; x_wconf 86' lang='lat'>--</span> <span class='ocrx_word' id='word_1_55' title='bbox 492 1133 572 1192; x_wconf 84' lang='lat' dir='ltr'>Num</span> <span class='ocrx_word' id='word_1_56' title='bbox 594 1135 727 1191; x_wconf 83' lang='lat' dir='ltr'>recusari</span> <span class='ocrx_word' id='word_1_57' title='bbox 751 1134 849 1209; x_wconf 77' lang='lat' dir='ltr'>possit</span> <span class='ocrx_word' id='word_1_58' title='bbox 867 1131 1033 1210; x_wconf 75' lang='lat' dir='ltr'><strong><em>Episcopus</em></strong></span> <span class='ocrx_word' id='word_1_59' title='bbox 1051 1146 1093 1190; x_wconf 75' lang='lat' dir='ltr'>co·</span> <span class='ocrx_word' id='word_1_60' title='bbox 1113 1147 1148 1190; x_wconf 83' lang='lat' dir='ltr'>eo</span> <span class='ocrx_word' id='word_1_61' title='bbox 1164 1130 1231 1208; x_wconf 80' lang='lat' dir='ltr'>quad</span> 
     </span>
     <span class='ocr_line' id='line_1_9' title="bbox 119 1246 1231 1326; baseline -0.001 -19"><span class='ocrx_word' id='word_1_62' title='bbox 119 1246 202 1307; x_wconf 77' lang='lat' dir='ltr'>ausu</span> <span class='ocrx_word' id='word_1_63' title='bbox 219 1249 300 1306; x_wconf 84' lang='lat' dir='ltr'>ratio</span> <span class='ocrx_word' id='word_1_64' title='bbox 318 1247 453 1324; x_wconf 67' lang='lat' dir='ltr'>iccitimo</span> <span class='ocrx_word' id='word_1_65' title='bbox 473 1248 631 1308; x_wconf 71' lang='lat' dir='ltr'>recreandi</span> <span class='ocrx_word' id='word_1_66' title='bbox 648 1250 711 1326; x_wconf 85' lang='lat' dir='ltr'>ejus</span> <span class='ocrx_word' id='word_1_67' title='bbox 736 1250 888 1309; x_wconf 82' lang='lat' dir='ltr'>Vicurium</span> <span class='ocrx_word' id='word_1_68' title='bbox 910 1248 1078 1325; x_wconf 73' lang='lat' dir='ltr'>generalem</span> <span class='ocrx_word' id='word_1_69' title='bbox 1100 1252 1231 1326; x_wconf 76' lang='lat' dir='ltr'>tuaquom</span> 
     </span>
     <span class='ocr_line' id='line_1_10' title="bbox 120 1356 1229 1444; baseline -0.002 -23"><span class='ocrx_word' id='word_1_70' title='bbox 120 1365 297 1439; x_wconf 72' lang='lat' dir='ltr'>asspectum.</span> <span class='ocrx_word' id='word_1_71' title='bbox 312 1393 347 1406; x_wconf 89' lang='lat'>-</span> <span class='ocrx_word' id='word_1_72' title='bbox 366 1382 383 1419; x_wconf 77' lang='lat' dir='ltr'>a</span> <span class='ocrx_word' id='word_1_73' title='bbox 395 1356 587 1442; x_wconf 89' lang='lat' dir='ltr'>Respondeo</span> <span class='ocrx_word' id='word_1_74' title='bbox 603 1377 709 1444; x_wconf 87' lang='lat' dir='ltr'>neque</span> <span class='ocrx_word' id='word_1_75' title='bbox 722 1360 755 1423; x_wconf 92' lang='lat' dir='ltr'>in</span> <span class='ocrx_word' id='word_1_76' title='bbox 771 1359 832 1422; x_wconf 92' lang='lat' dir='ltr'>hoc</span> <span class='ocrx_word' id='word_1_77' title='bbox 849 1359 1024 1424; x_wconf 88' lang='lat' dir='ltr'>convenire</span> <span class='ocrx_word' id='word_1_78' title='bbox 1045 1367 1229 1426; x_wconf 80' lang='lat' dir='ltr'>auctores.»</span> 
     </span>
     <span class='ocr_line' id='line_1_11' title="bbox 122 1471 1232 1559; baseline 0 -21"><span class='ocrx_word' id='word_1_79' title='bbox 122 1472 323 1558; x_wconf 79' lang='lat' dir='ltr'>(Leurenius,</span> <span class='ocrx_word' id='word_1_80' title='bbox 340 1475 413 1540; x_wconf 89' lang='lat' dir='ltr'>loco</span> <span class='ocrx_word' id='word_1_81' title='bbox 430 1477 539 1552; x_wconf 87' lang='lat' dir='ltr'>citato,</span> <span class='ocrx_word' id='word_1_82' title='bbox 559 1493 591 1559; x_wconf 89' lang='lat' dir='ltr'>q.</span> <span class='ocrx_word' id='word_1_83' title='bbox 614 1471 684 1558; x_wconf 88' lang='grc'><strong>91.)</strong></span> <span class='ocrx_word' id='word_1_84' title='bbox 701 1473 779 1540; x_wconf 85' lang='lat' dir='ltr'>Mihi</span> <span class='ocrx_word' id='word_1_85' title='bbox 792 1493 872 1539; x_wconf 88' lang='lat' dir='ltr'>vero</span> <span class='ocrx_word' id='word_1_86' title='bbox 891 1471 1026 1539; x_wconf 84' lang='lat' dir='ltr'>videtur</span> <span class='ocrx_word' id='word_1_87' title='bbox 1045 1494 1088 1539; x_wconf 83' lang='lat' dir='ltr'>ex</span> <span class='ocrx_word' id='word_1_88' title='bbox 1104 1495 1145 1540; x_wconf 91' lang='lat' dir='ltr'>eo</span> <span class='ocrx_word' id='word_1_89' title='bbox 1160 1492 1232 1558; x_wconf 83' lang='lat' dir='ltr'>pra·</span> 
     </span>
     <span class='ocr_line' id='line_1_12' title="bbox 122 1589 1231 1674; baseline -0.001 -19"><span class='ocrx_word' id='word_1_90' title='bbox 122 1591 186 1656; x_wconf 92' lang='lat' dir='ltr'>cise</span> <span class='ocrx_word' id='word_1_91' title='bbox 207 1589 296 1674; x_wconf 90' lang='lat' dir='ltr'>quod</span> <span class='ocrx_word' id='word_1_92' title='bbox 314 1598 484 1673; x_wconf 86' lang='lat' dir='ltr'>suspectus</span> <span class='ocrx_word' id='word_1_93' title='bbox 504 1591 547 1655; x_wconf 93' lang='lat' dir='ltr'>sit</span> <span class='ocrx_word' id='word_1_94' title='bbox 569 1591 715 1655; x_wconf 82' lang='lat' dir='ltr'>Vicarius</span> <span class='ocrx_word' id='word_1_95' title='bbox 731 1591 900 1672; x_wconf 89' lang='lat' dir='ltr'>generalis,</span> <span class='ocrx_word' id='word_1_96' title='bbox 918 1607 979 1672; x_wconf 92' lang='lat' dir='ltr'>pro</span> <span class='ocrx_word' id='word_1_97' title='bbox 995 1598 1152 1674; x_wconf 89' lang='lat' dir='ltr'>suspecto</span> <span class='ocrx_word' id='word_1_98' title='bbox 1175 1610 1231 1655; x_wconf 89' lang='lat' dir='ltr'>non</span> 
     </span>
     <span class='ocr_line' id='line_1_13' title="bbox 121 1703 1228 1789; baseline 0 -19"><span class='ocrx_word' id='word_1_99' title='bbox 121 1723 191 1770; x_wconf 89' lang='lat' dir='ltr'>esse</span> <span class='ocrx_word' id='word_1_100' title='bbox 218 1703 404 1770; x_wconf 90' lang='lat' dir='ltr'>habendum</span> <span class='ocrx_word' id='word_1_101' title='bbox 433 1706 639 1789; x_wconf 84' lang='lat' dir='ltr'>Episcopum.</span> <span class='ocrx_word' id='word_1_102' title='bbox 674 1705 853 1788; x_wconf 81' lang='lat' dir='ltr'>Episcopus</span> <span class='ocrx_word' id='word_1_103' title='bbox 878 1706 964 1770; x_wconf 91' lang='lat' dir='ltr'>enim</span> <span class='ocrx_word' id='word_1_104' title='bbox 999 1723 1066 1769; x_wconf 89' lang='lat' dir='ltr'>non</span> <span class='ocrx_word' id='word_1_105' title='bbox 1097 1704 1228 1789; x_wconf 89' lang='lat' dir='ltr'>pendet,</span> 
     </span>
     <span class='ocr_line' id='line_1_14' title="bbox 119 1818 1231 1904; baseline 0.001 -21"><span class='ocrx_word' id='word_1_106' title='bbox 119 1818 228 1904; x_wconf 88' lang='lat' dir='ltr'>quoad</span> <span class='ocrx_word' id='word_1_107' title='bbox 255 1818 514 1887; x_wconf 84' lang='lat' dir='ltr'>conservandum</span> <span class='ocrx_word' id='word_1_108' title='bbox 541 1839 657 1885; x_wconf 85' lang='lat' dir='ltr'>munus</span> <span class='ocrx_word' id='word_1_109' title='bbox 683 1837 789 1897; x_wconf 90' lang='lat' dir='ltr'>suum,</span> <span class='ocrx_word' id='word_1_110' title='bbox 814 1821 978 1885; x_wconf 81' lang='lat' dir='ltr'>allicario</span> <span class='ocrx_word' id='word_1_111' title='bbox 1002 1838 1081 1903; x_wconf 91' lang='lat' dir='ltr'>suo;</span> <span class='ocrx_word' id='word_1_112' title='bbox 1112 1821 1194 1886; x_wconf 88' lang='lat' dir='ltr'>sicut</span> <span class='ocrx_word' id='word_1_113' title='bbox 1213 1839 1231 1884; x_wconf 25' lang='lat' dir='ltr'>,e</span> 
     </span>
     <span class='ocr_line' id='line_1_15' title="bbox 119 1934 1229 2020; baseline -0.003 -19"><span class='ocrx_word' id='word_1_114' title='bbox 119 1942 231 2001; x_wconf 87' lang='lat' dir='ltr'>contra</span> <span class='ocrx_word' id='word_1_115' title='bbox 254 1936 417 2001; x_wconf 82' lang='lat' dir='ltr'>vicarium</span> <span class='ocrx_word' id='word_1_116' title='bbox 434 1937 477 2003; x_wconf 91' lang='lat' dir='ltr'>ab</span> <span class='ocrx_word' id='word_1_117' title='bbox 500 1938 659 2020; x_wconf 90' lang='lat' dir='ltr'>Episcopo</span> <span class='ocrx_word' id='word_1_118' title='bbox 684 1934 849 2018; x_wconf 89' lang='lat' dir='ltr'>pendere,</span> <span class='ocrx_word' id='word_1_119' title='bbox 877 1955 977 2019; x_wconf 86' lang='lat' dir='ltr'>supra</span> <span class='ocrx_word' id='word_1_120' title='bbox 996 1934 1229 2002; x_wconf 83' lang='lat' dir='ltr'>adnotavimus.</span> 
     </span>
     <span class='ocr_line' id='line_1_16' title="bbox 117 2049 1231 2137; baseline 0 -19"><span class='ocrx_word' id='word_1_121' title='bbox 117 2050 267 2129; x_wconf 79' lang='lat' dir='ltr'>Aliunde,</span> <span class='ocrx_word' id='word_1_122' title='bbox 285 2070 381 2116; x_wconf 91' lang='lat' dir='ltr'>causa</span> <span class='ocrx_word' id='word_1_123' title='bbox 407 2070 478 2137; x_wconf 85' lang='lat' dir='ltr'>quae</span> <span class='ocrx_word' id='word_1_124' title='bbox 502 2053 664 2117; x_wconf 83' lang='lat' dir='ltr'>Vicarinm</span> <span class='ocrx_word' id='word_1_125' title='bbox 684 2049 795 2130; x_wconf 82' lang='lat' dir='ltr'>reddit</span> <span class='ocrx_word' id='word_1_126' title='bbox 820 2059 1019 2134; x_wconf 88' lang='lat' dir='ltr'>suspectum,</span> <span class='ocrx_word' id='word_1_127' title='bbox 1042 2058 1155 2135; x_wconf 89' lang='lat' dir='ltr'>potest</span> <span class='ocrx_word' id='word_1_128' title='bbox 1168 2069 1231 2117; x_wconf 84' lang='lat' dir='ltr'>esse</span> 
     </span>
     <span class='ocr_line' id='line_1_17' title="bbox 118 2166 1232 2251; baseline 0 -18"><span class='ocrx_word' id='word_1_129' title='bbox 118 2168 246 2234; x_wconf 91' lang='lat' dir='ltr'>omuino</span> <span class='ocrx_word' id='word_1_130' title='bbox 266 2168 308 2233; x_wconf 87' lang='lat' dir='ltr'>ab</span> <span class='ocrx_word' id='word_1_131' title='bbox 329 2168 490 2251; x_wconf 89' lang='lat' dir='ltr'>Episcopo</span> <span class='ocrx_word' id='word_1_132' title='bbox 510 2169 625 2233; x_wconf 88' lang='lat' dir='ltr'>aliena.</span> <span class='ocrx_word' id='word_1_133' title='bbox 643 2168 721 2248; x_wconf 85' lang='lat' dir='ltr'>Quis</span> <span class='ocrx_word' id='word_1_134' title='bbox 735 2184 799 2231; x_wconf 89' lang='lat' dir='ltr'>non</span> <span class='ocrx_word' id='word_1_135' title='bbox 817 2166 921 2244; x_wconf 86' lang='lat' dir='ltr'>videt,</span> <span class='ocrx_word' id='word_1_136' title='bbox 943 2167 1038 2233; x_wconf 84' lang='lat' dir='ltr'>verbi</span> <span class='ocrx_word' id='word_1_137' title='bbox 1053 2169 1169 2250; x_wconf 86' lang='lat' dir='ltr'>gratia,</span> <span class='ocrx_word' id='word_1_138' title='bbox 1187 2186 1232 2232; x_wconf 87' lang='lat' dir='ltr'>ra·</span> 
     </span>
     <span class='ocr_line' id='line_1_18' title="bbox 116 2280 1232 2368; baseline -0.001 -19"><span class='ocrx_word' id='word_1_139' title='bbox 116 2285 237 2349; x_wconf 91' lang='lat' dir='ltr'>tionem</span> <span class='ocrx_word' id='word_1_140' title='bbox 259 2283 432 2350; x_wconf 87' lang='lat' dir='ltr'>recusandi</span> <span class='ocrx_word' id='word_1_141' title='bbox 457 2285 619 2349; x_wconf 77' lang='lat' dir='ltr'>vicarium</span> <span class='ocrx_word' id='word_1_142' title='bbox 635 2292 672 2349; x_wconf 89' lang='lat' dir='ltr'>ut</span> <span class='ocrx_word' id='word_1_143' title='bbox 692 2290 890 2367; x_wconf 89' lang='lat' dir='ltr'>suspectum,</span> <span class='ocrx_word' id='word_1_144' title='bbox 910 2302 951 2347; x_wconf 82' lang='lat' dir='ltr'>ex</span> <span class='ocrx_word' id='word_1_145' title='bbox 970 2302 1011 2349; x_wconf 90' lang='lat' dir='ltr'>eo</span> <span class='ocrx_word' id='word_1_146' title='bbox 1024 2280 1119 2368; x_wconf 86' lang='lat' dir='ltr'>quod</span> <span class='ocrx_word' id='word_1_147' title='bbox 1131 2285 1171 2348; x_wconf 89' lang='lat' dir='ltr'>sit</span> <span class='ocrx_word' id='word_1_148' title='bbox 1184 2301 1232 2348; x_wconf 81' lang='lat' dir='ltr'>oo</span> 
     </span>
     <span class='ocr_line' id='line_1_19' title="bbox 117 2399 1231 2485; baseline 0.001 -20"><span class='ocrx_word' id='word_1_149' title='bbox 117 2408 233 2483; x_wconf 88' lang='lat' dir='ltr'>gnatus</span> <span class='ocrx_word' id='word_1_150' title='bbox 251 2401 309 2465; x_wconf 91' lang='lat' dir='ltr'>nni</span> <span class='ocrx_word' id='word_1_151' title='bbox 334 2421 374 2466; x_wconf 84' lang='lat' dir='ltr'>ex</span> <span class='ocrx_word' id='word_1_152' title='bbox 399 2401 617 2485; x_wconf 85' lang='lat' dir='ltr'>litigantibus,</span> <span class='ocrx_word' id='word_1_153' title='bbox 643 2400 775 2465; x_wconf 90' lang='lat' dir='ltr'>minime</span> <span class='ocrx_word' id='word_1_154' title='bbox 801 2399 930 2466; x_wconf 87' lang='lat' dir='ltr'>afficere</span> <span class='ocrx_word' id='word_1_155' title='bbox 957 2401 1155 2484; x_wconf 88' lang='lat' dir='ltr'>Episcopum</span> <span class='ocrx_word' id='word_1_156' title='bbox 1182 2400 1231 2485; x_wconf 87' lang='lat' dir='ltr'>qui</span> 
     </span>
     <span class='ocr_line' id='line_1_20' title="bbox 117 2516 1232 2600; baseline 0.002 -19"><span class='ocrx_word' id='word_1_157' title='bbox 117 2516 225 2582; x_wconf 93' lang='lat' dir='ltr'>eidem</span> <span class='ocrx_word' id='word_1_158' title='bbox 240 2516 379 2600; x_wconf 82' lang='lat' dir='ltr'>litiganti</span> <span class='ocrx_word' id='word_1_159' title='bbox 404 2519 589 2584; x_wconf 86' lang='lat' dir='ltr'>nullatenus</span> <span class='ocrx_word' id='word_1_160' title='bbox 603 2525 655 2583; x_wconf 89' lang='lat' dir='ltr'>est</span> <span class='ocrx_word' id='word_1_161' title='bbox 672 2518 850 2600; x_wconf 84' lang='lat' dir='ltr'>cognatus?</span> <span class='ocrx_word' id='word_1_162' title='bbox 884 2517 968 2600; x_wconf 89' lang='lat' dir='ltr'>Ergo</span> <span class='ocrx_word' id='word_1_163' title='bbox 988 2517 1052 2581; x_wconf 89' lang='lat' dir='ltr'>nisi</span> <span class='ocrx_word' id='word_1_164' title='bbox 1074 2536 1172 2582; x_wconf 87' lang='lat' dir='ltr'>causa</span> <span class='ocrx_word' id='word_1_165' title='bbox 1186 2536 1232 2582; x_wconf 91' lang='lat' dir='ltr'>su·</span> 
     </span>
     <span class='ocr_line' id='line_1_21' title="bbox 117 2632 1231 2718; baseline 0.001 -22"><span class='ocrx_word' id='word_1_166' title='bbox 117 2633 267 2716; x_wconf 91' lang='lat' dir='ltr'>spicionis</span> <span class='ocrx_word' id='word_1_167' title='bbox 304 2632 502 2700; x_wconf 84' lang='lat' dir='ltr'>extendatur</span> <span class='ocrx_word' id='word_1_168' title='bbox 529 2635 627 2700; x_wconf 90' lang='lat' dir='ltr'>etiam</span> <span class='ocrx_word' id='word_1_169' title='bbox 656 2633 699 2698; x_wconf 91' lang='lat' dir='ltr'>ad</span> <span class='ocrx_word' id='word_1_170' title='bbox 729 2634 936 2715; x_wconf 89' lang='lat' dir='ltr'>Episcopum,</span> <span class='ocrx_word' id='word_1_171' title='bbox 974 2648 1182 2718; x_wconf 83' lang='lat' dir='ltr'>nequaquam</span> <span class='ocrx_word' id='word_1_172' title='bbox 1209 2634 1231 2697; x_wconf 93' lang='lat' dir='ltr'>is</span> 
     </span>
     <span class='ocr_line' id='line_1_22' title="bbox 116 2747 1232 2832; baseline -0.001 -18"><span class='ocrx_word' id='word_1_173' title='bbox 116 2749 260 2814; x_wconf 83' lang='lat' dir='ltr'>recusari</span> <span class='ocrx_word' id='word_1_174' title='bbox 271 2750 392 2832; x_wconf 87' lang='lat' dir='ltr'>poterit</span> <span class='ocrx_word' id='word_1_175' title='bbox 409 2768 451 2812; x_wconf 79' lang='lat' dir='ltr'>ex</span> <span class='ocrx_word' id='word_1_176' title='bbox 464 2768 503 2813; x_wconf 89' lang='lat' dir='ltr'>eo</span> <span class='ocrx_word' id='word_1_177' title='bbox 515 2747 603 2832; x_wconf 90' lang='lat' dir='ltr'>quod</span> <span class='ocrx_word' id='word_1_178' title='bbox 615 2753 786 2831; x_wconf 89' lang='lat' dir='ltr'>suspectus</span> <span class='ocrx_word' id='word_1_179' title='bbox 800 2749 842 2813; x_wconf 90' lang='lat' dir='ltr'>sit</span> <span class='ocrx_word' id='word_1_180' title='bbox 855 2747 1012 2813; x_wconf 71' lang='lat' dir='ltr'>vicarius.</span> <span class='ocrx_word' id='word_1_181' title='bbox 1026 2748 1169 2829; x_wconf 83' lang='lat' dir='ltr'>Quando</span> <span class='ocrx_word' id='word_1_182' title='bbox 1182 2769 1232 2816; x_wconf 91' lang='lat' dir='ltr'>au·</span> 
     </span>
     <span class='ocr_line' id='line_1_23' title="bbox 115 2860 1228 2948; baseline 0.003 -19"><span class='ocrx_word' id='word_1_183' title='bbox 115 2872 183 2930; x_wconf 87' lang='lat' dir='ltr'>tem</span> <span class='ocrx_word' id='word_1_184' title='bbox 198 2884 294 2931; x_wconf 89' lang='lat' dir='ltr'>causa</span> <span class='ocrx_word' id='word_1_185' title='bbox 312 2865 499 2948; x_wconf 90' lang='lat' dir='ltr'>suspicionis</span> <span class='ocrx_word' id='word_1_186' title='bbox 514 2860 692 2931; x_wconf 85' lang='lat' dir='ltr'>communis</span> <span class='ocrx_word' id='word_1_187' title='bbox 702 2873 752 2931; x_wconf 89' lang='lat' dir='ltr'>est</span> <span class='ocrx_word' id='word_1_188' title='bbox 767 2867 926 2948; x_wconf 87' lang='lat' dir='ltr'>Episcopo</span> <span class='ocrx_word' id='word_1_189' title='bbox 939 2873 973 2930; x_wconf 89' lang='lat' dir='ltr'>et</span> <span class='ocrx_word' id='word_1_190' title='bbox 983 2864 1086 2946; x_wconf 91' lang='lat' dir='ltr'>ipsius</span> <span class='ocrx_word' id='word_1_191' title='bbox 1097 2866 1228 2934; x_wconf 81' lang='lat' dir='ltr'>vicario.</span> 
     </span>
     <span class='ocr_line' id='line_1_24' title="bbox 115 2981 1228 3066; baseline 0 -20"><span class='ocrx_word' id='word_1_192' title='bbox 115 2989 153 3046; x_wconf 89' lang='lat' dir='ltr'>ut</span> <span class='ocrx_word' id='word_1_193' title='bbox 168 2983 206 3060; x_wconf 89' lang='lat' dir='ltr'>si,</span> <span class='ocrx_word' id='word_1_194' title='bbox 226 2983 320 3049; x_wconf 81' lang='lat' dir='ltr'>verbi</span> <span class='ocrx_word' id='word_1_195' title='bbox 335 2983 448 3066; x_wconf 85' lang='lat' dir='ltr'>gratia,</span> <span class='ocrx_word' id='word_1_196' title='bbox 465 2989 606 3066; x_wconf 87' lang='lat' dir='ltr'>uterque</span> <span class='ocrx_word' id='word_1_197' title='bbox 622 2983 719 3047; x_wconf 86' lang='lat' dir='ltr'>alteri</span> <span class='ocrx_word' id='word_1_198' title='bbox 737 3002 775 3046; x_wconf 82' lang='lat' dir='ltr'>ex</span> <span class='ocrx_word' id='word_1_199' title='bbox 790 2981 992 3064; x_wconf 85' lang='lat' dir='ltr'>litigantibus</span> <span class='ocrx_word' id='word_1_200' title='bbox 1008 2990 1169 3065; x_wconf 88' lang='lat' dir='ltr'>cognatus</span> <span class='ocrx_word' id='word_1_201' title='bbox 1182 2984 1228 3058; x_wconf 88' lang='lat' dir='ltr'>sit,</span> 
     </span>
     <span class='ocr_line' id='line_1_25' title="bbox 116 3097 1231 3184; baseline -0.002 -20"><span class='ocrx_word' id='word_1_202' title='bbox 116 3101 258 3164; x_wconf 89' lang='lat' dir='ltr'>recusari</span> <span class='ocrx_word' id='word_1_203' title='bbox 280 3097 412 3184; x_wconf 88' lang='lat' dir='ltr'>quidem</span> <span class='ocrx_word' id='word_1_204' title='bbox 437 3099 559 3182; x_wconf 87' lang='lat' dir='ltr'>poterit</span> <span class='ocrx_word' id='word_1_205' title='bbox 577 3116 617 3164; x_wconf 86' lang='lat' dir='ltr'>ea</span> <span class='ocrx_word' id='word_1_206' title='bbox 635 3097 677 3163; x_wconf 93' lang='lat' dir='ltr'>de</span> <span class='ocrx_word' id='word_1_207' title='bbox 700 3116 797 3162; x_wconf 91' lang='lat' dir='ltr'>causa</span> <span class='ocrx_word' id='word_1_208' title='bbox 820 3099 1013 3181; x_wconf 81' lang='lat' dir='ltr'>Episcopus3</span> <span class='ocrx_word' id='word_1_209' title='bbox 1041 3117 1109 3163; x_wconf 88' lang='lat' dir='ltr'>non</span> <span class='ocrx_word' id='word_1_210' title='bbox 1130 3107 1231 3165; x_wconf 83' lang='lat' dir='ltr'>autam</span> 
     </span>
     <span class='ocr_line' id='line_1_26' title="bbox 116 3213 1189 3299; baseline 0 -20"><span class='ocrx_word' id='word_1_211' title='bbox 116 3215 248 3296; x_wconf 73' lang='lat' dir='ltr'>precise</span> <span class='ocrx_word' id='word_1_212' title='bbox 266 3223 301 3281; x_wconf 91' lang='lat' dir='ltr'>et</span> <span class='ocrx_word' id='word_1_213' title='bbox 316 3235 358 3281; x_wconf 86' lang='lat' dir='ltr'>ex</span> <span class='ocrx_word' id='word_1_214' title='bbox 368 3235 409 3280; x_wconf 91' lang='lat' dir='ltr'>eo</span> <span class='ocrx_word' id='word_1_215' title='bbox 423 3214 492 3281; x_wconf 90' lang='lat' dir='ltr'>solo</span> <span class='ocrx_word' id='word_1_216' title='bbox 506 3213 595 3299; x_wconf 88' lang='lat' dir='ltr'>quod</span> <span class='ocrx_word' id='word_1_217' title='bbox 606 3221 776 3298; x_wconf 84' lang='lat' dir='ltr'>suspectus</span> <span class='ocrx_word' id='word_1_218' title='bbox 789 3214 991 3278; x_wconf 85' lang='lat' dir='ltr'>aitVicarius</span> <span class='ocrx_word' id='word_1_219' title='bbox 1017 3215 1189 3298; x_wconf 86' lang='lat' dir='ltr'>generalis.</span> 
     </span>
    </p>

    <p class='ocr_par' dir='ltr' id='par_1_6' title="bbox 115 3333 1231 4462">
     <span class='ocr_line' id='line_1_27' title="bbox 122 3333 1231 3414; baseline -0.001 -17"><span class='ocrx_word' id='word_1_220' title='bbox 122 3368 137 3383; x_wconf 93' lang='lat'>-·</span> <span class='ocrx_word' id='word_1_221' title='bbox 159 3333 310 3413; x_wconf 67' lang='lat' dir='ltr'>Quassuo</span> <span class='ocrx_word' id='word_1_222' title='bbox 335 3335 400 3397; x_wconf 85' lang='lat'>15·.</span> <span class='ocrx_word' id='word_1_223' title='bbox 418 3367 464 3380; x_wconf 93' lang='lat'>-·-</span> <span class='ocrx_word' id='word_1_224' title='bbox 483 3335 609 3412; x_wconf 79' lang='lat' dir='ltr'>Quaado</span> <span class='ocrx_word' id='word_1_225' title='bbox 627 3336 791 3414; x_wconf 82' lang='lat' dir='ltr'>Episcopus</span> <span class='ocrx_word' id='word_1_226' title='bbox 804 3334 910 3412; x_wconf 83' lang='lat' dir='ltr'>plures</span> <span class='ocrx_word' id='word_1_227' title='bbox 927 3338 1087 3396; x_wconf 80' lang='lat' dir='ltr'>coustituit</span> <span class='ocrx_word' id='word_1_228' title='bbox 1103 3336 1231 3396; x_wconf 73' lang='lat' dir='ltr'>vicarios</span> 
     </span>
     <span class='ocr_line' id='line_1_28' title="bbox 115 3448 1231 3532; baseline -0.002 -20"><span class='ocrx_word' id='word_1_229' title='bbox 115 3451 278 3532; x_wconf 71' lang='lat' dir='ltr'>generales,</span> <span class='ocrx_word' id='word_1_230' title='bbox 296 3468 336 3512; x_wconf 82' lang='lat' dir='ltr'>ou</span> <span class='ocrx_word' id='word_1_231' title='bbox 347 3454 544 3530; x_wconf 82' lang='lat' dir='ltr'>unusquisque</span> <span class='ocrx_word' id='word_1_232' title='bbox 553 3449 660 3511; x_wconf 82' lang='lat' dir='ltr'>lubeat</span> <span class='ocrx_word' id='word_1_233' title='bbox 667 3448 910 3530; x_wconf 70' lang='lat' dir='ltr'>Jurisdicttoaem</span> <span class='ocrx_word' id='word_1_234' title='bbox 925 3452 958 3510; x_wconf 82' lang='lat' dir='ltr'>ic</span> <span class='ocrx_word' id='word_1_235' title='bbox 973 3449 1117 3522; x_wconf 79' lang='lat' dir='ltr'>solidum,</span> <span class='ocrx_word' id='word_1_236' title='bbox 1133 3456 1163 3511; x_wconf 80' lang='lat' dir='ltr'>ct</span> <span class='ocrx_word' id='word_1_237' title='bbox 1172 3460 1231 3530; x_wconf 72' lang='lat' dir='ltr'>poc</span> 
     </span>
     <span class='ocr_line' id='line_1_29' title="bbox 115 3561 1228 3648; baseline 0 -19"><span class='ocrx_word' id='word_1_238' title='bbox 115 3572 158 3629; x_wconf 77' lang='lat' dir='ltr'>cit</span> <span class='ocrx_word' id='word_1_239' title='bbox 172 3570 237 3628; x_wconf 73' lang='lat' dir='ltr'>sim</span> <span class='ocrx_word' id='word_1_240' title='bbox 254 3568 327 3628; x_wconf 80' lang='lat' dir='ltr'>otiis</span> <span class='ocrx_word' id='word_1_241' title='bbox 346 3584 412 3626; x_wconf 84' lang='lat' dir='ltr'>cam</span> <span class='ocrx_word' id='word_1_242' title='bbox 430 3567 590 3627; x_wconf 74' lang='lat' dir='ltr'>exercere?</span> <span class='ocrx_word' id='word_1_243' title='bbox 611 3598 657 3609; x_wconf 90' lang='lat'><em>-</em></span> <span class='ocrx_word' id='word_1_244' title='bbox 679 3562 802 3628; x_wconf 87' lang='lat' dir='ltr'>Probat</span> <span class='ocrx_word' id='word_1_245' title='bbox 822 3561 1001 3626; x_wconf 91' lang='lat' dir='ltr'>Leurenius</span> <span class='ocrx_word' id='word_1_246' title='bbox 1021 3562 1106 3648; x_wconf 88' lang='lat' dir='ltr'>(loco</span> <span class='ocrx_word' id='word_1_247' title='bbox 1124 3564 1228 3638; x_wconf 88' lang='lat' dir='ltr'>citato,</span> 
     </span>
     <span class='ocr_line' id='line_1_30' title="bbox 116 3677 1231 3768; baseline -0.005 -19"><span class='ocrx_word' id='word_1_248' title='bbox 116 3700 148 3768; x_wconf 88' lang='lat' dir='ltr'>q.</span> <span class='ocrx_word' id='word_1_249' title='bbox 168 3680 223 3766; x_wconf 87' lang='grc'>93)</span> <span class='ocrx_word' id='word_1_250' title='bbox 245 3680 386 3747; x_wconf 74' lang='lat' dir='ltr'>vicarios</span> <span class='ocrx_word' id='word_1_251' title='bbox 406 3681 586 3764; x_wconf 84' lang='lat' dir='ltr'>generales,</span> <span class='ocrx_word' id='word_1_252' title='bbox 608 3679 738 3765; x_wconf 87' lang='lat' dir='ltr'>quando</span> <span class='ocrx_word' id='word_1_253' title='bbox 759 3679 871 3762; x_wconf 91' lang='lat' dir='ltr'>plures</span> <span class='ocrx_word' id='word_1_254' title='bbox 888 3677 1146 3758; x_wconf 87' lang='lat' dir='ltr'>constituuntur,</span> <span class='ocrx_word' id='word_1_255' title='bbox 1166 3698 1231 3744; x_wconf 82' lang='lat' dir='ltr'>cen</span> 
     </span>
     <span class='ocr_line' id='line_1_31' title="bbox 115 3792 1229 3880; baseline -0.004 -16"><span class='ocrx_word' id='word_1_256' title='bbox 115 3799 181 3865; x_wconf 89' lang='lat' dir='ltr'>scri</span> <span class='ocrx_word' id='word_1_257' title='bbox 192 3799 384 3864; x_wconf 88' lang='lat' dir='ltr'>constitutos</span> <span class='ocrx_word' id='word_1_258' title='bbox 396 3799 430 3862; x_wconf 93' lang='lat' dir='ltr'>in</span> <span class='ocrx_word' id='word_1_259' title='bbox 443 3793 603 3880; x_wconf 82' lang='lat' dir='ltr'>solidum3</span> <span class='ocrx_word' id='word_1_260' title='bbox 630 3814 669 3860; x_wconf 91' lang='lat' dir='ltr'>ac</span> <span class='ocrx_word' id='word_1_261' title='bbox 688 3813 784 3878; x_wconf 89' lang='lat' dir='ltr'>posse</span> <span class='ocrx_word' id='word_1_262' title='bbox 812 3792 948 3879; x_wconf 86' lang='lat' dir='ltr'>proinde</span> <span class='ocrx_word' id='word_1_263' title='bbox 967 3812 1229 3880; x_wconf 83' lang='lat' dir='ltr'>unumquemque</span> 
     </span>
     <span class='ocr_line' id='line_1_32' title="bbox 115 3909 1228 4000; baseline -0.004 -20"><span class='ocrx_word' id='word_1_264' title='bbox 115 3915 237 4000; x_wconf 85' lang='lat' dir='ltr'>absque</span> <span class='ocrx_word' id='word_1_265' title='bbox 256 3915 326 3980; x_wconf 85' lang='lat' dir='ltr'>aliis</span> <span class='ocrx_word' id='word_1_266' title='bbox 350 3931 462 3980; x_wconf 88' lang='lat' dir='ltr'>causas</span> <span class='ocrx_word' id='word_1_267' title='bbox 486 3930 703 3995; x_wconf 81' lang='lat' dir='ltr'>cognoscere3</span> <span class='ocrx_word' id='word_1_268' title='bbox 725 3919 759 3976; x_wconf 90' lang='lat' dir='ltr'>et</span> <span class='ocrx_word' id='word_1_269' title='bbox 778 3909 850 3976; x_wconf 90' lang='lat' dir='ltr'>dari</span> <span class='ocrx_word' id='word_1_270' title='bbox 874 3911 1228 3993; x_wconf 89' lang='lat' dir='ltr'>consequenterlocum</span> 
     </span>
     <span class='ocr_line' id='line_1_33' title="bbox 115 4027 1226 4115; baseline -0.005 -19"><span class='ocrx_word' id='word_1_271' title='bbox 115 4031 344 4115; x_wconf 73' lang='lat' dir='ltr'>praeventioni;</span> <span class='ocrx_word' id='word_1_272' title='bbox 370 4031 416 4096; x_wconf 89' lang='lat' dir='ltr'>ita</span> <span class='ocrx_word' id='word_1_273' title='bbox 438 4030 573 4105; x_wconf 88' lang='lat' dir='ltr'>scilicet,</span> <span class='ocrx_word' id='word_1_274' title='bbox 592 4035 630 4093; x_wconf 91' lang='lat' dir='ltr'>ut</span> <span class='ocrx_word' id='word_1_275' title='bbox 650 4028 676 4092; x_wconf 92' lang='lat' dir='ltr'>si</span> <span class='ocrx_word' id='word_1_276' title='bbox 693 4045 778 4093; x_wconf 91' lang='lat' dir='ltr'>unus</span> <span class='ocrx_word' id='word_1_277' title='bbox 794 4044 922 4092; x_wconf 92' lang='lat' dir='ltr'>causam</span> <span class='ocrx_word' id='word_1_278' title='bbox 942 4027 1226 4110; x_wconf 77' lang='lat' dir='ltr'>praeoccupaverit,</span> 
     </span>
     <span class='ocr_line' id='line_1_34' title="bbox 116 4143 1228 4232; baseline -0.007 -19"><span class='ocrx_word' id='word_1_279' title='bbox 116 4155 280 4232; x_wconf 84' lang='lat' dir='ltr'>nequeant</span> <span class='ocrx_word' id='word_1_280' title='bbox 302 4147 355 4213; x_wconf 89' lang='lat' dir='ltr'>alii</span> <span class='ocrx_word' id='word_1_281' title='bbox 368 4148 402 4213; x_wconf 92' lang='lat' dir='ltr'>iu</span> <span class='ocrx_word' id='word_1_282' title='bbox 415 4165 453 4211; x_wconf 91' lang='lat' dir='ltr'>ea</span> <span class='ocrx_word' id='word_1_283' title='bbox 467 4164 538 4211; x_wconf 90' lang='lat' dir='ltr'>sese</span> <span class='ocrx_word' id='word_1_284' title='bbox 558 4145 788 4210; x_wconf 86' lang='lat' dir='ltr'>intromittere.</span> <span class='ocrx_word' id='word_1_285' title='bbox 815 4143 853 4207; x_wconf 90' lang='lat' dir='ltr'>Iu</span> <span class='ocrx_word' id='word_1_286' title='bbox 875 4143 969 4225; x_wconf 84' lang='lat' dir='ltr'>praxi</span> <span class='ocrx_word' id='word_1_287' title='bbox 992 4148 1105 4207; x_wconf 86' lang='lat' dir='ltr'>antem</span> <span class='ocrx_word' id='word_1_288' title='bbox 1131 4143 1228 4208; x_wconf 88' lang='lat' dir='ltr'>solent</span> 
     </span>
     <span class='ocr_line' id='line_1_35' title="bbox 116 4256 1227 4348; baseline -0.005 -18"><span class='ocrx_word' id='word_1_289' title='bbox 116 4263 266 4346; x_wconf 85' lang='lat' dir='ltr'>Episcopi</span> <span class='ocrx_word' id='word_1_290' title='bbox 287 4262 417 4348; x_wconf 85' lang='lat' dir='ltr'>jubere,</span> <span class='ocrx_word' id='word_1_291' title='bbox 437 4268 477 4327; x_wconf 89' lang='lat' dir='ltr'>ut</span> <span class='ocrx_word' id='word_1_292' title='bbox 499 4279 583 4326; x_wconf 89' lang='lat' dir='ltr'>unus</span> <span class='ocrx_word' id='word_1_293' title='bbox 602 4280 700 4326; x_wconf 90' lang='lat' dir='ltr'>unam</span> <span class='ocrx_word' id='word_1_294' title='bbox 716 4260 890 4327; x_wconf 88' lang='lat' dir='ltr'>dumtaxat</span> <span class='ocrx_word' id='word_1_295' title='bbox 904 4256 1139 4342; x_wconf 82' lang='lat' dir='ltr'>jurisdictionis</span> <span class='ocrx_word' id='word_1_296' title='bbox 1161 4274 1227 4341; x_wconf 84' lang='lat' dir='ltr'>spe·</span> 
     </span>
     <span class='ocr_line' id='line_1_36' title="bbox 116 4375 1223 4462; baseline 0.001 -16"><span class='ocrx_word' id='word_1_297' title='bbox 116 4380 208 4455; x_wconf 71' lang='lat' dir='ltr'>clena</span> <span class='ocrx_word' id='word_1_298' title='bbox 227 4378 321 4444; x_wconf 84' lang='lat' dir='ltr'>verbi</span> <span class='ocrx_word' id='word_1_299' title='bbox 333 4378 679 4462; x_wconf 81' lang='lat' dir='ltr'>gratia„voluntariam</span> <span class='ocrx_word' id='word_1_300' title='bbox 701 4381 865 4452; x_wconf 84' lang='lat' dir='ltr'>exerceat,</span> <span class='ocrx_word' id='word_1_301' title='bbox 885 4375 968 4442; x_wconf 84' lang='lat' dir='ltr'>clius</span> <span class='ocrx_word' id='word_1_302' title='bbox 983 4392 1066 4443; x_wconf 79' lang='lat' dir='ltr'>varo</span> <span class='ocrx_word' id='word_1_303' title='bbox 1085 4377 1223 4447; x_wconf 77' lang='lat' dir='ltr'>alteram</span> 
     </span>
    </p>
   </div>
   <div class='ocr_carea' id='block_1_5' title="bbox 0 0 1362 4980">
    <p class='ocr_par' dir='ltr' id='par_1_7' title="bbox 0 0 1362 4980">
     <span class='ocr_line' id='line_1_37' title="bbox 0 0 1362 4980; baseline 0 1"><span class='ocrx_word' id='word_1_304' title='bbox 0 0 1362 4980; x_wconf 95' lang='lat' dir='ltr'> </span> 
     </span>
    </p>
   </div>
  </div>
 </body>
</html>
