2714 4980
118 304 183 369 326
470 323 658 373 rnncrnrus
678 326 723 372 nu
744 323 893 372 runicus.

162 447 205 511 II.
222 467 239 508 c
257 445 416 518 Indicium
436 454 487 511 est
506 447 648 523 notabile
665 449 793 532 signnm
805 446 941 532 alicujus
955 445 1070 531 delicti
1088 448 1141 519 vel
1154 447 1213 531 pite

122 582 139 622 «
157 563 224 627 rius
238 563 288 627 rei
301 560 343 627 de
358 581 421 646 qua
435 561 615 641 dubitatur,
627 565 670 630 ad
683 565 855 630 veritatem
868 562 1126 648 cognoscendam
1136 563 1214 649 inser.

63 719 66 724 -
122 680 290 747 «siens»
321 679 632 766 (Schmslzgrueber,
656 682 727 747 loco
750 679 874 765 citato.)
896 680 1064 747 Dividitur
1082 679 1215 765 indicium

122 800 155 861 1⁰
168 796 202 858 in
217 799 424 877 semi-plenem
446 814 504 860 seu
519 794 754 876 dubitativum,
777 804 810 861 et
822 800 946 878 plenum
963 815 1024 871 seu
1042 794 1216 879 indubitatis

19 966 22 972 .
119 931 217 976 uum:
234 912 324 992 prius
340 917 390 975 est
404 909 493 994 quod
502 910 544 976 od
557 910 805 994 producendum
819 913 1006 995 opinionem
1017 910 1215 995 prohabilem,

119 1026 281 1110 posterius
291 1025 334 1097 ad
342 1024 629 1100 determinandum
637 1026 770 1110 plenum
781 1045 946 1105 assensum
954 1035 1072 1110 aptum
1082 1033 1142 1108 pst.
1153 1027 1219 1110 2⁰11}

115 1149 290 1225 proximum
309 1150 343 1208 ct
362 1151 517 1208 remotum.
546 1147 581 1208 3⁰
598 1145 637 1215 In
657 1147 730 1224 leve,
751 1165 854 1225 prave,
882 1151 917 1213 θῖ
942 1149 1157 1225 pravissime
1173 1161 1219 1224 sou

119 1262 333 1328 indubitatum.
351 1258 509 1324 Indicium
520 1259 593 1332 lere
605 1260 744 1343 aliquam
755 1260 968 1342 suspicionem
979 1258 1084 1342 gignit
1098 1280 1106 1322 ε
1121 1276 1218 1341 graue,

119 1375 289 1458 plusquam
299 1376 524 1458 suspicionem,
537 1395 602 1440 non
616 1383 726 1443 tamen
732 1374 963 1453 certitudinem
977 1374 1217 1465 :gratissimum

121 1491 275 1559 moralem
298 1490 541 1559 certitudinem.
570 1492 619 1556 llx
642 1509 705 1576 qua
727 1492 859 1567 notione
885 1498 976 1574 patet
994 1489 1149 1572 indicium
1167 1507 1226 1572 nun.

121 1626 192 1672 esse
215 1609 385 1690 ipsammet
411 1607 706 1691 presumptionem,
727 1603 787 1684 secl
807 1603 1060 1687 fundpmentum
1081 1623 1145 1690 qup
1165 1604 1220 1689 hpc

121 1723 181 1787 niti
196 1723 290 1787 solet.

95 1837 97 1841 ’
163 1841 223 1905 ΙΠ.
249 1869 263 1894 «
287 1840 387 1908 Fictio
411 1839 494 1924 iuris
523 1846 573 1904 est
599 1837 790 1915 indubitate
814 1836 965 1913 salsitatis
992 1838 1168 1922 assumptio
1188 1855 1219 1900 ex

125 1983 139 2011 «
153 1954 241 2041 justa
254 1975 359 2033 causa,
375 1954 418 2021 od
431 1954 653 2025 inducendum
664 1955 804 2038 aliquem
818 1951 972 2032 effectum
985 1951 1080 2037 juris,
1093 1950 1220 2036 equitii
1250 2019 1253 2027 ,

126 2072 296 2137 «naturali
315 2090 380 2137 uon
397 2054 647 2155 repugnantem.
668 2099 682 2126 ν
708 2067 1026 2156 (Schmnlzgrneber,
1044 2068 1080 2133 in
1100 2068 1152 2135 tit.
1168 2070 1218 2150 23,

119 2188 196 2253 libri
219 2191 239 2253 2
266 2186 408 2265 decret,
433 2208 466 2257 u.
492 2185 539 2271 3.)
568 2188 618 2252 Sic
635 2186 689 2271 jus
705 2185 799 2270 fingit
817 2204 887 2250 csse
914 2190 1028 2264 natum
1051 2185 1110 2270 qui
1129 2183 1220 2265 adlrm

120 2305 229 2370 existit
253 2307 285 2369 in
310 2313 425 2383 utero,
450 2303 580 2388 quondo
610 2303 716 2388 agitur
743 2301 785 2367 de
808 2302 894 2373 illius
916 2299 1087 2367 commodo
1115 2299 1220 2383 :fingit

120 2427 250 2504 patrem
272 2428 305 2484 et
326 2419 428 2486 filium
448 2439 517 2485 esse
537 2438 634 2485 unam
650 2437 832 2503 personam,
848 2436 924 2496 cum
937 2418 1003 2495 sint
1015 2416 1091 2482 due
1111 2439 1119 2482 ε
1140 2435 1221 2491 ceno·

120 2538 229 2602 nicum
253 2537 308 2620 qui
336 2537 369 2600 in
389 2535 504 2602 studiis
527 2544 587 2613 est,
613 2553 683 2601 esse
704 2542 909 2619 presentem,
930 2553 1007 2598 cum
1029 2535 1073 2611 sit
1093 2535 1217 2611 absens:

120 2654 306 2737 religiosum
332 2651 440 2737 quoad
459 2659 655 2736 potestatem
685 2649 863 2726 exercendi
885 2657 994 2725 certos
1011 2658 1105 2719 actus
1126 2650 1220 2723 civiles

121 2787 191 2834 csse
220 2776 399 2843 mortuum,
428 2787 503 2833 cum
531 2768 728 2846 teretium,
752 2775 816 2831 etc.
844 2767 892 2842 Ex
914 2785 979 2850 qua
1003 2768 1136 2843 notione
1158 2766 1219 2842 sutis

119 2891 212 2970 patet
228 2885 360 2950 differre
376 2886 659 2968 presumptionem
672 2903 691 2948 a
707 2882 837 2948 fictione
849 2880 941 2966 juris
1082 2885 1084 2889 ‘

164 3004 219 3067 IV.
235 3003 396 3084 Distingui
406 3002 490 3067 solet
500 3002 707 3083 presumptio
715 3000 1044 3082 inpresumptionem
1052 3003 1184 3080 leminis,
1192 3008 1217 3066 et

120 3120 403 3201 presumptionem
411 3123 507 3199 juris.
525 3116 621 3181 Prior
635 3123 684 3181 est
697 3115 883 3200 conjectura
896 3116 987 3182 nullo
994 3115 1071 3200 jure
1083 3135 1216 3202 expressa

107 3243 177 3300 *aut
191 3232 328 3310 firmata,
346 3234 404 3300 sed
416 3253 512 3318 quam
527 3234 666 3317 concipit
683 3233 789 3311 homo,
809 3252 847 3298 ex
863 3233 943 3298 facti
957 3234 1116 3318 qualitate
1127 3241 1159 3300 et
1170 3233 1215 3298 cir·

117 3351 316 3415 cumstantiis
335 3349 458 3434 aliquid
468 3332 668 3435 conjiciendo
683 3357 718 3414 et
733 3346 925 3414 assumendo
941 3368 1002 3432 pro
1013 3369 1108 3429 vero,
1128 3349 1213 3416 donec

119 3465 208 3532 aliud
223 3465 467 3532 demonstretur
491 3486 528 3530 sc
553 3465 726 3533 doceatur.
756 3466 933 3543 Posterior,
949 3484 1022 3551 que
1041 3466 1165 3551 legibus
1179 3471 1212 3531 est

119 3603 290 3668 expressa3
311 3583 422 3660 idest,
444 3581 573 3668 quando
597 3583 771 3667 suppositis
786 3583 884 3648 certis
902 3583 1161 3663 circumstantiis,
1175 3584 1211 3649 let

118 3700 172 3764 vel
191 3716 294 3763 ennon
309 3695 431 3782 aliquid
445 3696 587 3781 conjicit.

161 3813 376 3896 Praesumptio
391 3814 472 3897 juris
487 3814 607 3878 iterum
622 3811 790 3890 dividitur,
807 3813 841 3876 in
856 3815 1141 3897 presumptionem
1147 3817 1211 3899 juris

117 3938 245 4010 tautum,
274 3936 308 3995 et
337 3929 371 3993 in
405 3929 689 4012 presumptionem
711 3935 795 4012 juris
819 3937 848 3999 ot
871 3932 1005 4012 dejure.
1029 3933 1125 4007 Prior
1141 3931 1212 4003 adst

116 4040 246 4126 quando
262 4043 315 4107 lex
331 4040 453 4126 aliquid
467 4043 632 4123 presumit
643 4048 677 4106 et
689 4061 748 4125 pro
767 4060 847 4108 vero
864 4041 975 4121 hebet,
997 4042 1107 4123 donec
1118 4047 1211 4125 incon·

114 4159 251 4222 trarium
270 4158 419 4240 probatio
438 4158 493 4223 rel
506 4157 625 4224 fortior
638 4159 848 4242 presumptio
869 4157 1038 4231 afferatur.
1055 4159 1209 4240 Posterior,
1255 4174 1257 4217 ι

114 4272 244 4356 quando
265 4274 320 4338 lex
338 4273 384 4339 ita
406 4272 527 4358 aliquid
545 4274 712 4362 presumit
732 4281 767 4342 et
787 4292 848 4357 pro
862 4292 942 4350 uero
966 4275 1040 4353 vult
1060 4274 1211 4354 hebemtl

115 4390 310 4471 regulariter
331 4390 556 4473 probationem
571 4392 603 4454 in
623 4392 821 4456 contrarium
844 4411 908 4455 non
931 4388 1095 4470 admittet.
1115 4393 1156 4471 ,Ut
1169 4406 1210 4469 pt·
