2714 4980
132 286 193 350 304
474 303 660 351 moninus
684 304 728 350 ns
749 301 897 349 sonions.

125 450 142 486 «
154 424 257 510 judex
271 426 363 490 litem
383 424 481 492 faciet
504 447 604 505 sunm,
629 435 663 494 et
682 428 717 491 in
736 425 772 490 id
789 424 879 511 quod
899 425 1073 508 litigatoris
1092 427 1225 507 interest,

125 541 465 607 «condemnabitur...
492 542 588 623 Quod
604 545 630 608 si
646 550 784 627 uterque
812 542 923 628 (Actor
941 546 975 607 et
999 541 1121 626 Reus),
1147 543 1229 626 plene

129 659 356 744 «probaverit,
370 660 396 722 is
406 660 516 724 vincet
528 662 583 744 qui
597 679 656 743 pro
666 679 701 725 se
713 659 814 725 habet
826 662 1114 743 praesumptionem
1127 661 1230 748 (capite

129 797 193 838 «ex
203 781 328 840 Litteris
340 779 371 854 3,
390 779 427 839 de
441 774 681 860 Probatioatbcs)
699 793 705 837 :
722 776 870 860 Alioquin
883 776 917 839 in
930 779 1002 859 pari
1016 797 1115 842 causa
1128 784 1161 843 et
1172 797 1231 861 pro

129 892 323 956 «batianum
342 892 531 977 aequilibrio‚
563 893 649 957 Reus
670 892 850 957 absolvitur
878 891 995 978 (capite
1009 914 1050 956 eo
1064 897 1188 957 Litteris
1204 899 1228 972 3,

128 1030 144 1068 a
157 1011 194 1071 dc
204 1011 448 1087 Probatimtibus·
463 1046 507 1056 —-
522 1009 628 1091 eapite
643 1012 728 1072 Inter
742 1010 866 1071 delictas
883 1011 915 1086 6,
933 1011 970 1071 de
983 1012 1059 1072 Fide
1070 1016 1232 1075 instruam

127 1145 142 1182 «
157 1132 269 1204 torum·
280 1124 408 1207 —lege
424 1128 574 1188 Arrianus
587 1125 619 1202 4,
634 1123 667 1189 ff.
685 1127 722 1187 de
740 1129 776 1189 0.
796 1131 825 1187 ei
835 1122 905 1210 A.);
922 1143 997 1190 nam
1009 1123 1107 1210 hujus
1122 1127 1155 1190 in
1168 1125 1228 1212 jure

126 1238 271 1304 «melior
287 1246 337 1304 est
348 1238 500 1303 conditio.

169 1379 184 1415 n
208 1358 245 1419 20
268 1354 364 1436 Quod
379 1362 468 1420 actor
482 1355 538 1438 qui
550 1355 646 1438 plene
661 1355 814 1437 probavit
829 1356 1044 1421 intentionem
1056 1375 1158 1435 suam,
1176 1376 1227 1423 non

125 1494 140 1530 ι(
153 1479 306 1536 teneatur
319 1469 505 1554 juramento
521 1490 593 1535 eam
608 1469 812 1550 confirmare,
838 1470 897 1536 sed
918 1472 1066 1538 oblatum
1090 1491 1109 1537 a
1131 1471 1226 1557 judice

123 1610 139 1647 «
153 1582 304 1652 recusare
316 1587 432 1670 possit,
448 1591 485 1650 ut
499 1589 654 1652 statuitur
664 1589 769 1671 capite
779 1593 863 1654 Sicut
872 1592 1053 1654 consecuto
1065 1593 1098 1671 2,
1117 1593 1155 1654 de
1168 1595 1228 1655 Pro

124 1706 331 1767 «dationibus.
358 1705 399 1768 Et
421 1704 504 1769 ratio
528 1706 686 1789 estquis,
713 1724 788 1770 eum
808 1705 1030 1790 juramentum
1052 1708 1093 1772 sit
1116 1708 1227 1790 species

123 1844 139 1880 α
154 1819 302 1904 quaedam
325 1820 537 1903 probationis,
558 1819 733 1887 adhibetur
749 1829 877 1888 tantum
899 1822 1029 1908 quando
1050 1841 1228 1890 causamn

124 1935 233 2002 «dum
252 1942 302 2000 est
317 1936 454 2018 probata
472 1935 679 2002 sufficienter.

168 2077 183 2114 c
209 2057 243 2118 30
259 2051 356 2133 Quod
369 2053 395 2116 is
411 2057 523 2116 contra
534 2071 632 2136 quem
647 2053 743 2136 plene
758 2054 932 2137 probatum
944 2063 1005 2134 est,
1022 2075 1089 2121 non
1104 2055 1230 2138 amplius

126 2192 142 2229 «
156 2168 338 2234 admittitur
357 2167 399 2231 ad
418 2168 642 2251 purgationem
668 2171 863 2234 eanonicam.
883 2170 976 2235 Ratio
996 2180 1048 2237 est
1066 2172 1142 2256 quia
1164 2189 1230 2254 pur·

124 2310 140 2347 «
155 2287 242 2368 gotio
264 2287 417 2350 canonica
439 2290 568 2348 tantum
603 2285 796 2351 conceditur
820 2294 971 2370 suspecto
994 2295 1028 2352 et
1048 2308 1115 2354 non
1137 2289 1231 2353 eonn-

125 2410 223 2466 neto.
251 2426 267 2462 »
295 2400 611 2488 (schmalzgrueben
640 2403 673 2464 in
694 2403 746 2466 tit.
771 2407 822 2481 19,
849 2403 925 2468 libri
950 2407 969 2469 2
998 2403 1227 2483 decretalium,

121 2539 155 2582 n.
184 2517 251 2602 tl.)

163 2637 314 2716 Qumsmo
338 2638 381 2699 5¹.
406 2671 451 2682 -
474 2639 617 2713 Quonam
641 2641 703 2697 siat
731 2640 891 2716 praecipue
917 2642 1027 2717 species
1054 2640 1229 2719 semi-plena

112 2754 323 2832 probationis?
336 2787 382 2798 --
397 2751 459 2814 Sex
485 2750 667 2832 prasertim
697 2758 958 2816 enumerantur:
979 2775 995 2812 (ι
1021 2755 1054 2815 10
1078 2750 1229 2837 depositio

119 2893 135 2930 a
150 2869 244 2933 unius
266 2868 376 2951 testis;
401 2867 455 2931 vel
481 2867 623 2949 plurium
645 2866 872 2951 singularium;
894 2876 950 2932 aut
976 2867 1121 2935 duorum
1144 2871 1231 2935 etiam

120 2979 429 3056 «concordantium,
454 2977 597 3044 sednon
616 2979 839 3061 legitimorum
858 2999 918 3044 seu
940 2981 1027 3045 omni
1045 2983 1230 3066 exceptione

119 3121 136 3159 (ι
148 3097 322 3181 majorum3
348 3099 382 3160 20
404 3097 655 3160 instrumentum
674 3114 733 3159 seu
747 3098 909 3178 scriptura
928 3097 1074 3182 privata;
1101 3102 1137 3164 3⁰
1153 3117 1233 3164 com·

120 3237 137 3275 «
151 3215 275 3297 paratio
293 3213 476 3277 litterarum
488 3209 617 3295 quando
630 3209 671 3274 de
685 3212 805 3294 scripto
819 3210 1007 3297 dubitatum
1022 3215 1059 3278 4⁰
1072 3212 1233 3298 juramen·

120 3354 136 3392 c
149 3339 220 3395 tum
235 3327 323 3414 quod
337 3331 554 3410 suppletorium
575 3334 803 3412 nuncupatum
830 3332 863 3392 5⁰
887 3330 1098 3414 presumptio
1128 3331 1234 3396 verisi-

119 3471 135 3509 c
149 3447 232 3512 milis
245 3447 313 3511 sive
330 3445 527 3529 probabilis;
548 3447 583 3509 60
598 3444 694 3510 fama.
715 3475 729 3500 »
750 3443 1063 3530 (Schmalzgrueber,
1077 3447 1151 3513 loeo
1165 3449 1229 3526 eit,

117 3583 151 3628 n.
172 3561 238 3647 14.)

158 3681 310 3760 Qumsmo
333 3680 378 3742 6⁸.
404 3711 449 3722 -
472 3681 603 3757 Quinam
628 3683 691 3740 sint
712 3680 891 3759 semiplene
907 3680 1101 3760 probationis
1117 3685 1234 3762 effectae

111 3798 279 3879 precipui?
300 3831 346 3843 -
371 3816 386 3854 κ
415 3794 447 3856 10
463 3794 528 3858 Dat
542 3793 650 3857 locum
661 3790 848 3876 juramento
863 3793 1087 3878 suppletori03
1107 3797 1143 3859 20
1161 3794 1235 3860 libe·

117 3920 198 3977 «rat
214 3909 386 3996 aliquando
405 3908 446 3973 ab
465 3908 613 3974 ulteriori
627 3927 727 3974 onere
741 3908 911 3993 probandi,
926 3917 961 3975 et
972 3909 1057 3976 illud
1068 3912 1103 3974 in
1124 3910 1233 3977 adver·

118 4031 270 4095 «sarium
294 4026 416 4111 rejicit3
449 4030 483 4091 30
508 4025 680 4110 conjuncta
708 4027 803 4093 alteri
830 4026 1026 4110 semi-plene
1053 4028 1234 4112 probationi

117 4146 277 4211 «conficit
290 4145 417 4228 plenam
432 4142 667 4225 probationem.
690 4167 706 4203 a
728 4141 1040 4230 (schmalzgrueber,
1057 4144 1093 4210 in
1104 4145 1156 4212 tit.
1182 4147 1229 4222 19,

99 4242 170 4327 ol.
190 4260 414 4337 ldecret.,‘n.
432 4259 499 4343 15.)

159 4381 238 4443 Nota
255 4380 283 4441 1.
298 4413 343 4429 --
356 4399 373 4438 <r
387 4375 540 4441 Probatio
552 4382 652 4441 minas
673 4395 761 4457 quam
781 4379 957 4459 semipleno
976 4375 1056 4442 facit
1076 4381 1235 4444 adminaba-
