2714 4980
201 279 263 345 lot
546 295 734 347 reserares
755 297 800 345 nu
821 293 970 345 sumnus.

196 419 349 491 Ecclesiae
365 437 484 505 nempe
497 419 561 488 fuit
575 441 595 488 a
610 421 737 489 Christo
754 421 922 491 commissa
936 438 1017 486 curn
1035 437 1147 488 onmes
1166 418 1313 487 homiues

197 535 371 607 erudiendi
394 536 437 603 de
457 546 549 607 recta
566 538 709 610 tenendo
724 538 791 606 fide
806 546 841 607 et
856 536 1020 623 sequenda
1037 554 1165 603 morum
1183 536 1309 621 regula.

240 655 322 725 Hinc
333 655 366 720 in
379 653 540 725 uadenti
551 655 700 724 doctrirra
711 673 814 736 sacra
828 673 929 740 penes
941 653 1194 722 ecclesiasticam
1206 660 1313 738 potes·

194 777 298 840 tatem
318 773 448 839 ommno
467 779 502 841 et
522 773 687 840 exclusive
704 772 867 840 censendo
889 779 939 839 est
963 773 1192 856 magistrorum
1208 769 1311 854 depu-

195 887 287 965 tatio,
302 887 463 955 libmrum
478 887 738 957 adhibendorum
753 888 888 968 electio,
912 896 947 955 et
961 895 1031 955 tata
1055 886 1198 973 denique
1217 885 1311 955 disci·

195 1003 356 1086 pliuorum
371 1002 532 1090 ejusmodi
553 1004 712 1071 ordinatio
725 1012 824 1090 atque
835 1004 1039 1088 gubernatio.

241 1119 462 1189 confirmatur
477 1121 652 1200 conclusio,
675 1141 717 1189 ex
734 1121 877 1207 eoquod
892 1121 946 1208 jus
959 1119 1043 1186 iilud
1062 1128 1217 1206 tanquam
1235 1138 1309 1204 pro-

195 1237 303 1321 prium
333 1237 394 1303 sibi
416 1237 559 1305 Ecclesia
584 1247 747 1323 perpetuo
778 1237 1005 1315 vindicaverit,
1023 1242 1122 1322 prout
1145 1242 1309 1303 testantur

195 1353 433 1438 quamplurima
444 1353 534 1421 Sedis
541 1356 731 1439 Apostolicae
747 1365 820 1422 aeta
831 1376 870 1440 ;e
886 1354 1046 1440 quibrusiu
1058 1352 1204 1419 medium
1215 1353 1310 1420 dum-

194 1475 284 1543 taxat
300 1469 473 1537 offeremus
486 1471 587 1541 breve
602 1482 724 1556 aratum
740 1476 855 1539 nobisa
871 1472 1038 1538 Clemente
1053 1473 1127 1538 XIV
1140 1470 1183 1538 ad
1192 1472 1309 1539 sionis

192 1587 281 1653 laum
296 1588 436 1655 Polouiae
454 1608 566 1673 regem
585 1589 758 1669 directum,
786 1592 825 1656 18
850 1587 1034 1653 decembris
1049 1589 1125 1653 anui
1140 1590 1239 1655 1773.
1260 1588 1308 1656 lbi

193 1722 312 1789 nempe
330 1704 438 1772 dictus
455 1707 608 1775 Pontifex
630 1708 804 1792 prefatum
821 1706 972 1774 licclesiae
990 1703 1044 1790 jus
1060 1706 1105 1771 sio
1121 1703 1308 1773 declarabat

195 1827 230 1888 et
244 1820 443 1890 defendebat
461 1846 468 1891 :
484 1827 569 1890 iliud
585 1829 641 1890 tibi
652 1832 844 1910 potissimum
853 1826 1106 1910 annuendum,
1123 1830 1158 1889 ut
1175 1843 1243 1905 qua
1262 1827 1310 1904 fae

193 1942 319 2005 euitatus
332 1944 374 2006 ud
386 1944 541 2024 reiiaianis
559 1946 700 2025 docmata
712 1964 748 2008 uc
757 1947 948 2027 disciplinam
962 1946 1146 2024 reseruntur,
1163 1961 1253 2006 saera
1264 1947 1309 2007 ui·

193 2060 302 2121 rnirurn
314 2057 461 2138 ticoloqiu
480 2064 510 2121 et
529 2064 701 2123 canonicum
720 2064 786 2143 jus,
805 2061 943 2125 treuna
956 2063 1133 2122 auctoritati
1146 2059 1305 2123 substate

192 2176 310 2239 Praeter
324 2176 484 2254 [caecitates
499 2176 555 2241 aas
569 2179 776 2256 dunstatus
793 2181 896 2255 etiarn,
912 2195 963 2238 seu
973 2180 1107 2257 priuatis
1117 2195 1168 2238 seu
1181 2177 1310 2256 publicis

192 2293 226 2352 in
240 2290 360 2371 sciolis,
380 2295 482 2358 studia
493 2295 622 2378 subjecta
640 2313 702 2357 esse
713 2296 926 2377 Episcoporurn
936 2313 1014 2356 curce
1028 2295 1145 2373 debent,
1159 2298 1199 2356 iis
1214 2298 1311 2358 eruni-v

193 2407 246 2468 bus
261 2411 294 2469 in
308 2409 405 2487 rebus,
423 2429 489 2489 quae
501 2412 543 2473 ad
553 2413 727 2492 reiiqicncrn
741 2430 891 2492 moresque
898 2415 1053 2493 pertinent
1063 2433 1079 2490 ‚·
1093 2429 1185 2492 aeque
1196 2416 1309 2494 monis·

194 2530 242 2591 iro
254 2528 393 2604 aniqtuni
407 2526 532 2591 timendi
545 2533 679 2608 potestas
698 2527 778 2607 fieri,
800 2532 873 2608 quin
891 2532 979 2608 prius
1001 2527 1076 2605 fidei
1093 2529 1309 2609 professionem

192 2646 227 2705 in
243 2660 350 2707 mansu
375 2645 533 2708 &dinarii
552 2648 601 2707 sui
621 2649 764 2724 emiserit,
786 2664 851 2726 ᾳιιιιι
872 2648 1032 2726 quotannis
1048 2649 1108 2708 erit
1122 2648 1303 2726 rennuenda,

191 2764 227 2821 ut
252 2762 332 2821 sueri
357 2777 493 2838 eunoun,
522 2778 558 2822 uc
575 2766 643 2842 ipsu
659 2767 751 2825 etium
772 2766 937 2844 qennutirn
963 2768 1080 2842 receptu
1103 2767 1183 2825 inter
1204 2764 1307 2828 autba-

192 2875 264 2941 iicon
280 2880 459 2943 connotatio
475 2881 675 2960 prescribant.
692 2878 845 2966 (Epistoioe
868 2886 898 2942 et
919 2881 1021 2942 breuia
1045 2882 1205 2944 Clementis
1221 2884 1295 2947 XIV
1295 2926 1305 2958 ‚

191 2989 232 3056 ab
250 2992 427 3077 Augustino
438 2994 577 3063 Theiner
591 2995 692 3075 edita,
708 3015 782 3081 pag.
798 2997 874 3074 275,
896 2995 977 3063 edit.
998 2996 1127 3061 Parisiis
1148 2995 1261 3082 1852.)

235 3110 436 3179 Puorourro
460 3113 533 3178 111³.
552 3149 599 3163 -
616 3117 698 3195 Erqo
715 3119 818 3196 iuquit
844 3116 996 3178 seoubris
1015 3121 1149 3195 potestas
1164 3116 1307 3198 indeposi-

191 3227 296 3293 aare
310 3229 348 3291 ab
366 3229 510 3309 Ecclesia,
527 3231 688 3310 facultates
712 3250 825 3310 sueres,
847 3237 901 3294 aut
918 3236 1129 3294 universitates
1152 3235 1307 3312 inquibus

190 3347 351 3426 [unitates
374 3366 467 3411 sacre
490 3348 788 3429 commedenduntur,
816 3354 973 3413 instituere
992 3355 1048 3411 aut
1069 3368 1179 3431 necere.
1193 3384 1242 3399 -
1255 3350 1309 3417 Sa-

191 3464 303 3546 quitur
325 3482 367 3530 ex
390 3462 592 3547 precedenti
604 3465 823 3548 propositione
851 3486 858 3532 :
882 3465 910 3531 si
930 3465 1016 3531 enim
1031 3462 1202 3531 tradendae
1228 3464 1309 3532 doo·

189 3581 283 3648 triue
297 3600 397 3647 morse
409 3581 493 3649 ratio
505 3589 574 3648 toto
586 3583 750 3649 exclusive
761 3584 802 3650 ab
815 3583 1033 3650 ecelesiastica
1045 3583 1188 3669 pendeat
1202 3593 1310 3668 potes-

189 3703 269 3775 tate,
290 3697 439 3782 nequibit
453 3698 615 3764 saeoulmb
632 3698 784 3783 princeps
803 3697 929 3764 scholas
941 3698 1114 3764 instituere
1129 3705 1164 3765 et
1175 3718 1306 3784 regere,

188 3813 361 3900 inquibus
383 3833 473 3880 sacro
494 3813 644 3881 doctriua
663 3813 815 3881 tradatur
840 3835 847 3881 :
872 3833 971 3898 porro
994 3815 1171 3882 facultates
1188 3835 1308 3899 sacrae,

188 3950 317 3999 necnon
339 3930 576 4001 universitates
599 3931 718 4019 (posito
738 3931 828 4018 quod
855 3951 941 3999 verae
971 3932 1201 3999 universitates
1224 3934 1307 4015 sint,

187 4066 226 4115 ao
239 4049 335 4132 proin
348 4047 520 4114 facultates
543 4050 641 4115 etiem
659 4068 767 4115 sacras
786 4045 1071 4134 complectantur),
1089 4057 1166 4115 sunt
1187 4049 1309 4120 scholae

188 4164 223 4234 lu
238 4164 356 4255 quibus
368 4162 516 4233 doctrina
534 4184 625 4233 sacra
638 4164 792 4233 traditur.

231 4281 432 4351 Paoeosrrro
445 4283 514 4349 ΙΨ.
530 4318 576 4333 -
589 4284 772 4349 curacura
790 4288 824 4349 in
838 4288 957 4366 naonis
974 4290 1004 4349 et
1013 4288 1122 4367 unus
1135 4289 1309 4351 numne

188 4402 407 4471 initiationes
418 4403 622 4469 mesurae
632 4405 947 4487 abuterenturve·
961 4404 1111 4486 tabuere
1121 4408 1238 4485 antuus
1246 4409 1304 4485 est,
