2716 4988
620 604 679 673 ΠΙ.

133 833 257 905 Remissa
265 835 405 903 punitatis
414 840 443 888 ut
453 835 598 903 anteportis
605 833 826 901 tanpucmindcc
834 833 1017 887 ecclesiastcam
1025 831 1141 896 danuam
1147 829 1187 883 osi

560 929 736 995 widelopari.

157 1169 180 1233 1.
201 1165 314 1233 Solent
326 1165 498 1233 canonistae
510 1172 665 1253 tanquam
678 1172 803 1235 certam
813 1163 1013 1248 preminere
1025 1163 1108 1229 hanc
1117 1179 1216 1247 gene·

96 1281 201 1349 rnen
221 1281 382 1368 regulam,
403 1285 538 1366 deiepari
556 1301 655 1346 ornnes
669 1301 758 1365 posse
772 1286 824 1363 qni
836 1301 897 1345 non
907 1281 1116 1363 prohihentur.
1137 1278 1217 1360 Qum

89 1395 232 1483 quidem
242 1397 358 1483 regula
369 1416 450 1467 vera
461 1404 522 1476 est,
540 1396 601 1465 sed
612 1395 895 1464 determinandum
905 1395 1070 1480 relinquit,
1086 1392 1218 1480 qtrincm

86 1508 155 1577 illi
164 1514 223 1578 sint
234 1531 327 1597 quos,
343 1511 418 1598 jura
431 1512 607 1597 prohibent
622 1511 779 1596 delegari.

152 1631 178 1694 2.
201 1629 356 1713 Deleguri
369 1635 540 1715 nequeunt
554 1627 749 1706 surdimuti‚
766 1634 929 1712 perpetuo
942 1632 1101 1702 amentes,
1115 1623 1220 1689 mian·

79 1749 166 1823 tes
176 1752 209 1811 et
220 1744 412 1830 impuberes
423 1744 479 1835 qui
491 1742 689 1813 discretione
702 1750 828 1811 carent.
842 1744 975 1810 Constat
989 1761 1028 1808 er
1040 1740 1116 1828 jure
1126 1746 1222 1809 natu·
1252 1813 1256 1819 ,

80 1859 174 1938 rai,
188 1866 227 1927 ut
240 1865 346 1946 patet.

153 1979 180 2042 3.
204 1977 349 2045 Iniames
374 1983 409 2043 et
431 1976 714 2055 excommunicati,
734 1984 773 2043 ut
793 1981 921 2041 constet
940 1993 981 2039 ex
999 1972 1144 2058 positivis
1164 1972 1224 2039 lio·

75 2088 204 2159 elme
216 2090 356 2176 legibus,
374 2110 454 2179 quas
469 2090 544 2159 vide
560 2094 675 2159 citatas
691 2112 710 2158 a
728 2088 1017 2175 Schmalzgrueber
1033 2089 1078 2176 (in
1091 2088 1144 2155 tit.
1164 2089 1221 2168 29,

69 2197 180 2274 lion
194 2211 207 2274 1
226 2206 456 2289 decretalium,
478 2228 513 2275 n.
531 2206 597 2294 12).
691 2268 694 2274 .

154 2324 181 2390 1.
204 2324 296 2393 Serri
322 2331 359 2391 et
371 2324 531 2409 foemiuae;
557 2324 633 2410 quie
651 2325 697 2389 ite
712 2342 773 2391 usu
794 2323 940 2408 generali
959 2329 1148 2406 receptum3
1167 2319 1225 2406 qut

74 2443 182 2505 usus
196 2438 263 2505 vim
280 2436 473 2521 universalis
484 2436 566 2520 legis
583 2436 720 2502 obtinet.

155 2555 180 2616 5.
204 2550 321 2636 Quoad
343 2557 474 2618 entem
499 2551 689 2637 requisitam
714 2549 767 2635 jus
792 2550 991 2617 sufficienter
1016 2549 1149 2633 exponit
1173 2567 1224 2615 se·

64 2671 204 2744 quens
219 2667 395 2737 decretus
410 2667 559 2751 Gregorii
573 2668 617 2733 IX
631 2689 639 2732 ε
657 2671 732 2733 Cura
746 2673 919 2751 vipesimurn
934 2687 1048 2737 onnam
1055 2671 1219 2750 perepcris,

58 2774 174 2850 decri
189 2789 320 2869 pamisti
336 2789 371 2848 in
394 2789 484 2849 (etate
506 2784 676 2866 hujusmodi
701 2785 865 2866 dclepnttcs.
890 2786 1037 2848 Coetercrn
1061 2787 1224 2846 nominoio

55 2890 184 2966 shira
196 2909 316 2967 nicene
328 2903 462 2965 eamdam
474 2900 546 2986 (nisi
561 2908 667 2982 portes
684 2906 809 2965 scienter
823 2905 1023 2963 consentirent
1037 2905 1071 2963 in
1088 2918 1155 2961 enm
1172 2903 1225 2978 psci

53 3019 212 3083 Qvantae
226 3019 267 3087 18
286 3013 526 3100 transcendisset)
543 3018 626 3097 facta
639 3018 787 3098 deiepctio
804 3019 842 3080 ab
856 3019 918 3079 clio
935 3035 1025 3097 quarn
1042 3035 1063 3077 c
1081 3018 1224 3096 Principe

52 3133 282 3199 ”asimaei
296 3131 414 3219 (capite
432 3134 507 3197 Corn
520 3136 697 3215 cipesirnnrn
708 3131 767 3210 41,
784 3131 872 3197 tituli
883 3132 936 3209 29,
960 3129 1036 3197 libri
1050 3132 1062 3193 1
1078 3127 1225 3195 decreta·

52 3226 203 3334 lium).
226 3246 327 3334 Cujus
344 3245 519 3313 decretalis
536 3264 660 3313 summa
673 3246 708 3309 in
727 3245 824 3311 titulo
840 3245 900 3329 ipsi
915 3245 1048 3329 praetixo
1067 3245 1224 3337 concinne

55 3355 155 3427 Sic
164 3362 361 3431 describitur
382 3383 390 3428 ε
418 3367 515 3446 major
533 3364 576 3428 20
591 3367 681 3426 annis
694 3368 796 3444 potest
818 3365 1123 3444 opnocccmpnedori
1144 3363 1227 3426 aete«

60 3486 202 3546 vatus.
220 3483 308 3549 taen
325 3485 358 3545 in
380 3483 490 3563 mojori
509 3481 562 3556 18,
587 3481 746 3545 dnmmodo
770 3483 952 3542 interveniat
973 3498 1130 3545 corcsensns
1147 3498 1225 3561 pnr-

70 3591 190 3662 ticn.
216 3600 318 3665 itiner
335 3615 405 3661 cero
426 3597 477 3673 ts,
494 3614 554 3658 non
563 3601 664 3677 potest
677 3597 748 3659 dari
762 3600 856 3657 nisio
873 3598 1025 3676 Principe.

156 3712 183 3777 i.
197 3711 225 3779 A
241 3712 331 3799 Papa
345 3708 491 3795 delegari
502 3715 611 3794 potest
630 3709 727 3774 eiiam
742 3706 862 3793 laicus3
885 3710 931 3774 ita
951 3708 1148 3775 unanimiter
1165 3705 1224 3775 do-

87 3829 225 3907 crues,
243 3827 286 3894 ob
296 3823 533 3912 plenitudinem
550 3844 669 3909 nempe
686 3823 858 3908 pontificia
874 3825 1053 3908 potestatis,

164 3941 270 4009 livero
290 3941 332 4008 ab
351 3940 421 4006 aliis
438 3940 618 4008 Ordinariis
632 3939 780 4023 delegari
794 3940 908 4025 nequit
927 3940 990 4007 nisi
1006 3940 1154 4007 clericus.
1173 3940 1224 4007 Ita

113 4060 285 4133 cannonis
295 4066 330 4125 et
342 4058 472 4129 omnino
484 4065 574 4125 certa
588 4055 761 4122 doctorum
773 4056 945 4123 sententia.
960 4060 1152 4122 Decernirnns
1168 4056 1225 4144 (ait

120 4167 270 4257 Euenus
282 4176 372 4261 Papa
388 4174 424 4239 in
442 4172 568 4261 synodo
582 4172 658 4239 anni
673 4169 784 4258 1148),
809 4179 844 4236 nt
857 4175 929 4236 inici
943 4175 1141 4239 ecclesiastica
1162 4181 1226 4239 trc-

135 4289 200 4348 ctare
207 4295 317 4371 repotia
326 4310 387 4355 non
393 4295 591 4373 presentant.
604 4291 664 4354 Seri
675 4291 826 4371 Episcopi,
838 4289 976 4368 iocans,
991 4290 1222 4372 Arciiepiscopi‚

145 4402 403 4475 nocimentorum
412 4409 542 4473 Prolati
551 4409 589 4470 de
599 4409 727 4491 repotiis
739 4405 944 4467 ecciesiasticis
957 4402 1101 4488 (manime
1113 4408 1151 4471 de
1161 4409 1227 4471 iilis
