2714 4980
132 287 193 352 rui
476 304 663 353 rnncrsrns
685 307 730 352 nn
751 306 899 354 runicus.

124 436 211 512 prins
223 449 328 495 censes
344 432 560 496 administrare
571 453 631 499 non
641 441 778 517 possunt.
800 431 889 520 (Cap.
910 436 940 511 l,
957 433 1046 502 tituli
1059 437 1114 516 37,
1131 434 1205 504 libri

129 545 368 632 decretalium.)

169 663 258 728 Duas
278 663 348 728 illas
370 663 552 730 decretales
580 664 818 749 praemittimus,
845 665 922 750 quia
944 665 993 752 (ut
1016 666 1116 734 modo
1138 674 1252 743 ostem

123 777 249 865 demus)
266 799 307 845 ex
325 780 387 847 illis
409 779 695 849 determinandum
712 781 777 867 jus,
800 789 835 847 et
855 788 923 848 tota
937 782 1093 850 solvenda
1112 791 1248 870 quaestio

123 902 184 959 est.

165 1012 319 1092 Quaenam
341 1018 451 1077 autem
467 1030 528 1095 per
543 1012 633 1078 varia
658 1020 807 1096 tempora
829 1012 969 1096 viguerit
983 1011 1025 1079 de
1038 1032 1078 1079 ea
1092 1033 1129 1080 re
1144 1012 1230 1082 disci-

120 1129 217 1210 plina,
235 1127 502 1212 exsequentibus
522 1128 726 1194 documentis
739 1129 907 1213 introspici
920 1135 1040 1214 potest.
1127 1148 1131 1157 ·

163 1231 360 1310 Percelebre
376 1246 534 1328 imprimis
548 1244 673 1310 dictum
689 1247 793 1311 sancti
809 1247 911 1324 Pauli,
929 1268 1013 1310 nemo
1027 1251 1225 1313 mititcmDeo

117 1364 253 1443 implicat
267 1382 298 1425 se
313 1368 440 1442 repotiis
455 1364 658 1426 saecularibus.
677 1360 773 1443 Quod
789 1363 948 1427 monitum
963 1362 1054 1446 apud
1072 1365 1177 1430 Patres
1189 1371 1223 1430 et

118 1479 256 1544 Concilia
281 1484 442 1562 perpetuo
465 1480 617 1556 recurrit,
646 1477 725 1543 dum
754 1478 889 1544 clericos
913 1498 932 1544 a
959 1481 1168 1564 negotiatione
1187 1487 1220 1546 et

40 1571 41 1574 ¹
118 1594 222 1659 causis
237 1592 421 1659 forensibus
438 1598 589 1658 avertere
606 1591 767 1658 nituntur.

159 1708 336 1775 Concilium
364 1707 614 1792 carthaginense
635 1712 654 1774 3
679 1729 686 1774 ε
711 1711 834 1774 Ptecnit
846 1716 882 1773 nt
900 1712 1044 1793 Episcopi
1066 1719 1095 1776 et
1110 1711 1214 1794 preitp-

114 1832 172 1889 teri
185 1832 214 1888 et
227 1829 346 1889 diaconi
360 1826 409 1887 aet
417 1827 519 1887 clerici
529 1844 589 1888 non
604 1830 666 1887 sint
684 1828 885 1905 conductores,
906 1845 998 1908 nepne
1006 1833 1208 1908 procuratores,

112 1963 204 2024 neque
217 1945 280 2005 nito
293 1948 375 2023 turpi
393 1944 441 2004 vel
463 1943 616 2005 inhonesto
642 1948 758 2022 nepotio
791 1948 902 2005 victum
921 1951 1070 2024 preerant.
1093 1948 1162 2025 Qnta
1174 1959 1209 2003 re·

111 2065 223 2142 spicere
236 2061 342 2122 debent
359 2063 504 2139 scriptum
518 2078 578 2121 esse
592 2078 603 2120 :
617 2077 702 2122 nemo
714 2060 851 2122 militans
868 2062 942 2140 Deo,
959 2061 1133 2140 implicetse
1142 2074 1207 2139 nepe-

115 2180 169 2237 tiis
184 2177 389 2237 secentur-idas.

155 2288 334 2354 Concilium
359 2284 640 2365 chalcedonense,
673 2306 794 2354 canone
814 2290 833 2352 3
855 2309 862 2352 :
888 2291 1028 2353 Decrevit
1057 2291 1199 2363 concilim,

110 2424 171 2468 non
194 2408 383 2485 Episcopum,
400 2424 461 2466 non
484 2404 634 2482 clericam,
661 2423 721 2466 non
741 2402 927 2482 monachum,
957 2411 1012 2466 ant
1034 2407 1204 2486 possessam

114 2523 285 2598 conducere,
313 2526 365 2582 ant
385 2523 511 2599 nepotiis
529 2520 720 2581 saecntaridns
738 2537 768 2580 se
787 2523 961 2598 immiscere,
975 2528 1092 2601 praeter
1106 2517 1204 2603 papilla

110 2655 189 2715 rnm,
215 2641 242 2698 si
265 2637 343 2716 forte
359 2635 436 2714 tapes
453 2639 608 2714 imponent
630 2634 862 2695 inexcusabilem
888 2652 1002 2714 curam,
1031 2642 1086 2698 ent
1102 2631 1205 2697 civitatis

112 2757 276 2834 Episcopus
291 2753 557 2813 ecclesiast-icarum
578 2769 678 2812 rernm
697 2751 930 2812 solticitudinem
944 2751 1052 2815 tabere
1063 2750 1202 2834 precipiti,

110 2876 164 2933 ent
177 2870 379 2950 orphanorum
392 2874 421 2929 et
434 2869 597 2929 vicinarum
611 2886 676 2947 qnae
691 2871 755 2928 sine
770 2868 836 2928 nlla
853 2867 1024 2947 defensione
1039 2875 1119 2932 sant.

154 2984 353 3051 Justiuianus
369 2981 508 3068 (novella
525 2984 599 3060 123,
618 2983 723 3065 capite
734 2984 765 3059 6,
786 2981 837 3045 tit.
853 2983 873 3046 6
887 2984 924 3045 aa
942 2988 1139 3046 sanctissimis
1156 2977 1207 3061 tii

111 3107 217 3183 scopis,
237 3096 306 3182 cte.)
321 3119 331 3161 :
355 3100 415 3163 Sed
434 3116 526 3177 neque
537 3097 607 3174 fieri
621 3103 816 3178 susceptorem
830 3103 884 3159 ant
897 3105 1067 3161 amatorem
1085 3097 1207 3177 monem

111 3220 353 3298 (emtionem...,
369 3220 423 3275 ent
430 3219 655 3294 procreatorem
670 3214 745 3274 titis.
755 3259 776 3276 ..
788 3231 847 3293 pro
863 3214 975 3292 talibas
992 3218 1104 3294 musis,
1116 3215 1208 3295 Epicur

110 3351 193 3414 pnm,
213 3338 267 3394 ont
287 3348 475 3407 oeconomnm,
495 3335 549 3390 ant
566 3330 661 3390 etiam
685 3330 824 3391 clericum
848 3327 1007 3409 cujustibet
1030 3330 1151 3411 prades,
1169 3321 1208 3388 aii

110 3450 295 3526 monacham,
304 3451 430 3528 proprio
440 3449 558 3509 nomine
574 3451 628 3506 ant
640 3445 779 3506 Ecclesia
794 3451 849 3506 arat
870 3449 1058 3524 monasterii,
1080 3450 1207 3511 mnium?

112 3574 147 3631 nt
159 3586 219 3630 non
231 3584 290 3647 per
311 3565 388 3627 lianc
410 3568 589 3625 occasionem
606 3568 636 3623 et
657 3567 769 3624 sanetis
794 3563 929 3624 domibus
949 3561 1096 3625 damnum
1112 3551 1210 3641 fiatri

114 3703 201 3749 secra
216 3685 387 3745 ministeria
400 3680 615 3760 impertiantur.

157 3803 335 3866 Decretum
354 3794 507 3880 xiphilini
518 3791 713 3859 Patriarchae
728 3793 1097 3876 Constantinopolitani:
1122 3791 1209 3858 «usu

118 3948 133 3975 ι
146 3918 266 3999 multos
282 3913 517 3980 ecclesiasticos
533 3917 567 3974 et
585 3908 757 3975 monachos
776 3908 963 3974 videremus
983 3910 1107 3977 alienas
1122 3911 1210 3977 causti

117 4036 344 4109 «subeuntes,
366 4037 401 4094 et
415 4048 476 4112 pro
491 4028 540 4093 his
554 4027 765 4093 decertantes
782 4028 839 4112 qui
860 4026 1010 4092 civilibus
1028 4036 1063 4094 et
1085 4022 1210 4094 eccleis

115 4180 133 4207 ε
147 4151 234 4214 sticis
249 4146 380 4232 judiciis
393 4146 530 4228 litigant,
541 4144 582 4209 ab
592 4145 809 4211 ecclesiastica
824 4143 1063 4210 consuetudine
1075 4153 1111 4212 et
1121 4145 1209 4226 legutt

118 4296 133 4322 1
147 4266 307 4350 gravitate
321 4261 410 4348 quod
421 4260 523 4325 fiebat
535 4260 678 4325 alienum
689 4259 884 4351 judicantes,
900 4261 1074 4326 statuimus
1087 4268 1125 4328 ut
1135 4263 1209 4325 nent

118 4381 301 4462 «deinceps
318 4397 379 4445 neo
399 4375 577 4442 monachus
594 4395 656 4442 nec
672 4377 759 4440 ullus
773 4375 1011 4442 ecclesiasticus
1022 4368 1142 4443 alienas
1151 4382 1208 4439 cat·
