2714 4980
473 315 478 325 .
569 269 649 319 rens
670 267 785 318 rmus.
1188 261 1230 326 47

114 422 137 450 α
148 393 274 462 inerint
285 395 420 463 exitioso
431 413 471 461 ao
482 413 641 479 perversa
658 393 810 480 dogmata
829 413 903 481 qum
919 397 952 461 in
971 417 1011 463 eo
1029 397 1229 466 nodamus:

112 539 132 566 α
147 510 293 596 alioquin
307 509 461 579 dubitare
475 513 529 580 vix
546 531 719 597 possumus
728 511 771 580 de
790 511 1034 599 fraternitatum
1047 523 1233 592 ,rumorum

111 655 131 682 «
145 627 218 694 zelo
231 647 270 694 ao
285 628 374 712 vigili
386 628 506 708 studio,
525 649 592 715 quo
607 638 698 696 certe
712 629 747 694 in
764 627 911 696 fidelium
932 649 1047 697 manus
1067 651 1133 698 non
1152 633 1233 699 inci«.

112 770 131 798 «
147 741 269 823 disset,
287 744 314 810 si
337 745 448 811 oculos
466 744 690 831 judiciumque
717 752 864 811 vestrum
886 754 983 813 antea
1006 747 1168 814 subiisset.
1184 749 1232 817 llo

113 887 131 914 α
145 861 233 926 enim
252 859 393 928 tendere
405 881 442 928 ac
463 863 627 929 collimare
646 861 809 930 vidissetis
828 863 1002 931 execrandi
1025 864 1125 932 foetus
1155 884 1231 932 auc-

113 1007 132 1034 «
144 986 272 1059 torem,
293 986 331 1045 ut
352 979 500 1047 ecloum
520 1000 539 1046 a
560 979 689 1047 Christo
712 980 852 1048 Domino
875 989 911 1048 et
931 982 1096 1050 Salvatore
1119 991 1230 1050 nostro

114 1095 296 1162 «Ecclesiae
317 1115 382 1162 suae
407 1103 614 1182 potestatem,
631 1117 695 1164 nou
714 1098 820 1164 solum
837 1096 1002 1183 dirigendi
1016 1119 1076 1184 per
1100 1100 1233 1170 consilia
1309 1096 1311 1100 ⁸

115 1239 134 1268 e
146 1219 181 1278 et
192 1212 368 1293 suasiones
379 1212 545 1280 sedetiam
558 1212 699 1298 jubendi
709 1215 881 1299 perleges,
898 1214 1231 1283 aodevioscontunra·

117 1357 133 1384 «
146 1328 265 1415 aesque
282 1330 446 1397 exteriore
456 1329 581 1416 judicio
588 1339 623 1397 et
631 1331 818 1398 salubribus
831 1333 936 1415 poenis
947 1333 1121 1400 coercendi
1131 1342 1230 1420 atquo

115 1473 132 1500 «
145 1444 294 1530 cogendi,
308 1445 496 1527 labefactet,
512 1435 675 1516 convellat
683 1456 717 1515 et
732 1468 868 1534 prorsus
883 1449 1045 1535 eliminet;
1065 1451 1230 1519 ecelesias·

114 1590 133 1618 α
143 1563 244 1628 ticum
254 1562 469 1630 ministerium
482 1566 532 1630 ita‘
542 1566 686 1632 saeculari
702 1565 914 1632 dominationi
929 1566 1116 1652 subjiciens,
1131 1573 1170 1634 ut
1185 1567 1230 1636 ad

117 1707 133 1734 «
144 1678 226 1745 hanc
243 1686 392 1764 spectare
407 1682 606 1765 pronuntiet,
623 1680 666 1748 de
683 1689 820 1749 externa
847 1682 935 1749 omni
954 1691 989 1750 et
1011 1684 1154 1751 sensibili
1170 1703 1230 1770 go-
1305 1725 1307 1729 .

119 1783 335 1864 «bernatione
352 1816 546 1882 cognoscere
566 1817 603 1864 ac
630 1795 791 1883 judicare.
812 1804 948 1865 Proocm
973 1821 1009 1866 oc
1027 1780 1229 1884 pernicem

119 1921 284 1997 «osterna,
307 1920 377 1999 jorra
400 1918 523 1998 pridem
543 1918 581 1979 eb
604 1918 775 1998 Apostolice
803 1920 889 1997 Sede,
915 1924 1087 2000 presertim
1114 1939 1229 1984 ceros

119 2034 257 2095 «Iocone
288 2034 384 2096 XXII
413 2035 627 2115 predecessore
661 2040 775 2113 oestro,
813 2039 1024 2097 constitutione
1052 2040 1223 2118 incipiente,

118 2146 234 2212 «Licet
242 2145 337 2231 juxta
349 2145 541 2227 doctrinam,
565 2150 766 2229 reprobatum,
791 2168 826 2212 aa
845 2169 905 2230 pro
923 2149 1060 2213 heretico
1091 2170 1228 2234 exprme

117 2267 325 2344 «moerorem,
356 2262 527 2329 fallacibus
551 2262 784 2329 ratiunculis...
806 2263 981 2348 impudens
1008 2266 1147 2352 scriptor
1169 2266 1232 2335 ob-1

117 2377 258 2445 «trudit.
277 2407 292 2434 »
317 2379 366 2466 (In
378 2377 520 2445 bullario
533 2378 705 2445 Benedicti
717 2379 803 2458 XIV,
822 2399 855 2444 n.
875 2381 929 2459 44,
945 2388 1013 2447 tom
1032 2382 1064 2462 4,
1089 2401 1123 2466 p.
1146 2385 1223 2463 266,

111 2495 216 2562 Romae
243 2492 355 2580 1757.)
378 2495 496 2581 liquet
517 2516 558 2562 ex
575 2494 637 2560 boo
659 2494 755 2563 brevi
775 2494 968 2580 dogmatico,
992 2517 1057 2562 non
1080 2498 1185 2565 solum
1207 2521 1226 2567 a

112 2612 230 2679 Joanne
249 2613 340 2678 XXII
358 2633 497 2695 represso
515 2634 574 2696 pro
597 2615 734 2678 heretico
754 2613 941 2679 damnatum
961 2614 1060 2680 fuisse
1084 2623 1226 2701 systema

112 2746 172 2814 quo
190 2731 392 2796 viscoaotiva
406 2730 555 2796 Ecclesiae
575 2729 768 2815 denegatur,
786 2730 959 2798 sedetiam
980 2731 1226 2800 eamdemdam·

113 2843 274 2909 nationem
289 2842 387 2910 tuisse
406 2843 615 2910 aBenedicto
625 2844 699 2910 ΧΠ
713 2842 948 2911 confirmatam.

151 2961 210 3028 ΠΙ.
229 2961 325 3028 Bulla
335 2964 492 3027 Auctorem
505 2963 580 3041 fidei
591 2983 602 3026 .·
1214 3029 1217 3036 ,

128 3079 243 3167 „Inter
270 3079 507 3163 propositiones
533 3077 652 3163 synodi
677 3078 864 3146 Pistoiensis
892 3079 926 3143 in
950 3077 1010 3145 bac
1034 3078 1125 3147 bulla
1153 3100 1228 3149 oon·

114 3190 286 3275 demnatas,
312 3196 454 3262 occurrit
477 3203 513 3262 et
529 3197 591 3262 ista
618 3195 679 3262 sub
698 3213 836 3262 numero
850 3203 989 3283 quarto:
1009 3226 1023 3253 «
1044 3198 1226 3283 Propositio

118 3311 308 3399 «affirmans
345 3315 471 3378 ebusum
502 3317 567 3396 fore
599 3321 790 3378 auctoritatis
826 3316 976 3396 Ecclesioe,
1019 3321 1229 3401 troosserersdc

119 3433 224 3494 «illem
252 3432 336 3494 oltra
370 3433 481 3495 limites
514 3434 657 3496 doctrice
675 3451 710 3494 oc
732 3451 861 3513 mereor,
892 3439 921 3495 et
951 3452 1016 3497 earo
1040 3439 1230 3503 extenderetis

119 3550 180 3612 «od
205 3568 254 3612 res
285 3553 459 3628 exteriores,
496 3556 525 3613 et
553 3569 612 3631 per
640 3554 703 3612 cim
731 3551 877 3631 ccipeodo
905 3553 940 3614 id
967 3553 1046 3632 qood
1069 3556 1226 3634 pendete

120 3650 334 3746 «persuasione
349 3673 379 3728 et
401 3667 513 3746 corde;
540 3672 610 3730 tum
633 3667 741 3744 etiam,
763 3668 857 3730 molto
873 3673 982 3742 ¹rrrr'ees
1004 3671 1046 3732 oct
1070 3689 1135 3734 com
1154 3689 1228 3752 pcr-

121 3787 235 3846 «tr'oere
260 3787 381 3864 eripere
407 3802 465 3865 per
498 3788 560 3846 otro
587 3787 766 3846 eetcriorcm
794 3785 1000 3867 subjectiorem
1018 3793 1095 3849 scis
1127 3789 1230 3850 decre-.
1309 3810 1311 3814 ’

122 3922 133 3948 «
156 3905 193 3962 tis
205 3919 217 3962 .·
230 3935 277 3948 -
293 3898 460 3980 Quatenus
477 3897 739 3965 indeterminatio
757 3899 821 3965 illis
843 3902 955 3967 verbis
977 3904 1171 3986 extendendo
1183 3905 1239 3967 ad.

123 4035 189 4079 «res
214 4022 390 4097 exteriores,
425 4022 518 4083 notet
543 4016 635 4083 velut
661 4017 798 4083 abusum
821 4018 1022 4085 auctoritatis
1053 4018 1222 4100 Ecclesiae,

126 4129 316 4216 «nunejus
333 4134 505 4217 potestatis
519 4140 660 4218 acceptos
677 4136 791 4214 aDeo,
810 4153 873 4219 quo
889 4134 939 4198 usi
957 4140 1033 4199 suut
1048 4140 1083 4200 et
1096 4135 1229 4220 ipsimet

127 4247 280 4329 rapostoli
298 4248 333 4313 in
356 4248 526 4334 disciplina
547 4250 710 4316 exteriore
730 4247 959 4315 constituenda
980 4257 1015 4315 et
1036 4251 1219 4333 sancienda,

131 4360 293 4433 «leterico,
320 4401 367 4416 ·-
390 4367 460 4448 Qua
491 4373 586 4452 parte
613 4367 773 4445 insinuat,
802 4365 980 4433 Ecclesium
1005 4387 1074 4436 non
1099 4368 1225 4439 nabere
