<?xml version="1.0" encoding="UTF-8"?>
<!DOCTYPE html PUBLIC "-//W3C//DTD XHTML 1.0 Transitional//EN"
    "http://www.w3.org/TR/xhtml1/DTD/xhtml1-transitional.dtd">
<html xmlns="http://www.w3.org/1999/xhtml" xml:lang="en" lang="en">
 <head>
  <title>
</title>
<meta http-equiv="Content-Type" content="text/html;charset=utf-8" />
  <meta name='ocr-system' content='tesseract 3.04.00' />
  <meta name='ocr-capabilities' content='ocr_page ocr_carea ocr_par ocr_line ocrx_word'/>
</head>
<body>
  <div class='ocr_page' id='page_1' title='image "./tractatusdejudi00bouigoog_0412.png"; bbox 0 0 2714 4980; ppageno 0'>
   <div class='ocr_carea' id='block_1_1' title="bbox 548 299 1235 365">
    <p class='ocr_par' dir='ltr' id='par_1_1' title="bbox 548 299 1235 365">
     <span class='ocr_line' id='line_1_1' title="bbox 548 299 1235 365; baseline 0.006 -6"><span class='ocrx_word' id='word_1_1' title='bbox 548 309 630 360; x_wconf 76' lang='lat' dir='ltr'>snas</span> <span class='ocrx_word' id='word_1_2' title='bbox 651 307 810 359; x_wconf 75' lang='lat' dir='ltr'>sueonos.</span> <span class='ocrx_word' id='word_1_3' title='bbox 1159 299 1235 365; x_wconf 70' lang='lat'>³99</span> 
     </span>
    </p>
   </div>
   <div class='ocr_carea' id='block_1_2' title="bbox 108 416 1293 4467">
    <p class='ocr_par' dir='ltr' id='par_1_2' title="bbox 108 416 1293 4467">
     <span class='ocr_line' id='line_1_2' title="bbox 165 416 1237 522; baseline 0.004 -19"><span class='ocrx_word' id='word_1_4' title='bbox 165 437 247 513; x_wconf 66' lang='lat' dir='ltr'>limo⁴</span> <span class='ocrx_word' id='word_1_5' title='bbox 255 434 377 504; x_wconf 86' lang='lat' dir='ltr'>cursim</span> <span class='ocrx_word' id='word_1_6' title='bbox 390 433 433 502; x_wconf 88' lang='lat' dir='ltr'>de</span> <span class='ocrx_word' id='word_1_7' title='bbox 452 416 615 522; x_wconf 77' lang='lat' dir='ltr'>requisilis</span> <span class='ocrx_word' id='word_1_8' title='bbox 627 455 647 503; x_wconf 92' lang='lat' dir='ltr'>a</span> <span class='ocrx_word' id='word_1_9' title='bbox 659 433 734 520; x_wconf 83' lang='lat' dir='ltr'>jure</span> <span class='ocrx_word' id='word_1_10' title='bbox 746 432 790 502; x_wconf 87' lang='lat' dir='ltr'>ad</span> <span class='ocrx_word' id='word_1_11' title='bbox 800 434 974 502; x_wconf 81' lang='lat' dir='ltr'>vicariatus</span> <span class='ocrx_word' id='word_1_12' title='bbox 991 438 1152 522; x_wconf 84' lang='lat' dir='ltr'>generalis</span> <span class='ocrx_word' id='word_1_13' title='bbox 1169 434 1237 506; x_wconf 74' lang='lat' dir='ltr'>od·</span> 
     </span>
     <span class='ocr_line' id='line_1_3' title="bbox 115 547 1237 639; baseline 0.001 -19"><span class='ocrx_word' id='word_1_14' title='bbox 115 554 216 620; x_wconf 88' lang='lat' dir='ltr'>cium.</span> <span class='ocrx_word' id='word_1_15' title='bbox 242 555 357 639; x_wconf 81' lang='lat' dir='ltr'>Neque</span> <span class='ocrx_word' id='word_1_16' title='bbox 382 554 470 618; x_wconf 90' lang='lat' dir='ltr'>enim</span> <span class='ocrx_word' id='word_1_17' title='bbox 494 552 626 618; x_wconf 85' lang='lat' dir='ltr'>minutis</span> <span class='ocrx_word' id='word_1_18' title='bbox 651 547 813 637; x_wconf 88' lang='lat' dir='ltr'>ejusmodi</span> <span class='ocrx_word' id='word_1_19' title='bbox 835 553 1066 638; x_wconf 79' lang='lat' dir='ltr'>quesnombua</span> <span class='ocrx_word' id='word_1_20' title='bbox 1085 554 1237 622; x_wconf 83' lang='lat' dir='ltr'>duximus</span> 
     </span>
     <span class='ocr_line' id='line_1_4' title="bbox 113 667 1260 766; baseline 0.003 -30"><span class='ocrx_word' id='word_1_21' title='bbox 113 669 201 736; x_wconf 86' lang='lat' dir='ltr'>adeo</span> <span class='ocrx_word' id='word_1_22' title='bbox 216 667 468 750; x_wconf 78' lang='lat' dir='ltr'><strong>immorandum,</strong></span> <span class='ocrx_word' id='word_1_23' title='bbox 485 688 527 735; x_wconf 92' lang='lat' dir='ltr'>na</span> <span class='ocrx_word' id='word_1_24' title='bbox 541 668 702 735; x_wconf 89' lang='lat' dir='ltr'>lectorem</span> <span class='ocrx_word' id='word_1_25' title='bbox 723 674 850 735; x_wconf 84' lang='lat' dir='ltr'>terreat</span> <span class='ocrx_word' id='word_1_26' title='bbox 868 676 1029 735; x_wconf 86' lang='lat' dir='ltr'>tractatus</span> <span class='ocrx_word' id='word_1_27' title='bbox 1041 672 1145 737; x_wconf 79' lang='lat' dir='ltr'><strong>nostri</strong></span> <span class='ocrx_word' id='word_1_28' title='bbox 1166 690 1237 739; x_wconf 91' lang='lat' dir='ltr'>mo-</span> <span class='ocrx_word' id='word_1_29' title='bbox 1257 759 1260 766; x_wconf 13' lang='grc' dir='ltr'><strong><em>ἢ</em></strong></span> 
     </span>
     <span class='ocr_line' id='line_1_5' title="bbox 113 782 1232 869; baseline 0.004 -19"><span class='ocrx_word' id='word_1_30' title='bbox 113 783 175 850; x_wconf 86' lang='lat' dir='ltr'>les.</span> <span class='ocrx_word' id='word_1_31' title='bbox 192 784 373 869; x_wconf 80' lang='lat' dir='ltr'><strong>Antequam</strong></span> <span class='ocrx_word' id='word_1_32' title='bbox 388 789 497 850; x_wconf 86' lang='lat' dir='ltr'>tamen</span> <span class='ocrx_word' id='word_1_33' title='bbox 516 782 633 849; x_wconf 90' lang='lat' dir='ltr'>abhoc</span> <span class='ocrx_word' id='word_1_34' title='bbox 655 784 857 867; x_wconf 83' lang='lat' dir='ltr'>paragrapho</span> <span class='ocrx_word' id='word_1_35' title='bbox 869 803 999 850; x_wconf 91' lang='lat' dir='ltr'>manum</span> <span class='ocrx_word' id='word_1_36' title='bbox 1018 786 1232 867; x_wconf 85' lang='lat' dir='ltr'>retrahamus,</span> 
     </span>
     <span class='ocr_line' id='line_1_6' title="bbox 113 890 1269 988; baseline 0.003 -22"><span class='ocrx_word' id='word_1_37' title='bbox 113 901 174 967; x_wconf 87' lang='lat' dir='ltr'>abs</span> <span class='ocrx_word' id='word_1_38' title='bbox 192 921 229 968; x_wconf 90' lang='lat' dir='ltr'>re</span> <span class='ocrx_word' id='word_1_39' title='bbox 250 918 316 966; x_wconf 89' lang='lat' dir='ltr'>non</span> <span class='ocrx_word' id='word_1_40' title='bbox 338 901 401 966; x_wconf 88' lang='lat' dir='ltr'>erit</span> <span class='ocrx_word' id='word_1_41' title='bbox 421 901 576 967; x_wconf 86' lang='lat' dir='ltr'>nonnulla</span> <span class='ocrx_word' id='word_1_42' title='bbox 593 900 761 968; x_wconf 86' lang='lat' dir='ltr'>Monacelli</span> <span class='ocrx_word' id='word_1_43' title='bbox 778 901 877 966; x_wconf 84' lang='lat' dir='ltr'>verba</span> <span class='ocrx_word' id='word_1_44' title='bbox 895 901 1103 980; x_wconf 80' lang='lat' dir='ltr'>subnectere,</span> <span class='ocrx_word' id='word_1_45' title='bbox 1119 903 1236 988; x_wconf 87' lang='lat' dir='ltr'>quibus</span> <span class='ocrx_word' id='word_1_46' title='bbox 1262 890 1269 905; x_wconf 82' lang='lat'>&#39;</span> 
     </span>
     <span class='ocr_line' id='line_1_7' title="bbox 111 1015 1235 1102; baseline 0.003 -21"><span class='ocrx_word' id='word_1_47' title='bbox 111 1016 232 1102; x_wconf 88' lang='lat' dir='ltr'>prohat</span> <span class='ocrx_word' id='word_1_48' title='bbox 243 1025 364 1102; x_wconf 87' lang='lat' dir='ltr'>quanta</span> <span class='ocrx_word' id='word_1_49' title='bbox 377 1017 419 1082; x_wconf 88' lang='lat' dir='ltr'>sit</span> <span class='ocrx_word' id='word_1_50' title='bbox 431 1017 465 1080; x_wconf 91' lang='lat' dir='ltr'>in</span> <span class='ocrx_word' id='word_1_51' title='bbox 477 1016 634 1100; x_wconf 80' lang='lat' dir='ltr'>eligendis</span> <span class='ocrx_word' id='word_1_52' title='bbox 648 1015 772 1083; x_wconf 84' lang='lat' dir='ltr'>idoneis</span> <span class='ocrx_word' id='word_1_53' title='bbox 784 1017 917 1082; x_wconf 77' lang='lat' dir='ltr'>vicariis</span> <span class='ocrx_word' id='word_1_54' title='bbox 925 1018 1130 1101; x_wconf 89' lang='lat' dir='ltr'>generalibus</span> <span class='ocrx_word' id='word_1_55' title='bbox 1146 1018 1235 1086; x_wconf 91' lang='lat' dir='ltr'>adhi-</span> 
     </span>
     <span class='ocr_line' id='line_1_8' title="bbox 111 1130 1232 1216; baseline 0.004 -18"><span class='ocrx_word' id='word_1_56' title='bbox 111 1131 222 1199; x_wconf 89' lang='lat' dir='ltr'>benda</span> <span class='ocrx_word' id='word_1_57' title='bbox 238 1132 416 1216; x_wconf 85' lang='lat' dir='ltr'>diligentia.</span> <span class='ocrx_word' id='word_1_58' title='bbox 439 1156 454 1194; x_wconf 84' lang='grc' dir='ltr'>ιι</span> <span class='ocrx_word' id='word_1_59' title='bbox 471 1132 616 1198; x_wconf 76' lang='lat' dir='ltr'>vicarius</span> <span class='ocrx_word' id='word_1_60' title='bbox 630 1130 733 1198; x_wconf 84' lang='lat' dir='ltr'>debet</span> <span class='ocrx_word' id='word_1_61' title='bbox 751 1151 823 1197; x_wconf 91' lang='lat' dir='ltr'>esse</span> <span class='ocrx_word' id='word_1_62' title='bbox 839 1130 957 1210; x_wconf 85' lang='lat' dir='ltr'>fidelis,</span> <span class='ocrx_word' id='word_1_63' title='bbox 969 1134 1092 1200; x_wconf 87' lang='lat' dir='ltr'>scilicet</span> <span class='ocrx_word' id='word_1_64' title='bbox 1109 1135 1142 1200; x_wconf 93' lang='lat' dir='ltr'>in</span> <span class='ocrx_word' id='word_1_65' title='bbox 1158 1155 1232 1202; x_wconf 75' lang='lat' dir='ltr'>exe</span> 
     </span>
     <span class='ocr_line' id='line_1_9' title="bbox 115 1246 1293 1335; baseline 0.006 -25"><span class='ocrx_word' id='word_1_66' title='bbox 115 1273 132 1312; x_wconf 93' lang='grc' dir='ltr'>ιι</span> <span class='ocrx_word' id='word_1_67' title='bbox 144 1248 288 1335; x_wconf 81' lang='lat' dir='ltr'>quondo,</span> <span class='ocrx_word' id='word_1_68' title='bbox 300 1250 334 1314; x_wconf 90' lang='lat' dir='ltr'>in</span> <span class='ocrx_word' id='word_1_69' title='bbox 353 1247 540 1327; x_wconf 85' lang='lat' dir='ltr'>referendo,</span> <span class='ocrx_word' id='word_1_70' title='bbox 552 1248 587 1312; x_wconf 93' lang='lat' dir='ltr'>in</span> <span class='ocrx_word' id='word_1_71' title='bbox 598 1255 726 1314; x_wconf 88' lang='lat' dir='ltr'>secreto</span> <span class='ocrx_word' id='word_1_72' title='bbox 740 1246 895 1327; x_wconf 89' lang='lat' dir='ltr'>tenendo,</span> <span class='ocrx_word' id='word_1_73' title='bbox 911 1250 944 1313; x_wconf 93' lang='lat' dir='ltr'>in</span> <span class='ocrx_word' id='word_1_74' title='bbox 956 1251 1087 1316; x_wconf 90' lang='lat' dir='ltr'>consilio</span> <span class='ocrx_word' id='word_1_75' title='bbox 1105 1249 1225 1330; x_wconf 88' lang='lat' dir='ltr'>dando,</span> <span class='ocrx_word' id='word_1_76' title='bbox 1290 1264 1293 1269; x_wconf 89' lang='grc'><em>·</em></span> 
     </span>
     <span class='ocr_line' id='line_1_10' title="bbox 117 1364 1230 1451; baseline 0.004 -22"><span class='ocrx_word' id='word_1_77' title='bbox 117 1366 182 1431; x_wconf 78' lang='lat' dir='ltr'>«in</span> <span class='ocrx_word' id='word_1_78' title='bbox 209 1365 283 1451; x_wconf 87' lang='lat' dir='ltr'>jura</span> <span class='ocrx_word' id='word_1_79' title='bbox 308 1364 443 1444; x_wconf 88' lang='lat' dir='ltr'>tuendo,</span> <span class='ocrx_word' id='word_1_80' title='bbox 473 1371 507 1430; x_wconf 88' lang='lat' dir='ltr'>et</span> <span class='ocrx_word' id='word_1_81' title='bbox 528 1365 562 1429; x_wconf 91' lang='lat' dir='ltr'>in</span> <span class='ocrx_word' id='word_1_82' title='bbox 587 1364 842 1431; x_wconf 86' lang='lat' dir='ltr'>administrando</span> <span class='ocrx_word' id='word_1_83' title='bbox 860 1365 1028 1449; x_wconf 84' lang='lat' dir='ltr'>justitiam.</span> <span class='ocrx_word' id='word_1_84' title='bbox 1046 1366 1230 1446; x_wconf 86' lang='lat' dir='ltr'>Probus...,</span> 
     </span>
     <span class='ocr_line' id='line_1_11' title="bbox 117 1478 1233 1568; baseline 0.005 -24"><span class='ocrx_word' id='word_1_85' title='bbox 117 1482 229 1547; x_wconf 80' lang='lat' dir='ltr'>«alias</span> <span class='ocrx_word' id='word_1_86' title='bbox 245 1483 279 1547; x_wconf 92' lang='lat' dir='ltr'>in</span> <span class='ocrx_word' id='word_1_87' title='bbox 292 1481 451 1566; x_wconf 85' lang='lat' dir='ltr'>gubernio</span> <span class='ocrx_word' id='word_1_88' title='bbox 465 1478 543 1546; x_wconf 92' lang='lat' dir='ltr'>nihil</span> <span class='ocrx_word' id='word_1_89' title='bbox 557 1481 717 1564; x_wconf 88' lang='lat' dir='ltr'>proficiet,</span> <span class='ocrx_word' id='word_1_90' title='bbox 733 1479 792 1546; x_wconf 91' lang='lat' dir='ltr'>sed</span> <span class='ocrx_word' id='word_1_91' title='bbox 802 1482 1044 1565; x_wconf 87' lang='lat' dir='ltr'>potiusclorum</span> <span class='ocrx_word' id='word_1_92' title='bbox 1054 1489 1090 1549; x_wconf 89' lang='lat' dir='ltr'>ct</span> <span class='ocrx_word' id='word_1_93' title='bbox 1101 1483 1233 1568; x_wconf 86' lang='lat' dir='ltr'>plebem</span> 
     </span>
     <span class='ocr_line' id='line_1_12' title="bbox 116 1597 1234 1686; baseline 0.007 -26"><span class='ocrx_word' id='word_1_94' title='bbox 116 1598 283 1665; x_wconf 76' lang='lat' dir='ltr'>«inficiet.</span> <span class='ocrx_word' id='word_1_95' title='bbox 309 1597 418 1665; x_wconf 87' lang='lat' dir='ltr'>Debet</span> <span class='ocrx_word' id='word_1_96' title='bbox 444 1615 516 1664; x_wconf 85' lang='lat' dir='ltr'>esse</span> <span class='ocrx_word' id='word_1_97' title='bbox 539 1598 672 1663; x_wconf 89' lang='lat' dir='ltr'>scientia</span> <span class='ocrx_word' id='word_1_98' title='bbox 690 1605 725 1664; x_wconf 93' lang='lat' dir='ltr'>et</span> <span class='ocrx_word' id='word_1_99' title='bbox 745 1599 947 1682; x_wconf 81' lang='lat' dir='ltr'>experientia</span> <span class='ocrx_word' id='word_1_100' title='bbox 971 1597 1128 1685; x_wconf 83' lang='lat' dir='ltr'>idoneus3</span> <span class='ocrx_word' id='word_1_101' title='bbox 1157 1601 1234 1686; x_wconf 84' lang='lat' dir='ltr'>quia</span> 
     </span>
     <span class='ocr_line' id='line_1_13' title="bbox 117 1711 1234 1799; baseline 0.003 -21"><span class='ocrx_word' id='word_1_102' title='bbox 117 1715 319 1799; x_wconf 83' lang='lat' dir='ltr'>«imperitus</span> <span class='ocrx_word' id='word_1_103' title='bbox 346 1732 411 1779; x_wconf 93' lang='lat' dir='ltr'>non</span> <span class='ocrx_word' id='word_1_104' title='bbox 438 1720 549 1796; x_wconf 89' lang='lat' dir='ltr'>potest</span> <span class='ocrx_word' id='word_1_105' title='bbox 577 1730 647 1778; x_wconf 85' lang='lat' dir='ltr'>esse</span> <span class='ocrx_word' id='word_1_106' title='bbox 668 1711 772 1797; x_wconf 83' lang='lat' dir='ltr'>judex</span> <span class='ocrx_word' id='word_1_107' title='bbox 801 1713 1057 1793; x_wconf 86' lang='lat' dir='ltr'>ecclesiasticus,</span> <span class='ocrx_word' id='word_1_108' title='bbox 1088 1722 1128 1781; x_wconf 83' lang='lat' dir='ltr'>nt</span> <span class='ocrx_word' id='word_1_109' title='bbox 1153 1715 1234 1781; x_wconf 84' lang='lat' dir='ltr'>dicit</span> 
     </span>
     <span class='ocr_line' id='line_1_14' title="bbox 115 1829 1229 1919; baseline 0.005 -28"><span class='ocrx_word' id='word_1_110' title='bbox 115 1854 133 1895; x_wconf 90' lang='grc' dir='ltr'>ιι</span> <span class='ocrx_word' id='word_1_111' title='bbox 147 1832 263 1898; x_wconf 87' lang='lat' dir='ltr'>Glossa</span> <span class='ocrx_word' id='word_1_112' title='bbox 286 1831 331 1917; x_wconf 89' lang='lat' dir='ltr'>(in</span> <span class='ocrx_word' id='word_1_113' title='bbox 355 1829 582 1896; x_wconf 83' lang='lat' dir='ltr'>Prrefationem</span> <span class='ocrx_word' id='word_1_114' title='bbox 612 1834 824 1895; x_wconf 76' lang='lat' dir='ltr'>Distiortiom&#39;s</span> <span class='ocrx_word' id='word_1_115' title='bbox 844 1832 897 1906; x_wconf 81' lang='lat'>20,</span> <span class='ocrx_word' id='word_1_116' title='bbox 922 1830 1025 1897; x_wconf 87' lang='lat' dir='ltr'>verbo</span> <span class='ocrx_word' id='word_1_117' title='bbox 1051 1831 1229 1919; x_wconf 63' lang='lat' dir='ltr'>Imperitis).</span> 
     </span>
     <span class='ocr_line' id='line_1_15' title="bbox 114 1943 1233 2031; baseline 0.004 -21"><span class='ocrx_word' id='word_1_118' title='bbox 114 1971 132 2010; x_wconf 79' lang='grc' dir='ltr'>ιι</span> <span class='ocrx_word' id='word_1_119' title='bbox 146 1947 234 2013; x_wconf 78' lang='lat' dir='ltr'>Alias</span> <span class='ocrx_word' id='word_1_120' title='bbox 255 1947 281 2011; x_wconf 89' lang='lat' dir='ltr'>si</span> <span class='ocrx_word' id='word_1_121' title='bbox 301 1946 477 2030; x_wconf 89' lang='lat' dir='ltr'>Episcopus</span> <span class='ocrx_word' id='word_1_122' title='bbox 498 1943 666 2013; x_wconf 88' lang='lat' dir='ltr'>indoctum</span> <span class='ocrx_word' id='word_1_123' title='bbox 679 1954 714 2012; x_wconf 90' lang='lat' dir='ltr'>et</span> <span class='ocrx_word' id='word_1_124' title='bbox 728 1944 771 2012; x_wconf 92' lang='lat' dir='ltr'>ad</span> <span class='ocrx_word' id='word_1_125' title='bbox 784 1945 924 2012; x_wconf 89' lang='lat' dir='ltr'>officinm</span> <span class='ocrx_word' id='word_1_126' title='bbox 934 1946 1082 2030; x_wconf 88' lang='lat' dir='ltr'>ineptum</span> <span class='ocrx_word' id='word_1_127' title='bbox 1095 1946 1233 2031; x_wconf 84' lang='lat' dir='ltr'>deputa·</span> 
     </span>
     <span class='ocr_line' id='line_1_16' title="bbox 114 2060 1229 2146; baseline 0.004 -21"><span class='ocrx_word' id='word_1_128' title='bbox 114 2068 211 2140; x_wconf 78' lang='lat' dir='ltr'>«ret,</span> <span class='ocrx_word' id='word_1_129' title='bbox 235 2063 380 2146; x_wconf 85' lang='lat' dir='ltr'>graviter</span> <span class='ocrx_word' id='word_1_130' title='bbox 397 2068 564 2144; x_wconf 88' lang='lat' dir='ltr'>peccaret,</span> <span class='ocrx_word' id='word_1_131' title='bbox 581 2069 619 2127; x_wconf 90' lang='lat' dir='ltr'>nt</span> <span class='ocrx_word' id='word_1_132' title='bbox 634 2063 849 2129; x_wconf 87' lang='lat' dir='ltr'>communiter</span> <span class='ocrx_word' id='word_1_133' title='bbox 865 2060 1002 2128; x_wconf 88' lang='lat' dir='ltr'>tradunt</span> <span class='ocrx_word' id='word_1_134' title='bbox 1024 2064 1229 2130; x_wconf 84' lang='lat' dir='ltr'>Navarrns...</span> 
     </span>
     <span class='ocr_line' id='line_1_17' title="bbox 114 2177 1232 2263; baseline 0.006 -23"><span class='ocrx_word' id='word_1_135' title='bbox 114 2178 320 2244; x_wconf 81' lang='lat' dir='ltr'>«Ricoius...</span> <span class='ocrx_word' id='word_1_136' title='bbox 343 2177 513 2242; x_wconf 83' lang='lat' dir='ltr'>Garoias...</span> <span class='ocrx_word' id='word_1_137' title='bbox 532 2177 573 2241; x_wconf 78' lang='lat' dir='ltr'>lit</span> <span class='ocrx_word' id='word_1_138' title='bbox 593 2178 676 2243; x_wconf 87' lang='lat' dir='ltr'>ratio</span> <span class='ocrx_word' id='word_1_139' title='bbox 703 2178 897 2244; x_wconf 88' lang='lat' dir='ltr'>convincens</span> <span class='ocrx_word' id='word_1_140' title='bbox 912 2185 978 2263; x_wconf 82' lang='lat' dir='ltr'>est3</span> <span class='ocrx_word' id='word_1_141' title='bbox 1003 2179 1079 2263; x_wconf 80' lang='lat' dir='ltr'>qnia</span> <span class='ocrx_word' id='word_1_142' title='bbox 1099 2180 1232 2247; x_wconf 86' lang='lat' dir='ltr'>scientia</span> 
     </span>
     <span class='ocr_line' id='line_1_18' title="bbox 115 2292 1233 2383; baseline 0.003 -25"><span class='ocrx_word' id='word_1_143' title='bbox 115 2295 192 2362; x_wconf 81' lang='lat' dir='ltr'>aad</span> <span class='ocrx_word' id='word_1_144' title='bbox 203 2293 350 2379; x_wconf 86' lang='lat' dir='ltr'>regimen</span> <span class='ocrx_word' id='word_1_145' title='bbox 364 2300 415 2358; x_wconf 85' lang='lat' dir='ltr'>est</span> <span class='ocrx_word' id='word_1_146' title='bbox 428 2292 619 2375; x_wconf 87' lang='lat' dir='ltr'>simpliciter</span> <span class='ocrx_word' id='word_1_147' title='bbox 640 2295 862 2359; x_wconf 87' lang='lat' dir='ltr'>necessaria...</span> <span class='ocrx_word' id='word_1_148' title='bbox 881 2292 989 2360; x_wconf 84' lang='lat' dir='ltr'>Jndex</span> <span class='ocrx_word' id='word_1_149' title='bbox 1009 2295 1162 2378; x_wconf 84' lang='lat' dir='ltr'>imperite</span> <span class='ocrx_word' id='word_1_150' title='bbox 1180 2295 1233 2383; x_wconf 89' lang='lat' dir='ltr'>ju·</span> 
     </span>
     <span class='ocr_line' id='line_1_19' title="bbox 114 2407 1233 2494; baseline 0.003 -19"><span class='ocrx_word' id='word_1_151' title='bbox 114 2435 134 2475; x_wconf 83' lang='grc' dir='ltr'>ιι</span> <span class='ocrx_word' id='word_1_152' title='bbox 150 2408 290 2479; x_wconf 89' lang='lat' dir='ltr'>dicando</span> <span class='ocrx_word' id='word_1_153' title='bbox 302 2407 422 2494; x_wconf 84' lang='lat' dir='ltr'>injure</span> <span class='ocrx_word' id='word_1_154' title='bbox 440 2413 542 2486; x_wconf 86' lang='lat' dir='ltr'>certo,</span> <span class='ocrx_word' id='word_1_155' title='bbox 565 2407 644 2474; x_wconf 81' lang='lat' dir='ltr'>facit</span> <span class='ocrx_word' id='word_1_156' title='bbox 665 2410 756 2475; x_wconf 90' lang='lat' dir='ltr'>litem</span> <span class='ocrx_word' id='word_1_157' title='bbox 776 2428 877 2488; x_wconf 88' lang='lat' dir='ltr'>snam,</span> <span class='ocrx_word' id='word_1_158' title='bbox 896 2416 931 2476; x_wconf 89' lang='lat' dir='ltr'>et</span> <span class='ocrx_word' id='word_1_159' title='bbox 942 2419 1077 2477; x_wconf 85' lang='lat' dir='ltr'>tenetur</span> <span class='ocrx_word' id='word_1_160' title='bbox 1091 2410 1133 2478; x_wconf 89' lang='lat' dir='ltr'>ad</span> <span class='ocrx_word' id='word_1_161' title='bbox 1148 2412 1233 2478; x_wconf 84' lang='lat' dir='ltr'>inte-</span> 
     </span>
     <span class='ocr_line' id='line_1_20' title="bbox 114 2525 1233 2611; baseline 0.004 -19"><span class='ocrx_word' id='word_1_162' title='bbox 114 2546 238 2595; x_wconf 82' lang='lat' dir='ltr'>«resse</span> <span class='ocrx_word' id='word_1_163' title='bbox 252 2525 409 2610; x_wconf 83' lang='lat' dir='ltr'>partis...;</span> <span class='ocrx_word' id='word_1_164' title='bbox 424 2525 498 2610; x_wconf 88' lang='lat' dir='ltr'>quia</span> <span class='ocrx_word' id='word_1_165' title='bbox 511 2525 671 2609; x_wconf 86' lang='lat' dir='ltr'>imperitia</span> <span class='ocrx_word' id='word_1_166' title='bbox 690 2535 925 2593; x_wconf 87' lang='lat' dir='ltr'>annumeratur</span> <span class='ocrx_word' id='word_1_167' title='bbox 946 2528 1062 2611; x_wconf 83' lang='lat' dir='ltr'>culpe.</span> <span class='ocrx_word' id='word_1_168' title='bbox 1088 2528 1233 2596; x_wconf 78' lang='lat' dir='ltr'>deveant</span> 
     </span>
     <span class='ocr_line' id='line_1_21' title="bbox 114 2639 1233 2730; baseline 0 -21"><span class='ocrx_word' id='word_1_169' title='bbox 114 2651 325 2730; x_wconf 82' lang='lat' dir='ltr'>«propterea</span> <span class='ocrx_word' id='word_1_170' title='bbox 340 2639 500 2725; x_wconf 84' lang='lat' dir='ltr'>Episcopi,</span> <span class='ocrx_word' id='word_1_171' title='bbox 514 2660 557 2707; x_wconf 90' lang='lat' dir='ltr'>ne</span> <span class='ocrx_word' id='word_1_172' title='bbox 570 2641 689 2724; x_wconf 88' lang='lat' dir='ltr'>pretio,</span> <span class='ocrx_word' id='word_1_173' title='bbox 707 2650 764 2707; x_wconf 88' lang='lat' dir='ltr'>aut</span> <span class='ocrx_word' id='word_1_174' title='bbox 779 2642 947 2727; x_wconf 87' lang='lat' dir='ltr'>precibus,</span> <span class='ocrx_word' id='word_1_175' title='bbox 964 2643 1031 2709; x_wconf 87' lang='lat' dir='ltr'>sive</span> <span class='ocrx_word' id='word_1_176' title='bbox 1046 2645 1105 2709; x_wconf 86' lang='lat' dir='ltr'>alia</span> <span class='ocrx_word' id='word_1_177' title='bbox 1120 2645 1233 2730; x_wconf 82' lang='lat' dir='ltr'>quavis</span> 
     </span>
     <span class='ocr_line' id='line_1_22' title="bbox 114 2755 1233 2844; baseline 0.004 -23"><span class='ocrx_word' id='word_1_178' title='bbox 114 2786 132 2823; x_wconf 91' lang='grc' dir='ltr'>ιι</span> <span class='ocrx_word' id='word_1_179' title='bbox 146 2758 308 2827; x_wconf 81' lang='lat' dir='ltr'>suadente</span> <span class='ocrx_word' id='word_1_180' title='bbox 321 2758 457 2836; x_wconf 82' lang='lat' dir='ltr'>ratione,</span> <span class='ocrx_word' id='word_1_181' title='bbox 476 2755 672 2823; x_wconf 85' lang='lat' dir='ltr'>inducantur</span> <span class='ocrx_word' id='word_1_182' title='bbox 686 2758 730 2823; x_wconf 89' lang='lat' dir='ltr'>ad</span> <span class='ocrx_word' id='word_1_183' title='bbox 743 2757 970 2824; x_wconf 89' lang='lat' dir='ltr'>assumendum</span> <span class='ocrx_word' id='word_1_184' title='bbox 985 2759 1158 2838; x_wconf 75' lang='lat' dir='ltr'>vicarium,</span> <span class='ocrx_word' id='word_1_185' title='bbox 1175 2759 1233 2844; x_wconf 87' lang='lat' dir='ltr'>qni</span> 
     </span>
     <span class='ocr_line' id='line_1_23' title="bbox 113 2871 1231 2959; baseline 0 -19"><span class='ocrx_word' id='word_1_186' title='bbox 113 2902 132 2940; x_wconf 90' lang='grc' dir='ltr'>ι</span> <span class='ocrx_word' id='word_1_187' title='bbox 147 2883 257 2955; x_wconf 86' lang='lat' dir='ltr'>aetate,</span> <span class='ocrx_word' id='word_1_188' title='bbox 280 2873 426 2940; x_wconf 87' lang='lat' dir='ltr'>moribus</span> <span class='ocrx_word' id='word_1_189' title='bbox 453 2880 489 2938; x_wconf 84' lang='lat' dir='ltr'>et</span> <span class='ocrx_word' id='word_1_190' title='bbox 513 2871 660 2938; x_wconf 89' lang='lat' dir='ltr'>doctrina</span> <span class='ocrx_word' id='word_1_191' title='bbox 686 2874 814 2939; x_wconf 87' lang='lat' dir='ltr'>nonsit</span> <span class='ocrx_word' id='word_1_192' title='bbox 837 2875 955 2958; x_wconf 82' lang='lat' dir='ltr'>gravis</span> <span class='ocrx_word' id='word_1_193' title='bbox 981 2875 1022 2940; x_wconf 83' lang='lat' dir='ltr'>Et</span> <span class='ocrx_word' id='word_1_194' title='bbox 1047 2892 1231 2959; x_wconf 88' lang='lat' dir='ltr'>quanquam</span> 
     </span>
     <span class='ocr_line' id='line_1_24' title="bbox 114 2986 1232 3072; baseline -0.001 -16"><span class='ocrx_word' id='word_1_195' title='bbox 114 3000 227 3058; x_wconf 82' lang='lat' dir='ltr'>«retas</span> <span class='ocrx_word' id='word_1_196' title='bbox 240 2992 282 3056; x_wconf 81' lang='lat'>25</span> <span class='ocrx_word' id='word_1_197' title='bbox 296 3007 455 3054; x_wconf 89' lang='lat' dir='ltr'>annornm</span> <span class='ocrx_word' id='word_1_198' title='bbox 466 2986 624 3053; x_wconf 86' lang='lat' dir='ltr'>sufficiens</span> <span class='ocrx_word' id='word_1_199' title='bbox 638 2989 671 3052; x_wconf 90' lang='lat' dir='ltr'>in</span> <span class='ocrx_word' id='word_1_200' title='bbox 683 2986 758 3072; x_wconf 85' lang='lat' dir='ltr'>jure</span> <span class='ocrx_word' id='word_1_201' title='bbox 779 2994 964 3072; x_wconf 87' lang='lat' dir='ltr'>reputetur,</span> <span class='ocrx_word' id='word_1_202' title='bbox 979 2995 1089 3055; x_wconf 87' lang='lat' dir='ltr'>tamen</span> <span class='ocrx_word' id='word_1_203' title='bbox 1102 2987 1232 3055; x_wconf 80' lang='lat' dir='ltr'>difficile</span> 
     </span>
     <span class='ocr_line' id='line_1_25' title="bbox 115 3104 1232 3193; baseline -0.003 -21"><span class='ocrx_word' id='word_1_204' title='bbox 115 3133 134 3172; x_wconf 88' lang='grc' dir='ltr'>ιι</span> <span class='ocrx_word' id='word_1_205' title='bbox 148 3115 211 3187; x_wconf 87' lang='lat' dir='ltr'>est,</span> <span class='ocrx_word' id='word_1_206' title='bbox 230 3105 319 3193; x_wconf 86' lang='lat' dir='ltr'>qnod</span> <span class='ocrx_word' id='word_1_207' title='bbox 332 3105 367 3170; x_wconf 90' lang='lat' dir='ltr'>in</span> <span class='ocrx_word' id='word_1_208' title='bbox 384 3105 446 3170; x_wconf 89' lang='lat' dir='ltr'>ista</span> <span class='ocrx_word' id='word_1_209' title='bbox 464 3109 560 3169; x_wconf 79' lang='lat' dir='ltr'>etate</span> <span class='ocrx_word' id='word_1_210' title='bbox 577 3105 649 3189; x_wconf 90' lang='lat' dir='ltr'>quis</span> <span class='ocrx_word' id='word_1_211' title='bbox 671 3104 713 3169; x_wconf 88' lang='lat' dir='ltr'>sit</span> <span class='ocrx_word' id='word_1_212' title='bbox 736 3111 871 3188; x_wconf 88' lang='lat' dir='ltr'>aptus...</span> <span class='ocrx_word' id='word_1_213' title='bbox 889 3105 960 3171; x_wconf 88' lang='lat' dir='ltr'>Non</span> <span class='ocrx_word' id='word_1_214' title='bbox 981 3104 1109 3171; x_wconf 86' lang='lat' dir='ltr'>inficior</span> <span class='ocrx_word' id='word_1_215' title='bbox 1121 3113 1232 3171; x_wconf 88' lang='lat' dir='ltr'>tamen</span> 
     </span>
     <span class='ocr_line' id='line_1_26' title="bbox 115 3217 1232 3309; baseline 0.001 -23"><span class='ocrx_word' id='word_1_216' title='bbox 115 3247 133 3286; x_wconf 86' lang='grc' dir='ltr'>ιι</span> <span class='ocrx_word' id='word_1_217' title='bbox 147 3220 239 3309; x_wconf 87' lang='lat' dir='ltr'>quod</span> <span class='ocrx_word' id='word_1_218' title='bbox 251 3239 317 3287; x_wconf 92' lang='lat' dir='ltr'>non</span> <span class='ocrx_word' id='word_1_219' title='bbox 330 3219 433 3305; x_wconf 88' lang='lat' dir='ltr'>possit</span> <span class='ocrx_word' id='word_1_220' title='bbox 443 3219 558 3304; x_wconf 88' lang='lat' dir='ltr'>aliquis</span> <span class='ocrx_word' id='word_1_221' title='bbox 568 3217 697 3304; x_wconf 84' lang='lat' dir='ltr'>juvenis</span> <span class='ocrx_word' id='word_1_222' title='bbox 707 3217 892 3304; x_wconf 88' lang='lat' dir='ltr'>hujusmodi</span> <span class='ocrx_word' id='word_1_223' title='bbox 906 3221 1010 3286; x_wconf 76' lang='lat' dir='ltr'>araus</span> <span class='ocrx_word' id='word_1_224' title='bbox 1026 3220 1095 3286; x_wconf 88' lang='lat' dir='ltr'>acri</span> <span class='ocrx_word' id='word_1_225' title='bbox 1102 3219 1232 3306; x_wconf 87' lang='lat' dir='ltr'>ingenio</span> 
     </span>
     <span class='ocr_line' id='line_1_27' title="bbox 117 3333 1231 3422; baseline 0 -18"><span class='ocrx_word' id='word_1_226' title='bbox 117 3339 361 3406; x_wconf 76' lang='lat' dir='ltr'>«idoneitatem</span> <span class='ocrx_word' id='word_1_227' title='bbox 383 3336 599 3402; x_wconf 87' lang='lat' dir='ltr'>necessariam</span> <span class='ocrx_word' id='word_1_228' title='bbox 614 3335 752 3420; x_wconf 86' lang='lat' dir='ltr'>habere;</span> <span class='ocrx_word' id='word_1_229' title='bbox 775 3335 835 3401; x_wconf 89' lang='lat' dir='ltr'>sed</span> <span class='ocrx_word' id='word_1_230' title='bbox 857 3333 930 3403; x_wconf 88' lang='lat' dir='ltr'>dico</span> <span class='ocrx_word' id='word_1_231' title='bbox 948 3336 1037 3422; x_wconf 88' lang='lat' dir='ltr'>qnod</span> <span class='ocrx_word' id='word_1_232' title='bbox 1049 3356 1141 3404; x_wconf 89' lang='lat' dir='ltr'>casus</span> <span class='ocrx_word' id='word_1_233' title='bbox 1155 3356 1231 3404; x_wconf 89' lang='lat' dir='ltr'>raro</span> 
     </span>
     <span class='ocr_line' id='line_1_28' title="bbox 117 3449 1232 3539; baseline 0 -19"><span class='ocrx_word' id='word_1_234' title='bbox 117 3456 356 3539; x_wconf 79' lang='lat' dir='ltr'>«continget...</span> <span class='ocrx_word' id='word_1_235' title='bbox 373 3453 616 3536; x_wconf 78' lang='lat' dir='ltr'>Ptoptereaque</span> <span class='ocrx_word' id='word_1_236' title='bbox 632 3451 779 3518; x_wconf 85' lang='lat' dir='ltr'>existimo</span> <span class='ocrx_word' id='word_1_237' title='bbox 790 3449 991 3537; x_wconf 90' lang='lat' dir='ltr'>qnodsinon</span> <span class='ocrx_word' id='word_1_238' title='bbox 1005 3453 1107 3537; x_wconf 87' lang='lat' dir='ltr'>possit</span> <span class='ocrx_word' id='word_1_239' title='bbox 1117 3453 1232 3520; x_wconf 85' lang='lat' dir='ltr'>haberi</span> 
     </span>
     <span class='ocr_line' id='line_1_29' title="bbox 117 3565 1232 3655; baseline 0.002 -19"><span class='ocrx_word' id='word_1_240' title='bbox 117 3570 250 3655; x_wconf 77' lang='lat' dir='ltr'>«magis</span> <span class='ocrx_word' id='word_1_241' title='bbox 267 3566 424 3654; x_wconf 87' lang='lat' dir='ltr'>providus</span> <span class='ocrx_word' id='word_1_242' title='bbox 436 3575 472 3633; x_wconf 91' lang='lat' dir='ltr'>et</span> <span class='ocrx_word' id='word_1_243' title='bbox 486 3573 581 3632; x_wconf 85' lang='lat' dir='ltr'>aetate</span> <span class='ocrx_word' id='word_1_244' title='bbox 595 3567 793 3651; x_wconf 83' lang='lat' dir='ltr'>provectior,</span> <span class='ocrx_word' id='word_1_245' title='bbox 815 3565 936 3633; x_wconf 83' lang='lat' dir='ltr'>debeat</span> <span class='ocrx_word' id='word_1_246' title='bbox 952 3586 1022 3633; x_wconf 89' lang='lat' dir='ltr'>esse</span> <span class='ocrx_word' id='word_1_247' title='bbox 1039 3569 1154 3634; x_wconf 83' lang='lat' dir='ltr'>saltem</span> <span class='ocrx_word' id='word_1_248' title='bbox 1175 3570 1232 3639; x_wconf 85' lang='lat' dir='ltr'>trt-</span> 
     </span>
     <span class='ocr_line' id='line_1_30' title="bbox 118 3681 1227 3773; baseline -0.004 -21"><span class='ocrx_word' id='word_1_249' title='bbox 118 3689 238 3773; x_wconf 79' lang='lat' dir='ltr'>«ginta</span> <span class='ocrx_word' id='word_1_250' title='bbox 250 3703 409 3752; x_wconf 84' lang='lat' dir='ltr'>annorum</span> <span class='ocrx_word' id='word_1_251' title='bbox 422 3683 699 3767; x_wconf 88' lang='lat' dir='ltr'>completorum...</span> <span class='ocrx_word' id='word_1_252' title='bbox 724 3704 739 3742; x_wconf 80' lang='lat' dir='ltr'>n</span> <span class='ocrx_word' id='word_1_253' title='bbox 760 3681 871 3768; x_wconf 83' lang='lat' dir='ltr'>(Parte</span> <span class='ocrx_word' id='word_1_254' title='bbox 889 3685 918 3759; x_wconf 90' lang='grc'>1,</span> <span class='ocrx_word' id='word_1_255' title='bbox 933 3683 986 3747; x_wconf 88' lang='lat' dir='ltr'>tit.</span> <span class='ocrx_word' id='word_1_256' title='bbox 1003 3687 1031 3762; x_wconf 89' lang='grc'>1,</span> <span class='ocrx_word' id='word_1_257' title='bbox 1046 3682 1186 3749; x_wconf 85' lang='lat' dir='ltr'>formula</span> <span class='ocrx_word' id='word_1_258' title='bbox 1197 3688 1227 3761; x_wconf 89' lang='lat'>1,</span> 
     </span>
     <span class='ocr_line' id='line_1_31' title="bbox 108 3796 1232 3885; baseline -0.004 -16"><span class='ocrx_word' id='word_1_259' title='bbox 108 3823 148 3870; x_wconf 90' lang='lat' dir='ltr'>n.</span> <span class='ocrx_word' id='word_1_260' title='bbox 174 3804 216 3868; x_wconf 76' lang='lat'>24</span> <span class='ocrx_word' id='word_1_261' title='bbox 243 3808 278 3868; x_wconf 83' lang='lat' dir='ltr'>et</span> <span class='ocrx_word' id='word_1_262' title='bbox 306 3797 389 3885; x_wconf 86' lang='lat' dir='ltr'>seq.)</span> <span class='ocrx_word' id='word_1_263' title='bbox 411 3796 463 3864; x_wconf 79' lang='lat' dir='ltr'>nd</span> <span class='ocrx_word' id='word_1_264' title='bbox 495 3815 566 3883; x_wconf 83' lang='lat' dir='ltr'>quae</span> <span class='ocrx_word' id='word_1_265' title='bbox 592 3796 765 3864; x_wconf 85' lang='lat' dir='ltr'>doctorum</span> <span class='ocrx_word' id='word_1_266' title='bbox 791 3797 1025 3881; x_wconf 88' lang='lat' dir='ltr'>sapientissima</span> <span class='ocrx_word' id='word_1_267' title='bbox 1047 3797 1170 3863; x_wconf 83' lang='lat' dir='ltr'>monita</span> <span class='ocrx_word' id='word_1_268' title='bbox 1203 3800 1232 3864; x_wconf 88' lang='lat' dir='ltr'>si</span> 
     </span>
     <span class='ocr_line' id='line_1_32' title="bbox 115 3910 1232 4004; baseline -0.01 -17"><span class='ocrx_word' id='word_1_269' title='bbox 115 3935 248 4004; x_wconf 87' lang='lat' dir='ltr'>semper</span> <span class='ocrx_word' id='word_1_270' title='bbox 275 3913 515 3991; x_wconf 84' lang='lat' dir='ltr'>attenderetur,</span> <span class='ocrx_word' id='word_1_271' title='bbox 545 3931 611 3979; x_wconf 90' lang='lat' dir='ltr'>non</span> <span class='ocrx_word' id='word_1_272' title='bbox 637 3910 818 3978; x_wconf 88' lang='lat' dir='ltr'>identidem</span> <span class='ocrx_word' id='word_1_273' title='bbox 842 3910 1029 3978; x_wconf 85' lang='lat' dir='ltr'>acciderent</span> <span class='ocrx_word' id='word_1_274' title='bbox 1054 3912 1232 3995; x_wconf 78' lang='lat' dir='ltr'>singulares</span> 
     </span>
     <span class='ocr_line' id='line_1_33' title="bbox 115 4027 1232 4123; baseline -0.006 -21"><span class='ocrx_word' id='word_1_275' title='bbox 115 4034 265 4123; x_wconf 78' lang='lat' dir='ltr'>quedam</span> <span class='ocrx_word' id='word_1_276' title='bbox 280 4031 485 4099; x_wconf 79' lang='lat' dir='ltr'>vicariorum</span> <span class='ocrx_word' id='word_1_277' title='bbox 502 4028 703 4113; x_wconf 79' lang='lat' dir='ltr'>generalium</span> <span class='ocrx_word' id='word_1_278' title='bbox 718 4028 960 4107; x_wconf 79' lang='lat' dir='ltr'>nominationes,</span> <span class='ocrx_word' id='word_1_279' title='bbox 974 4046 1045 4112; x_wconf 83' lang='lat' dir='ltr'>quae</span> <span class='ocrx_word' id='word_1_280' title='bbox 1060 4027 1232 4114; x_wconf 84' lang='lat' dir='ltr'>plusquam</span> 
     </span>
     <span class='ocr_line' id='line_1_34' title="bbox 116 4143 1232 4229; baseline -0.007 -10"><span class='ocrx_word' id='word_1_281' title='bbox 116 4151 321 4218; x_wconf 82' lang='lat' dir='ltr'>mirationem</span> <span class='ocrx_word' id='word_1_282' title='bbox 341 4153 476 4212; x_wconf 90' lang='lat' dir='ltr'>movent</span> <span class='ocrx_word' id='word_1_283' title='bbox 493 4165 500 4229; x_wconf 92' lang='lat'>;</span> <span class='ocrx_word' id='word_1_284' title='bbox 519 4143 632 4229; x_wconf 86' lang='lat' dir='ltr'>qualis,</span> <span class='ocrx_word' id='word_1_285' title='bbox 653 4143 747 4209; x_wconf 78' lang='lat' dir='ltr'>verbi</span> <span class='ocrx_word' id='word_1_286' title='bbox 767 4144 882 4227; x_wconf 83' lang='lat' dir='ltr'>gratia,</span> <span class='ocrx_word' id='word_1_287' title='bbox 900 4161 968 4208; x_wconf 90' lang='lat' dir='ltr'>non</span> <span class='ocrx_word' id='word_1_288' title='bbox 987 4144 1099 4209; x_wconf 86' lang='lat' dir='ltr'>multis</span> <span class='ocrx_word' id='word_1_289' title='bbox 1115 4144 1232 4211; x_wconf 83' lang='lat' dir='ltr'>abhinc</span> 
     </span>
     <span class='ocr_line' id='line_1_35' title="bbox 114 4257 1232 4348; baseline -0.005 -14"><span class='ocrx_word' id='word_1_290' title='bbox 114 4269 209 4334; x_wconf 88' lang='lat' dir='ltr'>annis</span> <span class='ocrx_word' id='word_1_291' title='bbox 217 4263 363 4348; x_wconf 88' lang='lat' dir='ltr'>contigit,</span> <span class='ocrx_word' id='word_1_292' title='bbox 380 4260 459 4327; x_wconf 87' lang='lat' dir='ltr'>dnm</span> <span class='ocrx_word' id='word_1_293' title='bbox 473 4257 603 4346; x_wconf 84' lang='lat' dir='ltr'>qnidam</span> <span class='ocrx_word' id='word_1_294' title='bbox 616 4259 757 4347; x_wconf 86' lang='lat' dir='ltr'>(parcam</span> <span class='ocrx_word' id='word_1_295' title='bbox 768 4259 868 4343; x_wconf 87' lang='lat' dir='ltr'>ipsius</span> <span class='ocrx_word' id='word_1_296' title='bbox 878 4266 914 4325; x_wconf 86' lang='lat' dir='ltr'>et</span> <span class='ocrx_word' id='word_1_297' title='bbox 925 4260 1074 4344; x_wconf 79' lang='lat' dir='ltr'>Episcopi</span> <span class='ocrx_word' id='word_1_298' title='bbox 1087 4269 1123 4327; x_wconf 86' lang='lat' dir='ltr'>et</span> <span class='ocrx_word' id='word_1_299' title='bbox 1133 4262 1232 4329; x_wconf 87' lang='lat' dir='ltr'>etiam</span> 
     </span>
     <span class='ocr_line' id='line_1_36' title="bbox 114 4372 1230 4467; baseline -0.003 -21"><span class='ocrx_word' id='word_1_300' title='bbox 114 4380 257 4467; x_wconf 87' lang='lat' dir='ltr'>regionis</span> <span class='ocrx_word' id='word_1_301' title='bbox 270 4374 402 4462; x_wconf 83' lang='lat' dir='ltr'>nomini)</span> <span class='ocrx_word' id='word_1_302' title='bbox 421 4375 489 4462; x_wconf 91' lang='lat' dir='ltr'>qui,</span> <span class='ocrx_word' id='word_1_303' title='bbox 506 4394 525 4440; x_wconf 90' lang='lat' dir='ltr'>a</span> <span class='ocrx_word' id='word_1_304' title='bbox 542 4374 691 4441; x_wconf 68' lang='lat' dir='ltr'>saeculari</span> <span class='ocrx_word' id='word_1_305' title='bbox 714 4372 757 4440; x_wconf 90' lang='lat' dir='ltr'>ad</span> <span class='ocrx_word' id='word_1_306' title='bbox 776 4373 961 4440; x_wconf 89' lang='lat' dir='ltr'>clericalem</span> <span class='ocrx_word' id='word_1_307' title='bbox 976 4376 1076 4442; x_wconf 76' lang='lat' dir='ltr'>vitam</span> <span class='ocrx_word' id='word_1_308' title='bbox 1094 4376 1230 4462; x_wconf 84' lang='lat' dir='ltr'>gradmn</span> 
     </span>
    </p>
   </div>
   <div class='ocr_carea' id='block_1_3' title="bbox 0 0 1362 4980">
    <p class='ocr_par' dir='ltr' id='par_1_3' title="bbox 0 0 1362 4980">
     <span class='ocr_line' id='line_1_37' title="bbox 0 0 1362 4980; baseline 0 0"><span class='ocrx_word' id='word_1_309' title='bbox 0 0 1362 4980; x_wconf 95' lang='lat' dir='ltr'> </span> 
     </span>
    </p>
   </div>
  </div>
 </body>
</html>
