2714 4980
144 288 215 351 308·
496 302 683 352 immarus
704 305 749 350 or
771 305 920 354 runicus,

146 429 274 494 «etiam
287 426 349 494 hoc
364 433 427 511 ope
440 416 651 503 distinctionis
664 428 774 497 decidi
784 438 904 515 potest.
921 432 1005 498 Nam
1016 431 1140 516 triplex
1150 429 1246 518 hujus

144 541 261 609 «modi
278 543 534 627 propositionum
554 545 680 627 species
702 554 763 626 est,
787 545 942 614 videlieet
962 551 995 612 1⁰
1011 548 1190 634 propositio
1200 567 1247 614 ne·

142 661 278 746 «gativa
288 681 371 744 para
389 663 565 743 simplexea
583 664 833 744 indeterminata,
853 682 926 749 quae
946 663 1133 731 nonhabet
1150 663 1248 732 deter-

139 799 156 840 «
169 777 379 843 minationem
388 777 451 842 loci
462 779 618 861 temporis
628 780 682 844 rel
693 779 828 846 alterius
839 781 1092 848 circumstantiae
1107 783 1246 870 (exempli

135 897 269 981 «gratia
285 895 415 981 quando
435 896 523 985 Reus
538 895 640 962 dicit:
659 915 725 962 non
741 898 907 977 contraxi,
928 918 994 964 non
1011 901 1173 982 mutuavi,
1193 919 1246 966 non

137 1034 154 1076 a
168 1032 239 1078 sum
252 1013 379 1093 citatus,
396 1011 489 1097 ete).
504 1016 539 1079 2⁰
551 1014 708 1097 Negatira
719 1013 799 1079 facti
810 1018 1027 1098 determinata·
1038 1036 1113 1102 quaa
1122 1018 1244 1083 limitata

136 1138 218 1197 «est
230 1137 321 1196 certo
333 1130 417 1208 loco,
433 1136 582 1214 tempore
594 1137 629 1195 et
642 1131 710 1196 aliis
725 1131 977 1199 circumstantiis
990 1133 1041 1221 (ut
1053 1136 1081 1200 si
1097 1135 1190 1201 testis
1202 1133 1243 1200 rel

133 1269 151 1311 α
164 1255 256 1314 actor
266 1247 364 1326 dicat,
378 1247 496 1312 Titium
508 1247 706 1313 contraxisse
719 1248 960 1315 matrimonium
975 1266 1051 1316 cum
1068 1248 1180 1330 Berta,
1197 1249 1241 1316 tali

134 1363 248 1442 «loco,
272 1371 432 1447 tempore,
455 1360 549 1448 eto).
578 1367 613 1429 3⁰
636 1364 786 1449 Denique
808 1366 989 1448 propositio
1008 1368 1163 1451 negativa
1175 1386 1242 1451 pro

132 1503 149 1542 α
163 1501 276 1564 gnuog
289 1481 366 1566 quia
376 1479 502 1546 scilicet
511 1480 696 1546 virtualiter
707 1488 741 1547 et
751 1481 909 1564 implicite
925 1484 1073 1549 continet
1086 1483 1123 1549 in
1136 1502 1171 1550 se
1183 1501 1241 1568 pro

131 1598 357 1682 «positionem
375 1597 596 1662 affirmativam
613 1619 620 1662 :
642 1604 680 1662 ut
695 1599 807 1682 siquis
823 1597 912 1664 dicat
930 1617 964 1666 sa
981 1618 1049 1665 non
1069 1609 1185 1684 sponte
1199 1619 1240 1667 ra·

130 1714 324 1779 «nuntiasse
338 1713 512 1797 benefici03
529 1731 604 1778 nam
615 1712 667 1778 hic
680 1713 834 1796 implicite
847 1715 963 1781 asserit
978 1714 1041 1782 sibi
1055 1717 1124 1782 vim
1134 1715 1239 1783 illatam

57 1861 60 1867 ·
129 1832 189 1896 «in
205 1828 444 1898 renuntiatione
462 1828 623 1897 beneficii.

174 1972 191 2012 «
215 1951 263 2015 Ex
277 1948 337 2024 his,
355 1952 464 2012 ultimo
479 1967 498 2013 a
512 1953 653 2031 negante
670 1947 803 2030 probari
817 1956 928 2032 potest
950 1955 986 2014 et
1008 1946 1113 2015 debet
1133 1949 1236 2037 (capite

128 2072 253 2150 «Super
270 2068 323 2129 boc
337 2069 366 2144 5,
388 2069 425 2129 de
442 2069 688 2143 Renuntiatum
706 2098 752 2113 -·-
768 2066 875 2149 capite
892 2065 991 2143 finali,
1009 2069 1048 2130 cte
1061 2071 1191 2133 smoe«.
1205 2067 1237 2129 ol

128 2191 278 2264 «intest.;
295 2217 342 2230 -
359 2181 433 2266 lege
454 2185 489 2246 Sa·
501 2181 587 2259 filius
609 2184 640 2258 8,
668 2180 702 2245 ff.
726 2184 764 2244 de
786 2179 1044 2267 Probutionibus).
1065 2183 1161 2250 Ratio
1182 2189 1233 2262 cst,

127 2301 231 2386 «quia
244 2299 402 2365 asserenti
415 2296 573 2362 incumbit
585 2295 750 2381 probatio;
768 2296 826 2363 sed
839 2297 896 2383 qui
909 2298 1014 2365 utitur
1025 2298 1235 2383 propositione

126 2417 307 2500 «negativa
325 2421 524 2499 pregnante,
543 2413 675 2497 asserit3
692 2431 781 2497 ergo.
892 2492 893 2495 Ἴ

169 2535 357 2611 «seranda,
388 2550 446 2596 seu
472 2530 620 2613 negativa
650 2527 879 2608 determinata,
905 2550 924 2593 a
946 2538 1088 2614 negante
1114 2528 1236 2615 probari

124 2647 310 2714 «indirecte
324 2653 444 2732 potest,
457 2648 484 2712 si
493 2647 617 2712 scilicet
635 2647 754 2730 probet
772 2665 859 2713 seeo
876 2655 1027 2730 tempore
1040 2639 1076 2712 in
1090 2648 1155 2713 alio
1172 2648 1235 2716 loco

123 2784 227 2832 «cum
238 2767 307 2830 aliis
319 2764 466 2848 personis
479 2761 590 2840 fuisse,
610 2770 690 2845 etc.;
703 2760 762 2828 sed
773 2763 907 2846 probari
917 2761 1039 2847 abipso
1054 2782 1123 2829 non
1136 2779 1236 2829 necea·

121 2882 236 2946 «sario
263 2879 364 2946 debet
384 2878 500 2964 (capite
518 2881 570 2941 Ea
584 2885 683 2941 tenore
701 2880 755 2955 35,
774 2880 812 2940 de
829 2880 982 2957 Pedibus,-
998 2878 1136 2963 -lege
1158 2875 1236 2962 Opti·

122 3019 231 3063 «neom
249 2997 301 3074 14,
318 3015 347 3061 c.
365 2998 403 3058 de
417 2995 562 3059 Contrab.
588 2991 722 3077 stipat).
746 2992 878 3076 Excipe,
894 2994 955 3058 nisi
965 3012 1068 3078 super
1084 2991 1236 3080 ejusmodi

122 3113 366 3199 «propositione
377 3109 528 3194 negativa
539 3129 610 3174 eam
625 3109 769 3192 allegans
778 3107 897 3174 fundet
904 3110 1120 3176 intentionem
1129 3127 1233 3177 suam:

121 3238 229 3295 «tunc
250 3229 335 3293 enim
362 3227 451 3292 illam
472 3213 613 3310 probare
632 3225 749 3310 debet;
772 3245 847 3292 cum
869 3225 983 3311 regula
1004 3229 1170 3311 generalia
1185 3229 1232 3306 ait,

122 3342 330 3431 «quemlibet
343 3328 479 3426 obligari
490 3341 534 3408 ad
548 3341 755 3426 probandum
769 3341 815 3420 id,
838 3342 927 3428 quod
940 3349 992 3410 est
1005 3363 1105 3411 causa
1119 3351 1154 3411 et
1167 3344 1235 3411 fun·

121 3461 340 3528 «dementum
357 3460 545 3526 intentionis
558 3477 636 3524 suaa.

164 3599 181 3640 a
205 3582 327 3655 Prima,
361 3594 419 3640 seu
447 3576 597 3658 negativa
629 3594 726 3660 pura,
756 3594 822 3641 non
850 3582 961 3659 potest
986 3575 1122 3659 probari
1156 3577 1233 3665 (lege

119 3699 237 3760 «Actor
251 3696 305 3771 23,
321 3712 350 3757 c.
366 3696 403 3757 de
420 3695 666 3772 Procuranda«
681 3727 727 3740 -·
748 3693 853 3776 capite
883 3697 974 3757 aaa«
996 3695 1051 3770 23,
1069 3697 1109 3758 de
1126 3690 1231 3778 Euat.)

118 3813 241 3878 «Ratio
254 3818 314 3888 est,
328 3810 402 3895 qnia
416 3810 605 3892 negationis,
626 3816 740 3893 utpote
761 3828 828 3875 non
848 3811 943 3888 entis,
958 3810 1054 3875 nulla
1068 3817 1147 3876 sunt
1162 3830 1234 3878 cau·

119 3943 200 4007 «sae,
217 3929 314 3994 nullae
332 3925 534 4004 differentiae,
548 3927 645 3991 nulla
668 3929 897 4010 proprietates,
912 3945 931 3993 a
949 3927 1067 4012 quibus
1080 3929 1166 3996 sicut
1178 3927 1232 3996 de·

117 4069 133 4108 a
148 4045 310 4110 finitiones
323 4045 368 4108 ita
382 4048 417 4108 et
431 4041 638 4125 probationes
650 4041 858 4108 desumenda
874 4050 969 4126 sunt;
987 4062 1062 4109 curn
1085 4045 1230 4129 probatio

117 4160 224 4226 «nihil
240 4158 334 4250 aliud
351 4158 392 4223 sit
410 4176 508 4244 quam
530 4177 609 4223 aera
628 4157 765 4243 alicujus
789 4158 868 4224 facti
889 4157 1036 4225 definitio
1053 4167 1089 4226 et
1102 4159 1229 4227 demon·

116 4276 268 4343 «stratio.
298 4304 311 4330 a
337 4273 647 4362 (Schmalzgrueben
671 4276 705 4340 in
729 4276 780 4341 tit.
801 4277 853 4353 19,
871 4274 945 4341 libri
964 4276 984 4339 2
1001 4273 1224 4354 decretalium,

114 4415 146 4461 n.
169 4397 209 4459 33
228 4389 355 4476 etseq.)
