2714 4980
129 269 193 335 408
469 286 658 334 rasorxrus
681 288 725 334 on
747 285 895 335 romeus

128 420 182 477 cet
199 411 233 477 id
249 410 421 486 dedeceat,
439 418 476 475 ut
491 410 524 473 in
538 411 600 476 boc
611 413 718 495 capite
728 411 860 477 dicitur.
879 409 1026 475 Tandem
1040 408 1240 478 adducuntur

128 528 235 611 capita
252 529 290 590 14
310 532 343 591 11
367 528 407 590 15
429 526 678 603 titulantur
696 530 708 590 1
735 525 966 610 decretalium;
986 524 1046 592 sed
1060 545 1241 611 perperam:

126 643 160 708 in
175 644 276 726 priori
296 643 383 709 enim
407 641 598 708 decernitur
613 651 662 721 ut,
681 645 708 709 si
724 644 901 727 Episcopus
925 643 958 707 iu
981 663 1040 710 sua
1055 643 1188 709 dioecesi
1201 644 1243 710 di·

127 778 228 826 versae
242 760 358 843 linguae
374 758 558 844 diversique
571 762 656 824 ritus
668 760 805 845 populos
818 759 947 838 habeat,
961 760 1010 825 ibi
1025 764 1125 825 111111
1136 765 1244 843 Episcc

122 896 197 958 pam
209 876 243 939 in
254 876 304 939 sui
314 875 478 939 Vicarium
494 876 679 941 constituat.
697 876 792 957 Quod
805 884 916 943 autem
929 885 1025 943 extra
1039 877 1131 942 hunc
1144 897 1244 945 casum

127 990 247 1058 debeat
259 992 445 1076 generalem
454 992 619 1057 Vicarium
630 992 763 1071 habere,
772 1013 814 1058 ne
829 993 934 1059 verbo
945 984 1082 1078 quidem
1093 995 1241 1061 innuitur.

126 1110 349 1194 Inposteriori
366 1117 476 1175 autem
501 1109 606 1192 capite
621 1108 817 1192 disponitur,
844 1119 882 1176 ut
905 1112 1088 1196 Episcopus
1112 1132 1174 1196 per
1191 1114 1244 1179 sei·

126 1243 222 1309 psum
235 1245 301 1289 non
314 1226 425 1290 valens
449 1223 645 1290 sufficienter
665 1224 844 1309 praedicare
864 1233 899 1292 et
913 1225 1126 1294 Sacramenta
1151 1227 1243 1292 adrni-

125 1341 276 1419 nistrare,
294 1360 353 1424 per
367 1341 445 1405 alios
464 1339 498 1405 id
515 1339 631 1406 faciat:
653 1346 728 1406 Cam
739 1362 816 1423 saepe
830 1347 986 1423 coattaqat
1000 1345 1082 1423 qaod
1096 1347 1240 1425 Episcopi,

13 1544 15 1548 y
122 1460 1241 1540 111ρὶ11111111111111111111111111111,111111111111111111111111111...,

121 1593 178 1655 par
195 1578 306 1654 scipsos
320 1592 380 1636 111
394 1573 547 1652 sufficiant
564 1578 738 1636 ministrare
758 1576 885 1637 Verbum
898 1577 956 1638 Dei
971 1575 1150 1655 Popula„
1167 1594 1245 1656 gerac-

22 1739 24 1743 ,
126 1691 188 1752 rob·
202 1694 412 1752 constitutione
429 1693 589 1767 1111111111,
610 1696 645 1751 11
659 1694 741 1751 ciros
752 1692 873 1752 idoneos
883 1692 925 1753 ad
937 1696 1051 1753 sanctae
1059 1693 1245 1771 predicatio

125 1811 174 1869 ais
185 1806 320 1886 officiam
334 1811 500 1868 1111111111.
518 1805 596 1885 Quae
612 1812 703 1870 certe
719 1804 820 1870 verba
832 1803 874 1870 de
887 1805 1026 1871 Vicariis
1042 1805 1245 1888 generalibus

125 1921 253 1986 minime
272 1918 483 2002 intelligenda
499 1926 586 1983 sunt.
609 1920 694 2002 Ergo
717 1922 749 1982 1⁰
765 1928 877 1985 textus
889 1919 972 2005 juris
984 1921 1119 2003 positivi
1136 1924 1192 2007 qui
1204 1920 1245 1987 af-

125 2038 207 2103 ferri
225 2037 341 2115 solent,
360 2036 546 2101 nullatenus
567 2035 709 2119 probant
727 2034 847 2101 dictam
867 2037 1107 2121 Episcoporum
1132 2039 1246 2122 obliga·

124 2155 247 2219 tionem
260 2152 405 2218 Vicarius
418 2152 587 2235 generales
603 2151 665 2216 sibi
677 2151 904 2218 constituendi.
920 2155 953 2216 2⁰
969 2154 1245 2238 Nequeprobatur

124 2270 179 2335 illa
193 2267 344 2352 obligatio
361 2287 401 2332 ex
413 2266 488 2352 jure
506 2267 647 2333 naturali
665 2289 671 2332 :
688 2286 764 2332 nam
778 2265 831 2352 jus
848 2269 998 2334 naturale
1018 2270 1171 2352 postulat
1181 2270 1243 2355 qui·

125 2386 202 2453 dem
217 2394 255 2451 ut
278 2387 464 2469 Episcopus,
488 2386 544 2469 qui
560 2403 621 2467 per
636 2384 777 2468 seipsum
798 2403 859 2467 par
877 2393 1009 2450 nonest
1031 2387 1098 2451 toti
1116 2386 1244 2453 admini-

125 2499 268 2567 strandae'
296 2501 439 2580 dioecesi,
474 2502 611 2568 aliorum
637 2519 738 2584 opera
761 2507 901 2565 utatur:
921 2507 1036 2565 atvero
1064 2501 1243 2568 nullatenus

124 2619 271 2703 praecipit
286 2627 325 2684 ut
337 2619 371 2684 hi
387 2621 621 2703 Episcoporum
637 2621 843 2686 auxiliatores
859 2621 976 2686 Vicarii
992 2623 1169 2703 generales
1182 2640 1242 2688 esse

125 2733 278 2812 debcant,
295 2737 402 2818 potius
418 2753 515 2818 quam
530 2736 612 2801 meri
630 2734 784 2827 delegati.
811 2734 907 2800 Haud
928 2733 1068 2800 dubium
1083 2739 1165 2821 qum
1177 2737 1241 2821 Epi-

124 2870 241 2936 scopus
262 2851 327 2934 legi
349 2851 490 2916 naturali
513 2850 698 2929 satisfaciat,
728 2852 754 2916 si
774 2851 919 2917 virorum
942 2850 1142 2918 idoneorum
1167 2851 1240 2918 suda

125 2969 225 3034 cienti
239 2987 376 3033 numero
385 2967 644 3053 jurisdictionem
661 2986 752 3033 suam
769 2967 911 3051 deleget,
931 2968 1056 3053 aliquas
1080 2968 1240 3035 dumtaxat

123 3083 256 3167 singulis
271 3084 476 3167 negotiorum
487 3083 612 3167 speeies
630 3081 851 3166 expediendas
870 3084 1088 3149 committens.
1107 3085 1182 3166 Quo
1200 3090 1239 3148 ta-

123 3218 198 3264 men
214 3219 300 3277 casu,
320 3200 429 3265 nullus
447 3199 570 3264 extabit
591 3200 626 3263 in
642 3199 775 3265 dioecesi
789 3199 935 3265 Vicarius
956 3201 1131 3282 generalis.
1157 3198 1239 3268 Haud

122 3323 233 3380 tamen
252 3315 376 3380 inficias
389 3315 473 3380 imus
486 3316 565 3399 quin
582 3315 762 3398 generatim
778 3314 890 3380 utilius
916 3315 957 3380 sit
978 3317 1137 3382 constitui
1157 3318 1238 3382 Vica-

122 3433 207 3497 rium
240 3432 447 3514 generalem
478 3430 565 3496 unde
589 3439 624 3497 et
652 3451 737 3515 saepe
763 3432 897 3515 contigit
926 3453 945 3496 a
970 3433 1071 3498 sacris
1097 3432 1238 3500 Romanis

122 3546 432 3630 Gongrcgationibus
455 3545 491 3612 id
519 3547 552 3610 in
571 3547 697 3612 casibus
722 3547 971 3630 particrdaribus
994 3549 1158 3632 praecipi:
1190 3545 1237 3615 sed

120 3664 211 3731 aliud
226 3672 275 3730 est
283 3664 386 3748 magis
395 3664 553 3747 expedire
565 3665 708 3747 aliquam
724 3663 968 3729 administrandi
983 3664 1142 3744 formam,
1159 3661 1236 3732 alind
1270 3650 1273 3655 ’

120 3801 191 3849 eam
205 3783 311 3867 aliqua
318 3801 358 3846 ex
367 3783 438 3866 lege
449 3781 672 3865 obligatoriam
685 3781 835 3847 evasisse.
850 3783 937 3847 Vera
944 3801 1022 3866 ergo
1033 3789 1086 3848 est
1096 3782 1235 3849 doctrina

118 3901 219 3978 Rotae,
239 3919 305 3965 non
319 3901 428 3966 teneri
451 3899 493 3966 de
509 3900 584 3986 jure
600 3901 764 3965 communi
786 3900 982 3984 Episcopum
999 3899 1042 3966 ad
1058 3901 1234 3968 habendum

122 4017 285 4081 vicarium
301 4016 498 4100 generalem.

162 4135 288 4215 Objtcies
304 4133 481 4199 contrarias
490 4132 593 4199 Sacrae
612 4133 875 4217 Congregationis
889 4134 1127 4217 Episcoporum
1142 4143 1234 4201 1111-

114 4247 287 4328 galerium,
299 4249 353 4313 rel
367 4249 464 4314 etiam
479 4249 620 4327 Concilii,
634 4246 879 4315 declarationes
893 4247 1090 4332 Respondeo
1104 4271 1111 4315 :
1130 4249 1234 4314 l⁰Plu·

115 4363 179 4431 ries
198 4362 330 4447 quidem
346 4363 549 4432 declaratum
570 4364 668 4432 111111
693 4363 793 4430 talem
814 4363 1021 4448 Episcopum,
1039 4365 1153 4448 positis
1169 4381 1233 4448 par·
