2714 4980
572 347 652 396 rans
674 347 788 395 nnrua.
1169 331 1233 396 329

117 471 246 557 Panis),
267 470 325 537 ubi
336 479 449 556 aperte
463 471 605 538 hebetur
618 470 661 536 ad
679 470 840 554 poenalem
865 470 1059 536 senteutiam
1077 488 1142 535 non
1163 487 1233 536 esse

116 587 378 666 deveniendum,
404 588 465 653 nisi
484 587 571 654 Reus
594 586 694 652 fuerit
717 586 893 665 confessus,
917 585 971 652 vel
991 583 1235 669 probationibus

117 704 305 770 clarissimis
335 703 510 770 convictus.
541 706 575 766 5⁰
598 703 683 787 Lege
706 702 819 767 ultima
840 702 929 768 tituli
951 704 989 767 de
1004 702 1235 767 Probatiocc'bm

114 821 310 888 lastinianei
328 819 460 900 codicis,
487 820 544 886 ubi
563 817 606 885 ad
628 817 801 885 ferendam
828 818 1021 884 sententiam
1040 815 1235 882 condemna·

114 937 239 1002 toriam
252 937 285 1001 in
299 935 518 1029 criminalibus
532 936 747 1021 requiruntur
760 933 968 1019 probationes
980 930 1183 1011 indubitate,
1200 938 1236 998 et

114 1053 193 1119 luce
217 1050 396 1118 meridiana
414 1051 576 1118 clariores.
598 1052 634 1117 6⁰
652 1051 718 1116 Hac
734 1049 860 1114 ratione
883 1070 890 1113 :
909 1046 999 1133 quod
1011 1048 1235 1131 presumptio-

114 1187 178 1234 nes
191 1168 398 1253 quantumvis
411 1167 623 1233 vehementes
640 1167 714 1244 sint,
732 1165 794 1230 boc
805 1165 877 1249 ipso
892 1162 981 1251 quod
998 1183 1064 1229 non
1084 1163 1147 1227 sint
1165 1179 1237 1246 pro

114 1281 267 1348 bationes
290 1282 422 1366 proprie
452 1280 566 1360 dicte,
593 1281 723 1346 omnino
752 1287 880 1345 certam
899 1296 964 1343 uon
988 1277 1113 1343 iaciunt
1131 1279 1235 1343 Reum

117 1396 314 1484 deliquisse;
332 1395 420 1462 unde
436 1397 463 1461 si
478 1384 723 1475 condemnetur,
747 1396 894 1462 absolute
914 1392 1064 1460 accidere
1084 1411 1177 1478 posse
1198 1398 1236 1458 ut

116 1512 241 1600 injusta
253 1514 295 1579 sit
307 1511 550 1598 condemnati03
572 1533 637 1599 quo
652 1519 759 1579 stante
778 1512 936 1598 periculo,
954 1532 995 1578 ex
1010 1513 1079 1596 ipso
1090 1510 1164 1597 jare
1179 1530 1235 1576 na·

115 1629 217 1696 turali
228 1627 397 1714 prohiberi
410 1649 452 1697 ne
466 1629 694 1698 condemnatio
707 1631 949 1713 pronuntietur.

158 1737 203 1802 II.
222 1740 396 1819 Ecpccitur
408 1743 557 1802 scatentia
570 1739 739 1818 affirmans.
752 1775 797 1787 -
808 1738 884 1803 Hec
901 1735 1040 1801 sustinet
1053 1752 1148 1818 posse
1159 1753 1235 1799 con-

116 1852 267 1919 demnari
280 1852 384 1919 Reum
399 1872 440 1918 ex
454 1852 550 1919 nudis
564 1853 881 1938 presumptionibus,
900 1851 997 1919 modo
1009 1853 1072 1917 sint
1085 1851 1234 1917 violente

117 1977 152 2035 et
166 1968 325 2035 moralem
343 1969 572 2036 certitudinem
588 1968 757 2035 inducant.
778 1968 899 2034 Nititur
915 1971 948 2032 1⁰
966 1968 1071 2052 capite
1088 1970 1139 2031 Ec
1154 1971 1236 2030 litte·

117 2094 163 2151 rts
179 2088 246 2174 (12,
263 2091 301 2152 dc
320 2082 633 2170 murmuratores),
650 2084 708 2151 ubi
726 2084 907 2150 exactibus
923 2083 1082 2149 adulterio
1104 2083 1235 2166 propin-

116 2205 189 2290 quis
208 2203 376 2288 judicatur
400 2202 533 2270 adulter
558 2201 762 2268 manifestus.
789 2204 823 2266 20
844 2203 928 2285 Lege
955 2200 1067 2265 ultima
1089 2199 1177 2264 tituli
1198 2201 1236 2264 dc

116 2321 351 2385 Probaticctbus
370 2319 404 2382 iu
422 2319 623 2384 iustinianeo
648 2317 771 2396 codice,
792 2316 851 2382 ubi
867 2315 909 2382 ad
933 2314 1236 2383 condemnationem

116 2434 151 2499 in
165 2433 387 2500 criminalibus
396 2434 553 2500 statuitur
563 2432 711 2500 sufficere
722 2435 820 2500 etiam
831 2433 959 2500 indicia.
977 2433 1236 2518 respuemus
1320 2485 1322 2490 .

119 2553 164 2638 (1,
181 2555 220 2617 dc
235 2549 547 2635 Presumpticcibm),
569 2551 626 2616 nbi
646 2558 800 2636 tanquam
815 2551 948 2616 noxium
965 2548 1152 2616 habendum
1165 2567 1236 2615 esse

116 2666 250 2744 dicitur,
265 2685 340 2733 eum
358 2667 415 2752 qui
431 2665 587 2732 delictum
608 2667 778 2745 commisit,
793 2665 853 2732 sed
871 2664 949 2731 dicit
969 2669 1073 2730 lucem
1091 2670 1164 2747 secu
1181 2684 1237 2730 cu-

112 2784 168 2870 jus
186 2781 327 2869 proinde
345 2786 427 2847 mala
441 2789 569 2848 intentio
583 2785 617 2848 in
633 2780 794 2866 patrando
811 2782 944 2848 crimine
960 2781 1093 2848 videtur
1109 2800 1150 2847 cx
1169 2780 1235 2847 sola

116 2901 374 2985 presumptione
391 2897 541 2985 judicari.
560 2900 595 2963 4⁰
610 2900 678 2965 Hac
696 2899 845 2964 ratione:
863 2895 953 2981 qaod
967 2891 1236 2981 presumptiones

115 3013 252 3103 quando
268 3014 418 3081 violente
433 3032 492 3079 seu
508 3012 719 3078 vehementes
734 3018 821 3091 sunt,
836 3010 1081 3095 probationibus
1096 3010 1235 3095 equira-

114 3133 219 3208 leant,
236 3149 275 3195 ac
288 3128 426 3213 proinde
448 3127 602 3194 eumdem
617 3127 770 3195 effectum
784 3129 892 3195 sortiri
906 3126 1060 3193 debeant.

160 3246 222 3312 111.
241 3249 415 3328 deponitur
435 3252 525 3310 tertio
545 3251 705 3309 sententia.
720 3246 849 3311 -Haec
868 3251 961 3311 tenet
980 3244 1091 3328 puniri
1104 3243 1237 3331 quidem

114 3380 213 3448 posse
232 3362 338 3427 Reum
360 3380 401 3426 cu
418 3360 568 3426 violentis
586 3360 913 3444 presumptionibns3
929 3380 994 3427 non
1014 3366 1123 3426 tamen
1142 3380 1237 3445 pena

115 3476 295 3556 ordinaria,
314 3475 374 3542 sed
388 3476 503 3542 minori
518 3475 560 3541 ad
575 3475 746 3541 arbitrium
755 3473 884 3560 judicis.
904 3479 1047 3564 Proque
1061 3475 1238 3545 adducitur

115 3600 218 3679 caput
235 3595 277 3660 to
288 3598 322 3659 et
340 3597 438 3677 caput
455 3595 507 3670 14,
521 3596 558 3656 de
576 3597 762 3674 Purqatiocc
776 3599 935 3673 canocice·
950 3613 1076 3660 necnon
1095 3593 1150 3661 lex
1170 3599 1237 3660 Vim

110 3730 252 3797 passam,
269 3708 302 3774 ff.
320 3712 357 3774 dc
370 3712 475 3775 Aaou.

160 3827 219 3891 lv.
238 3825 350 3890 Stante
368 3825 424 3890 illo
439 3822 611 3891 doctorum
630 3823 774 3903 dissidio,
797 3826 925 3909 putarit
948 3823 1236 3912 Schmalzgrueber

112 3944 179 4010 boc
194 3940 294 4007 modo
310 3940 467 4024 distingui
482 3960 596 4024 posse:
619 3945 654 4036 1⁰⁴
667 3941 710 4007 ob
730 3945 822 4005 levem
838 3942 1127 4027 presumptionem
1141 3963 1236 4010 nemo

113 4056 328 4125 condemnari
341 4064 450 4140 potest
462 4059 559 4123 etiam
576 4056 619 4122 ad
632 4076 762 4141 poencm
776 4057 938 4125 ordinaria
952 4058 1121 4125 minorem.
1141 4063 1175 4126 20
1190 4062 1237 4128 Ex

114 4173 373 4260 presumptione
380 4179 465 4256 juris
480 4181 509 4238 et
524 4177 644 4256 dejure
657 4182 765 4258 potest
781 4175 869 4239 Reus
885 4173 1092 4241 condemnari
1106 4175 1149 4242 ad
1167 4196 1236 4261 poe-

113 4307 192 4356 nam
207 4290 306 4355 etiam
320 4287 516 4355 ordinariam
530 4309 538 4373 3
555 4289 630 4375 quia
646 4308 764 4373 nempe
780 4290 834 4354 lex
849 4291 883 4354 in
901 4290 961 4356 hoc
978 4309 1052 4357 casu
1066 4292 1139 4359 vult
1154 4312 1237 4377 pre·

114 4406 336 4491 sumptionem
354 4404 469 4472 haberi
493 4423 553 4490 pro
573 4406 731 4490 veritate3
746 4404 835 4472 unde
856 4407 918 4473 nisi
934 4408 1008 4474 talis
1027 4411 1234 4494 presumptio
