2714 4980
499 296 579 344 runs
601 293 760 342 secunus.
912 279 915 283 ’
1122 275 1185 340 473

68 427 182 513 grinm
197 423 349 512 (portel,
366 426 447 489 sect.
463 423 493 497 l,
512 438 545 484 n.
565 415 620 502 20)
637 439 645 484 :
668 446 680 472 a
696 417 738 483 lit
746 434 812 482 non
826 421 946 499 potest,
963 413 1079 502 inquit,
1094 434 1114 480 a
1130 415 1189 481 vi·

73 544 193 609 «cano
207 539 370 607 removeri
386 538 428 604 ab
446 535 560 614 officio,
578 532 709 620 quando
729 533 793 598 fuit
812 531 936 615 positus
951 539 986 596 et
1007 530 1132 598 electus
1144 529 1188 597 ab

70 660 264 745 «Episcopo
284 673 359 722 cnm
377 655 511 737 salari03
532 651 680 738 quamn
705 649 785 716 alius
800 650 972 715 Promotor
996 645 1113 712 fiscalis
1134 664 1186 713 as·

70 803 86 830 α
102 767 255 858 sumptus
266 791 327 857 per
340 771 484 856 judicem
504 770 538 835 in
554 770 661 855 aliqua
685 785 793 844 causa,
810 766 911 851 possit
933 763 975 830 ad
1000 772 1116 830 nutum
1132 783 1186 831 re·

69 920 84 943 «
104 889 273 957 moveri.»

111 1009 145 1073 3.
163 1005 202 1070 In
225 1001 456 1069 constituendo·
468 1009 579 1068 antem
597 1003 788 1068 Promotore
802 998 915 1076 fiscali,
936 995 1120 1064 curandum
1134 1004 1187 1064 est

61 1127 107 1188 ut
118 1120 342 1205 juramentum
364 1126 508 1203 prestet.
533 1117 676 1184 «Debet
688 1115 801 1201 jurare
827 1115 882 1201 (ait
902 1113 1055 1181 laudatus
1078 1112 1193 1207 Pelle-¹

66 1268 82 1292 α
98 1237 225 1321 grinns,
256 1236 354 1302 citato
376 1233 514 1322 locellin
540 1234 698 1318 principio
714 1231 806 1298 officii
820 1231 871 1296 sui
886 1230 929 1297 de
948 1229 1033 1295 bene
1048 1227 1185 1295 admini-

66 1385 81 1408 «
99 1351 246 1431 strando,
262 1359 301 1417 ut
312 1361 405 1419 notat
421 1352 563 1436 Angelus
580 1351 624 1438 (in
640 1351 749 1434 legem
767 1354 803 1415 Si
817 1354 968 1427 amantio,
995 1345 1126 1423 codicis,
1147 1347 1185 1410 dc

65 1501 80 1524 α
98 1474 194 1534 Bonis
218 1472 404 1547 uocantibus,
431 1467 515 1534 libro
539 1464 604 1550 10),
625 1484 723 1552 quem
745 1465 850 1530 refert
874 1463 1081 1548 prepositus.
1096 1509 1127 1529 ..
1149 1468 1185 1527 et

66 1615 80 1639 a
100 1582 289 1650 Bernerdus
305 1585 401 1650 Diaz.
415 1632 424 1649 .
438 1614 469 1649 .»
489 1583 569 1647 Cum
582 1582 708 1674 seilicet
723 1600 761 1646 ca
775 1579 953 1647 formalitas
967 1597 986 1642 a
998 1576 1072 1662 jure
1084 1576 1184 1642 Justi-
1272 1565 1289 1593 ‘

56 1702 178 1767 nianeo
195 1698 435 1782 praescribatur,
461 1698 713 1784 necquidquam
729 1695 929 1761 eontrarium
953 1691 1105 1776 disponat
1127 1690 1182 1776 jus

56 1815 263 1891 canonicum,
281 1812 445 1880 censenda
467 1821 517 1879 est
538 1813 637 1880 etiam
653 1811 778 1898 requiri
799 1809 842 1877 de
856 1809 931 1895 jure
947 1807 1111 1874 communi
1129 1824 1184 1875 eu·

59 1929 259 2012 clesiastic03
274 1927 369 2014 juxta
380 1930 565 2014 generalem
579 1929 727 2013 regulam
737 1926 798 1993 sub
812 1926 940 1991 initium
954 1921 1053 2007 hujus
1063 1928 1181 1987 tracta·
1267 1984 1271 1992 ,

56 2053 113 2111 tus
136 2045 296 2129 positam,
324 2043 366 2111 de
394 2047 580 2130 receptione
605 2044 809 2112 Justinianeae
827 2039 1035 2128 legislationis
1055 2039 1089 2104 in
1110 2038 1184 2106 foro

61 2160 293 2240 ecclesiastico,
311 2160 345 2225 in
367 2161 406 2226 iis
420 2179 491 2246 qnae
514 2181 579 2229 non
592 2159 755 2228 fuerunto
768 2159 897 2244 legibus
907 2156 1134 2227 ecclesiasticis
1147 2155 1182 2224 iu

61 2276 265 2345 contrarium
280 2275 447 2362 disposita.

577 2529 680 2606 llll·
782 2570 786 2577 ·

319 2750 351 2795 lle
370 2749 515 2798 Promotoris
529 2747 616 2799 fiscalis
630 2750 704 2800 officio
718 2759 741 2801 et
752 2750 920 2813 praerogativis.

106 2976 136 3039 l.
150 2974 247 3040 Sicut
264 2973 400 3059 alicujus
415 2977 550 3059 privatae
570 2996 718 3061 personae
740 2984 933 3061 procurator
955 2985 1090 3044 tenetur
1110 2976 1183 3044 dili-

57 3097 177 3174 genter
194 3091 281 3155 tueri
295 3088 609 3174 ejusdeminteresse
628 3102 663 3160 et
674 3092 760 3179 jura,
792 3095 837 3160 ita
863 3093 1084 3178 procuratoris
1098 3093 1181 3160 Fisci

58 3205 198 3273 officium
214 3214 274 3283 est,
290 3225 365 3271 cum
380 3207 450 3272 zelo
464 3226 660 3290 promovere
682 3211 716 3275 iu
731 3210 874 3289 dioecem,
895 3218 967 3276 tum
982 3210 1181 3295 generaliter

56 3322 208 3389 Ecclesiae
224 3321 346 3388 bonum
365 3323 543 3405 publicum,
565 3325 697 3411 etjam,
718 3336 790 3393 tum
805 3328 840 3392 in
855 3327 964 3411 specie
981 3326 1056 3412 jura
1073 3333 1107 3392 et
1122 3326 1181 3392 bo·

54 3457 134 3504 num
149 3438 318 3522 publicum
342 3438 520 3507 dioeceseos
535 3442 567 3506 in
583 3463 647 3529 qua
662 3444 725 3511 fuit
745 3446 950 3512 constitutus.
970 3443 1010 3510 Id
1030 3445 1181 3529 sequitur

54 3573 97 3625 er
108 3556 259 3637 superius
269 3552 390 3620 tradita
408 3554 450 3622 de
468 3558 559 3625 Fisco
575 3560 791 3628 ecclesiastico
805 3567 839 3626 et
854 3560 955 3627 fiscali
965 3567 1179 3644 procuratore

55 3667 261 3736 definitione.

98 3787 131 3850 2.
156 3785 319 3870 Imprimis
334 3793 443 3854 autem
457 3791 595 3874 requirit
609 3791 776 3874 publicum
795 3791 959 3870 Ecclesia,
977 3793 1177 3859 etuniuscu·

50 3900 171 3988 jusque
189 3901 486 3984 dioecesishonum,
505 3913 542 3972 ut
556 3904 677 3973 delicta
693 3916 917 3988 coerceantur,
942 3915 975 3975 et
989 3910 1100 3994 legum
1118 3927 1180 3981 ec.

57 4018 311 4085 clesiasticarum
327 4021 460 4087 uiolatio
486 4023 644 4107 impunita
666 4044 732 4092 non
748 4033 925 4092 remaneat.
954 4027 1032 4108 Quae
1052 4026 1178 4111 justitia

50 4132 250 4203 vindicativa
277 4139 338 4204 nisi
359 4148 562 4218 exerceatur,
588 4142 991 4224 pullulabuntscandala,
1022 4149 1120 4229 atquc
1135 4144 1188 4232 [in-

48 4248 122 4315 dies
137 4249 342 4319 increbescet
350 4256 527 4322 animarum
539 4263 664 4342 strages
677 4265 865 4345 eternaque
882 4259 1077 4344 deperditio.
1096 4262 1177 4329 Hinc

46 4364 91 4431 ad
107 4366 311 4438 Promotoris
324 4369 441 4438 fiscalis
453 4371 594 4444 *officium
609 4376 772 4465 precipue
783 4376 928 4462 pertinet
943 4377 1107 4464 publicam
1118 4380 1179 4449 cri·
