2714 4980
125 289 189 351 366
469 302 655 349 rnncrcrns
678 303 721 348 nn
743 303 890 349 tumens.

122 428 380 513 jurisdictionem
396 426 601 506 ordinariam,
618 426 680 493 sed
698 434 825 493 tantum
842 425 1106 512 jurisdictionem
1120 423 1163 490 ad
1172 427 1228 490 uni·

123 546 343 612 carnalitatem
354 544 627 609 causarumflinc
638 543 1107 626 tertiamillamprobationem
1116 562 1179 606 non
1189 560 1230 623 po

125 661 246 725 suimus
261 659 312 725 hio
333 666 486 744 tanquam
501 661 765 742 peremptoriam,
787 657 845 723 sed
861 665 990 723 tantum
1008 658 1138 740 priores
1149 655 1228 721 duas,

123 776 288 840 Voluimus
299 783 409 840 tamen
420 794 491 840 eam
501 793 676 857 exponere,
691 776 765 857 quia
777 775 860 839 solet
871 794 891 838 a
903 774 1081 837 canonistis
1090 771 1228 856 proferri.

164 888 224 952 III.
246 891 335 951 Daca
349 893 497 950 sententio
506 890 688 968 jccodudcm
705 891 766 966 suit
784 892 966 949 canonizata
976 894 1007 948 ct
1022 893 1115 948 ecctcc
1127 891 1232 947 condo

120 1009 248 1066 versiam
257 1010 358 1085 positu
368 1024 426 1086 pcc
441 1009 702 1085 congregationum
717 1007 918 1068 Romanorum
933 1005 1102 1066 decisiones
1124 1009 1153 1065 et
1167 1005 1231 1065 Pro·

118 1119 513 1202 actm-Discrepantihus
527 1118 616 1184 inter
627 1139 661 1183 se
672 1118 871 1196 doctoribus,
890 1118 917 1182 si
930 1117 1136 1182 interveniat
1147 1116 1179 1179 in
1193 1113 1231 1179 la-

121 1252 234 1300 vorem
261 1236 452 1300 alterutrius
476 1236 643 1300 sententiae
670 1236 957 1318 congregationum
976 1241 1013 1298 et
1033 1231 1231 1297 tribunalium

120 1351 228 1416 Romae
241 1352 349 1433 praxis
363 1360 398 1416 et
413 1352 598 1429 auctoritas,
608 1351 673 1436 Jam
692 1352 745 1416 illa
761 1353 923 1416 sententia
935 1350 1163 1426 canonizatur,
1183 1366 1231 1411 seu

120 1468 185 1531 vim
190 1466 272 1551 juris
284 1469 433 1552 acquirit,
449 1477 483 1533 ct
493 1470 627 1553 quaestio
639 1487 699 1551 pro
709 1469 813 1534 soluta
826 1475 858 1532 et
869 1468 960 1532 finita
969 1464 1124 1531 habenda
1133 1471 1190 1530 est.
1200 1461 1231 1527 ld

119 1602 218 1666 porro
235 1582 574 1668 aneontigeritquoad
590 1585 784 1648 sententiam
797 1581 839 1647 de
850 1586 1010 1646 ordinarie
1020 1581 1231 1662 Vicariigene·

120 1700 196 1764 ralis
201 1698 435 1784 jurisdictione,
449 1697 681 1781 expendamus.
696 1699 830 1764 Certum
840 1705 889 1763 est
900 1716 941 1762 ex
957 1697 1100 1763 decreto
1111 1693 1231 1760 Triden-

119 1815 187 1879 tino
201 1815 285 1901 (cap.
301 1819 329 1894 l,
348 1834 425 1880 sess.
441 1818 477 1880 21
487 1864 495 1893 ,
505 1819 618 1895 celtes.
628 1813 839 1900 matrimonii),
852 1815 980 1879 irritum
991 1832 1063 1878 esse
1081 1813 1231 1876 matrimo

120 1932 209 1996 nium
220 1935 311 1994 aliter
322 1933 438 1997 initum
453 1952 542 2012 pacm
555 1939 704 2014 presente
716 1933 859 2013 p'ococho,
879 1934 927 1994 cel
941 1933 1004 1992 olio
1021 1932 1180 1994 Sacerdote
1200 1929 1231 1988 dc

98 2021 100 2026 ’
119 2053 214 2128 apcius
224 2049 351 2128 parochi
360 2067 411 2110 sec
421 2051 581 2112 ordinarit
591 2052 722 2111 licentia.
735 2048 806 2127 Quo
815 2048 932 2130 posito,
952 2045 1230 2126 siSacraGongre·

119 2163 567 2246 gatioGonoiliideclaraverit
578 2166 685 2230 valere
696 2164 936 2236 matrimonium
948 2181 1059 2226 coram
1068 2159 1229 2226 sacerdote

117 2299 183 2344 non
198 2279 351 2362 parocho,
364 2278 595 2344 sedlicentiam
611 2279 751 2344 habente
770 2279 923 2344 aVicario
930 2278 1089 2361 generali,
1102 2277 1162 2343 hoc
1171 2275 1229 2358 ipso

114 2395 280 2461 censenda
294 2402 345 2459 est
355 2394 535 2461 declarasse
552 2397 715 2460 'Vicarium
730 2396 917 2477 generalem
933 2412 1005 2459 esse
1024 2397 1227 2458 ordinarium.

118 2510 201 2574 Item
221 2510 247 2574 si
268 2508 484 2575 declaraverit
503 2510 609 2575 valere
635 2510 874 2575 matrimonium
890 2527 1002 2572 coram
1024 2509 1098 2592 ipso
1114 2505 1230 2571 Vicario

118 2626 271 2708 generah‚
287 2626 406 2709 absque
418 2627 484 2690 ulla
493 2626 625 2690 licentia
637 2627 788 2709 Episcopi
802 2634 859 2690 aut
865 2624 1009 2708 parochi,
1020 2624 1226 2698 celebratum,

118 2718 349 2825 aequivalenter
363 2741 542 2807 declaravit
554 2743 719 2807 vicarium
730 2744 917 2826 generalem
925 2760 995 2806 esse
1011 2740 1224 2820 ordinarium

118 2858 193 2941 quia
208 2858 235 2922 si
251 2858 397 2923 vicarius
414 2859 571 2941 generalis
586 2859 627 2922 sit
642 2862 824 2923 Ocdtoccc'cs
835 2857 1024 2935 djoeeeseos,
1037 2858 1162 2940 poterit
1168 2856 1229 2940 qui-

117 2970 195 3036 dom
214 2973 356 3038 valorem
372 2973 576 3037 matrimonio
591 2971 753 3050 conferre,
772 2992 846 3036 cnm
865 2993 883 3036 a
901 2970 1094 3037 Tridentino
1103 2970 1228 3036 decreto

119 3086 210 3175 (dum
228 3090 365 3174 requirit
379 3091 584 3172 praesentiam
604 3089 751 3172 parochi,
778 3091 831 3155 vel
849 3088 1028 3155 sacerdotis
1046 3090 1179 3155 alterius
1192 3085 1226 3151 de

117 3206 245 3270 licentia
272 3207 405 3289 parochi
432 3214 489 3271 aut
523 3206 697 3291 Ordinarii)
731 3228 796 3273 non
822 3206 1009 3272 excluditur
1045 3205 1226 3272 Ordinarius

118 3314 296 3380 dioeoeseos
311 3318 470 3399 superior,
486 3315 546 3382 sed
560 3316 716 3382 afortiori
723 3315 913 3392 includitur,
929 3314 1021 3399 quod
1036 3313 1224 3396 ceteroquin

118 3438 211 3497 extra
230 3435 481 3501 controversiam
504 3440 578 3499 est:
609 3435 734 3500 sivero
761 3434 905 3498 Vioarius
929 3433 1092 3515 generalis
1113 3429 1223 3494 nonsit

117 3548 315 3628 Ordinarius
330 3550 448 3615 falsum
462 3552 525 3616 erit
536 3549 681 3616 sufficere
697 3550 768 3636 ejus
784 3549 991 3634 presentiam
1003 3549 1127 3633 absque
1140 3548 1222 3613 licen·

116 3671 162 3731 tia
177 3667 325 3750 Episcopi
343 3675 400 3731 aut
416 3666 560 3748 parochi.
582 3667 686 3731 Porro
704 3673 880 3751 utrumque
894 3683 1013 3730 revera
1028 3664 1123 3728 fuita
1138 3664 1220 3727 Sacra

72 3863 75 3870 Ι
117 3783 371 3867 Congregatione
389 3763 757 3847 Concuti'deelaratun.
781 3783 838 3868 ⁸Sic
858 3783 944 3846 enim
965 3780 1104 3846 affirmat
1125 3781 1219 3844 Mona·

118 3900 222 3966 collus
243 3899 348 3986 (parte
367 3901 398 3977 2,
421 3900 472 3963 tit.
499 3902 550 3976 16,
572 3899 714 3964 formula
732 3902 762 3977 2,
784 3918 921 3964 numero
937 3896 1017 3982 34):
1047 3921 1063 3958 a
1083 3891 1219 3962 Contrahi

114 4042 138 4101 ‚a
152 4026 260 4102 potest
279 4017 385 4084 valide
414 4016 696 4104 (matrimonium),
719 4037 784 4082 non
807 4018 912 4083 solum
935 4037 1043 4083 coram
1060 4013 1217 4082 sacerdote

121 4158 137 4197 a
155 4135 294 4201 habente
306 4135 494 4201 facultatem
509 4156 528 4200 a
542 4137 666 4201 Vioario
682 4136 835 4219 generali,
851 4135 910 4201 sed
925 4154 1034 4200 coram
1043 4135 1167 4201 vicario
1177 4148 1219 4214 ge

122 4254 254 4318 urrerali
268 4253 402 4336 perinde
419 4272 457 4317 ac
476 4272 584 4318 coram
599 4253 751 4335 parocho.
769 4276 785 4314 a
809 4252 1035 4339 (Congregatio
1059 4250 1215 4326 Concidit

116 4369 187 4454 julii
205 4372 300 4446 1602,
313 4372 397 4439 libro
413 4373 455 4434 20
468 4375 665 4450 maerorum,
686 4372 763 4438 lotio
777 4370 847 4455 47.)
