2714 4980
465 336 467 341 .
566 296 646 345 raas
667 294 781 343 rmus.
1188 282 1229 346 33

117 448 180 495 cum
188 412 324 512 peredere
338 426 398 492 Rei
413 424 687 502 discutiebantur,
706 420 987 509 adhibebaturque
1001 429 1232 508 custipotiouum

119 554 151 612 et
165 544 503 612 excommunicationis
516 543 680 609 coercitio.

157 663 250 728 Anno
262 664 339 740 252,
360 661 401 726 ad
419 660 606 727 Cornelium
620 662 741 744 Papam
761 660 889 744 scripsit
907 660 938 724 S.
956 659 1136 745 Cyprianus
1147 661 1233 727 cele-

118 779 208 844 brem
224 778 404 862 epistolam,
416 779 620 844 subnumero
632 781 672 844 59
688 778 776 864 (alias
789 775 842 862 55)
852 777 1038 860 repositam,
1049 779 1082 842 in
1093 775 1233 862 quahaec

119 891 158 960 de
170 894 307 958 Privato
319 893 471 960 heretico
488 902 663 960 memorat:
677 897 717 957 Iu
730 896 936 961 Sumbesitouu
947 897 1061 957 cotoutu
1074 902 1145 958 autc
1154 897 1234 957 mul·

120 1016 161 1073 tos
177 1013 242 1091 scre
257 1030 368 1091 uuuos,
392 1013 428 1074 ob
448 1015 593 1091 multost
612 1017 720 1093 provio
742 1014 869 1091 delicto,
891 1017 1056 1094 uouupc'utu
1073 1013 1234 1094 Episcopo-

119 1148 184 1191 rum
199 1135 352 1193 scutcutiu
373 1133 595 1194 condemnatus.
617 1130 736 1195 Postea
760 1126 802 1193 de
827 1129 943 1194 Jovino
965 1135 999 1193 et
1018 1128 1157 1193 diaximo
1177 1126 1234 1212 qni

120 1262 186 1310 sese
209 1245 345 1311 Privato
367 1244 584 1331 adjunxerant
608 1248 654 1311 sic
673 1247 907 1331 prosequitur:
927 1248 971 1312 Ob
988 1249 1121 1327 uesoudo
1140 1249 1234 1308 sacri·

121 1361 188 1439 ficio
201 1342 409 1443 strumina,
426 1349 465 1426 ¹iu
489 1384 519 1427 sc
537 1361 580 1452 (1)
595 1366 736 1447 probatu,
758 1369 905 1427 seuteutia
929 1383 1033 1427 uocem
1054 1365 1235 1444 collcpurum

121 1486 289 1542 uestrorum
307 1482 512 1560 condemnari,
538 1487 568 1543 et
589 1487 698 1544 iterato
719 1501 830 1562 quoque
850 1500 869 1542 u
887 1482 1029 1562 pluribus
1049 1480 1134 1542 uobis
1155 1498 1235 1544 ortuo

119 1602 215 1678 priore
241 1603 276 1660 iu
298 1600 421 1660 seruilio
442 1599 582 1662 abstenti.
609 1596 751 1662 Tandem
774 1616 955 1663 sermonem
976 1603 1171 1662 convertens
1193 1593 1236 1662 ad

122 1700 447 1797 pseudo-episcopum
458 1715 672 1780 Fortunatum
683 1713 817 1799 ejusque
831 1714 945 1792 socios,
966 1714 1021 1798 qui
1042 1713 1234 1797 Carthagine

115 1827 327 1925 condemnati
344 1830 478 1896 Romam
498 1831 698 1914 petiverant,
718 1830 760 1896 ad
778 1830 961 1896 Cornelium
985 1831 1106 1912 Papam
1123 1829 1236 1913 appel·

120 1943 229 2025 lantes,
250 1945 319 2012 haec
337 1946 529 2032 subjungit:
552 1953 633 2014 Num
656 1969 723 2012 curu
744 1956 892 2012 statutum
912 1953 953 2011 sit
977 1948 1113 2011 omuibus
1135 1949 1231 2027 uobis,

121 2070 144 2126 ct
156 2083 275 2146 equum
290 2070 332 2128 sit
340 2071 459 2148 puriter
477 2086 512 2128 oc
519 2071 650 2148 justum,
662 2072 696 2128 ut
707 2071 934 2147 uatusczp‘uspuc
944 2067 1034 2127 causo
1052 2066 1118 2126 illic
1131 2065 1237 2128 audio·

122 2185 176 2262 tur,
194 2183 248 2244 ubi
262 2189 308 2243 cst
318 2186 431 2244 crimeu
448 2184 624 2262 admissum,
695 2190 810 2264 oportet
824 2187 926 2263 utiquc
940 2201 989 2244 cos
1003 2183 1108 2262 quibus
1120 2200 1236 2263 pressu·

121 2315 190 2378 uus,
210 2317 273 2362 ucu
291 2304 533 2379 circumcursare,
553 2303 829 2381 uccEpiscoporuuc
846 2302 1032 2362 corrodium
1044 2299 1236 2362 coherentem

121 2434 168 2478 suo
184 2417 311 2479 subdolo
334 2423 363 2479 ct
386 2417 493 2496 fallaci
518 2421 684 2479 temeritate
697 2418 847 2495 collidere,
866 2417 918 2479 sed
932 2435 1021 2497 opere
1038 2419 1103 2479 utu
1114 2434 1236 2479 causum

122 2550 214 2613 suom,
236 2533 290 2594 ubi
301 2538 330 2594 et
345 2539 530 2595 accusatores
545 2533 651 2595 habuc
668 2540 698 2596 et
722 2539 808 2595 testes
827 2538 875 2595 sut
890 2538 1027 2597 criminis
1036 2539 1175 2614 possunt.
1194 2531 1236 2597 ut

120 2651 303 2733 paulopost
321 2648 363 2715 de
375 2648 488 2715 iisdem
504 2647 670 2734 subjungit
685 2671 692 2715 :
710 2653 779 2713 Juuc
793 2670 883 2713 causo
902 2670 1003 2713 eorum
1024 2655 1142 2731 capuita
1167 2656 1235 2729 est,·

120 2771 174 2845 ium
189 2771 227 2832 de
246 2773 291 2830 cis
308 2769 390 2832 dictu
407 2772 554 2831 seuteutc'o
578 2775 622 2831 est
638 2788 648 2830 :
664 2787 717 2831 uec
735 2787 867 2831 censure
888 2774 1026 2849 coupruit
1049 2770 1235 2832 sacerdotum

120 2890 232 2966 mobilis
251 2893 339 2967 atquc
354 2890 551 2950 iucoustauta's
561 2892 658 2949 ocimi
673 2890 794 2949 leuitate
805 2887 992 2968 reprebendi.

155 3003 220 3086 Qui
246 3002 315 3068 haec
342 3001 495 3087 Cypriani
512 3001 615 3067 verba
632 3000 795 3086 legerunt,
815 3004 874 3067 nisi
899 3022 940 3067 ex
958 3002 1126 3086 proposito
1145 3002 1234 3068 clau·

120 3119 191 3187 dant
200 3121 321 3186 mentis
331 3120 451 3198 oculos,
467 3118 629 3205 quomodo
644 3138 709 3184 non
721 3118 834 3185 vident
847 3120 994 3205 jamtum
1008 3119 1042 3185 in
1056 3137 1117 3184 usu
1133 3119 1232 3187 fuisse

119 3236 222 3304 forum
242 3237 392 3303 Ecclesia
411 3238 670 3303 contentiosum?
689 3236 776 3318 Quid
794 3255 873 3321 ergo
895 3238 989 3303 deest
1008 3235 1051 3303 ad
1074 3235 1233 3322 judicium

118 3343 245 3412 forense
271 3346 403 3436 proprie
422 3345 546 3410 dictum
568 3345 756 3429 pertinens?
775 3343 825 3411 Ibi
841 3344 983 3430 judices,
1004 3345 1228 3426 Accusatores,

119 3459 181 3541 Rei,
200 3461 396 3529 contestatio
413 3462 479 3528 litis
497 3481 555 3528 seu
580 3462 730 3546 probatio
750 3463 904 3544 criminis,
926 3463 1098 3544 sententia,
1119 3465 1233 3551 appel·

116 3575 198 3658 latio,
221 3588 330 3662 poena.

152 3693 203 3761 Ad
222 3695 324 3762 finem
341 3680 432 3760 tertii
453 3696 573 3774 saculi,
591 3696 645 3762 rel
663 3695 706 3761 ad
721 3714 882 3762 summum
900 3694 943 3761 ad
967 3697 1093 3764 initium
1108 3700 1226 3785 quarti,

116 3810 305 3878 referendos
318 3832 389 3879 esse
400 3832 540 3879 canones
551 3815 607 3899 qui
617 3813 1010 3897 dicunturapostolorum,
1023 3823 1137 3881 tenent
1146 3835 1229 3882 com·

114 3929 254 3996 maniter
279 3928 418 4013 eruditi3
432 3931 497 3995 fori
515 3936 626 3996 autem
653 3932 847 3998 contentiosi
874 3933 1005 4016 proprie
1029 3931 1107 3997 dicti
1133 3952 1229 4001 usum

113 4055 224 4131 aperte
249 4047 406 4113 exhibent
426 4070 433 4113 :
452 4049 498 4123 sic
523 4049 609 4113 enim
636 4049 736 4115 habet
765 4069 869 4115 canon
889 4053 928 4117 73
950 4055 1010 4116 :St
1022 4055 1185 4134 Episcopus
1208 4073 1229 4121 a

112 4171 187 4231 virts
202 4168 265 4247 fide
279 4172 382 4251 dipsis
397 4171 434 4232 de
447 4170 549 4252 eliqua
563 4176 726 4251 accusetur,
744 4175 845 4233 uocari
858 4189 924 4233 cum
946 4177 1061 4253 oportet
1080 4173 1118 4235 ab
1139 4175 1228 4256 Epis·

146 4425 183 4493 [i)
197 4426 232 4480 Ec
242 4430 315 4480 rerba
324 4429 354 4480 tu
366 4441 393 4482 se
401 4427 462 4479 idem
475 4425 509 4480 ibi
521 4436 604 4478 sorsat
618 4442 645 4478 ac
656 4432 749 4479 contro
761 4403 838 4491 ipsos.

220 4523 240 4580 1.
