2714 4980
120 281 184 342 too
416 292 419 297 ·
466 293 653 341 rmorlrus
675 295 720 340 na
739 292 889 340 sonions.

115 420 167 485 Ibi
179 420 286 501 agitur
304 417 346 484 de
366 418 513 484 omuibus
535 418 660 483 clericis
676 417 767 483 etde
786 417 859 482 foro
875 419 978 483 etiam·
1001 415 1201 496 ecclesiastico,

117 533 276 619 siquidem
289 535 344 598 lox
356 552 422 598 non
444 533 622 616 distinguit,
643 532 704 598 sed
716 533 947 599 universaliter
961 532 1118 618 loquitur.

121 687 125 698 ·
168 681 180 702 «
195 648 447 732 Intelligendum
460 655 570 714 autem
582 649 643 714 hoc
660 655 711 714 est
729 651 933 730 reputantem·
947 667 1024 714 nam
1048 649 1157 732 plures
1174 651 1208 716 fa·

26 788 46 795 ·>
123 798 134 818 «
151 765 271 830 ciendae
286 772 361 829 sunt
374 764 592 847 exceptiones,
614 763 734 848 quibus
756 765 982 831 etiamcontra
997 764 1211 844 Ecclesiamin

125 899 216 964 aqua
233 877 428 946 beneficium
447 879 573 944 obtinet
592 879 741 957 clericus,
763 879 915 946 advocati
933 899 1053 946 munus
1071 877 1184 964 obire'p

124 1030 136 1049 «
150 1005 233 1063 test:
249 1002 359 1078 primo,
373 996 402 1060 si
412 1001 577 1079 praecepto
596 996 773 1078 superioris
786 995 829 1061 ad
842 996 903 1061 hoc
922 1004 1075 1080 cogatur3
1093 999 1207 1077 scmndc,

124 1112 180 1176 «si
200 1111 343 1194 postulet
357 1111 390 1174 in
408 1111 541 1193 propria
557 1128 663 1187 causa,
684 1111 738 1176 vel
753 1128 898 1193 personae
915 1110 1113 1196 conjunctae;
1130 1117 1208 1191 tento,

124 1229 178 1292 «si
207 1246 267 1310 pro
296 1227 442 1310 personis
475 1225 726 1305 miserabilibus,
763 1226 825 1292 alio
858 1225 1018 1293 advocato
1048 1225 1210 1310 destitutis3

123 1374 136 1398 a
151 1351 269 1425 quarto,
286 1343 313 1406 si
328 1343 470 1407 Ecclesia
482 1342 609 1431 ingrate
620 1347 705 1406 esset
719 1343 752 1406 in
765 1343 937 1426 clericum3
954 1349 1071 1424 quinto,
1088 1341 1213 1407 siinana

123 1457 293 1522 «Ecclesia
317 1476 377 1539 pro
397 1475 460 1541 qua
480 1456 622 1538 postulat
638 1464 723 1522 esset
741 1457 916 1540 Praelatus3
932 1457 966 1520 in
990 1457 1096 1522 altera
1121 1463 1214 1523 contra

124 1607 135 1626 a
151 1592 247 1659 quam
260 1573 404 1655 postulat
417 1572 555 1638 haberet
566 1571 655 1637 aliud
665 1570 875 1637 beneficium.
895 1600 908 1627 »ι
921 1570 1212 1658 (Schmalzgruebcr,

118 1693 152 1756 in
168 1691 301 1756 titulum
316 1693 371 1766 37,
390 1690 465 1755 libri
485 1692 497 1755 l
524 1687 664 1769 decret,
686 1709 719 1754 u.
740 1687 787 1773 9.)

164 1811 198 1874 3⁰
213 1813 248 1873 St
259 1808 386 1870 babeant
401 1807 573 1885 beneficiam
583 1810 823 1886 ecclesiasticam,
841 1827 901 1870 non
909 1814 1039 1888 possunt
1057 1810 1217 1889 reputantes

117 1946 178 1990 csse
191 1929 329 1988 advocati
344 1943 443 1986 corum
458 1926 595 1986 soenclori
605 1927 709 2007 jndice
724 1930 757 1987 in
774 1930 902 2005 nepotic's
914 1926 1117 1988 soecnlnribns.
1135 1959 1177 1973 -
1187 1919 1217 1986 ld

119 2059 272 2123 expresse
289 2038 479 2105 decernitur
493 2040 526 2103 in
541 2040 640 2103 citato
659 2040 764 2122 capite
782 2043 892 2103 Clerici
908 2039 952 2126 (1,
968 2039 1058 2103 tituli
1068 2042 1122 2118 37,
1142 2038 1214 2103 libl

118 2154 223 2241 decr.)
242 2178 248 2220 :
267 2185 282 2211 n
298 2157 337 2220 In
351 2153 518 2219 ordinibus
532 2173 659 2239 quoque
675 2154 871 2232 minoribuS,
893 2155 920 2219 si
934 2153 1108 2238 stipendiis
1130 2154 1219 2220 eccle·

124 2305 136 2328 «
151 2272 283 2339 siasticis
296 2279 532 2348 sustententur,
553 2290 663 2336 coram
678 2272 823 2336 saeculari
837 2270 950 2355 judice
969 2271 1121 2339 advocati
1135 2272 1167 2336 in
1178 2290 1219 2336 ne

124 2423 137 2445 «
152 2390 247 2474 gotiis
270 2388 481 2454 saecularibus
501 2386 573 2453 fieri
595 2407 661 2453 non
691 2396 935 2472 presumant.»
960 2387 1102 2455 Videtur
1127 2396 1220 2454 annm

120 2503 327 2571 extendenda
345 2503 520 2586 prohibitio
538 2502 580 2567 ad
602 2522 659 2568 eos
676 2503 813 2569 clericos
828 2503 862 2566 iu
880 2492 1063 2569 minoribus
1081 2503 1228 2570 constitu«

119 2630 181 2699 tos,
199 2621 254 2706 qui
266 2621 345 2685 licet
367 2618 562 2685 beneficium
581 2621 712 2703 proprie
737 2619 861 2684 dietum
880 2639 944 2685 non
970 2619 1156 2698 obtineant,
1173 2618 1223 2684 alio

119 2738 217 2804 modo
234 2758 275 2803 ex
293 2737 445 2802 Ecclesia
464 2736 556 2802 bonis
578 2744 818 2821 sustentantur3
833 2738 908 2821 quia
931 2737 1030 2803 etiam
1051 2744 1133 2802 tunc
1154 2736 1225 2802 reci-

120 2856 213 2938 piunt
232 2856 382 2936 stipendio
404 2855 600 2916 ecclesiastica
616 2873 626 2914 :
649 2852 713 2916 imo
736 2851 949 2935 probabiliter
971 2859 1007 2917 et
1033 2851 1076 2917 ad
1101 2871 1158 2918 eos
1181 2848 1229 2934 qui

119 2972 203 3038 bona
216 2969 452 3057 patrimonialia
468 2968 524 3033 vel
536 2966 666 3033 aliunde
678 2967 845 3052 acquisita,
862 2966 951 3032 unde
961 2965 1161 3034 sufficienter
1171 2983 1230 3032 sus

119 3094 300 3166 tententur,
313 3086 489 3171 possident.
504 3087 584 3150 Nam
594 3091 683 3162 tuno,
703 3085 748 3149 ait
762 3084 922 3167 Pirrbing‚
943 3092 1048 3149 cessat
1067 3104 1164 3151 causa
1179 3104 1230 3152 ne·

120 3205 278 3271 cessitatis
300 3208 438 3287 propter
464 3221 561 3287 quam
585 3201 778 3285 permissum
794 3209 844 3266 est
863 3200 1024 3304 ejusmodi
1040 3202 1168 3268 clericis
1180 3201 1231 3268 ad·

121 3322 229 3390 tocati
250 3340 368 3386 munus
386 3326 559 3403 exercere;
575 3328 609 3385 et
624 3317 746 3384 cadunt
769 3318 830 3383 sub
858 3325 1061 3403 praeceptum
1085 3319 1231 3403 generale

121 3445 357 3524 quoperpetuo
377 3437 410 3500 in
427 3435 572 3502 Ecclesia
587 3435 787 3518 prohibitum
801 3441 851 3500 est
875 3434 981 3522 (saltis
1001 3436 1167 3501 nonnullis
1186 3454 1233 3502 ex·

121 3551 334 3639 captionibus)
354 3573 396 3618 ne
413 3554 523 3618 alerici
540 3553 677 3636 negotiis
693 3551 902 3616 sacularibus
925 3569 996 3617 sese
1021 3551 1231 3618 immisceant.

124 3672 216 3759 (Vide
233 3671 392 3753 Pirrhing,
408 3672 442 3735 in
457 3671 589 3736 titulum
605 3673 659 3748 38,
676 3669 752 3735 libri
770 3671 781 3733 l
805 3668 1029 3746 decretalium,
1047 3688 1080 3734 n.
1101 3667 1148 3752 7.)

166 3792 201 3855 4⁰
215 3795 241 3855 A
248 3793 430 3872 praecedenti
440 3792 624 3852 conclusione
639 3789 821 3870 excipiendo
836 3794 906 3850 snnt
922 3794 982 3849 trec
999 3806 1160 3851 consornn
1175 3807 1235 3871 apc-

125 3915 196 3989 cicS,
217 3914 249 3970 in
258 3910 363 3989 qnibns
374 3910 450 3969 dicta·
462 3908 573 3984 clerici,
588 3911 725 3986 pnocnvc's
739 3903 911 3982 beneficium
925 3905 1100 3983 obtinentes,
1115 3908 1236 3986 posenni

123 4021 263 4087 incuria
286 4025 424 4086 santae·
446 4025 585 4085 aurocen·
610 4022 739 4101 officinm
768 4008 913 4083 exercerc.
930 4054 976 4068 —-
994 4019 1154 4102 Exceptio
1170 4019 1234 4084 baec

122 4140 243 4223 triplex
254 4141 288 4203 in
300 4141 398 4204 citato
411 4140 515 4222 capite
530 4142 640 4202 Clerici
650 4138 843 4221 exprimitur
854 4135 903 4200 his
914 4133 1041 4201 verbis:
1064 4136 1157 4201 «Nisi
1167 4154 1236 4220 pro·

129 4256 260 4338 «priam
287 4275 415 4321 causam
438 4256 491 4343 (en
515 4255 619 4339 prima
641 4255 767 4339 species
795 4249 993 4336 causarum),
1016 4253 1072 4319 vel
1086 4251 1233 4319 Ecclesia

129 4372 211 4459 «(en
228 4370 389 4456 alteram),
413 4380 470 4438 aut
489 4390 550 4458 pro
568 4370 804 4437 miserabilibus
825 4369 912 4435 forte
935 4368 1081 4452 personis
1100 4367 1154 4455 (en
1171 4376 1233 4434 ter·
