2714 4980
142 303 206 366 372
489 315 675 362 rmcunrus
697 315 741 362 nn
763 313 912 360 sonions.

139 443 299 525 Episcopo
322 439 479 524 tribuna13
507 438 641 525 ejusque
665 447 757 504 actus
774 447 972 505 censeantur
996 440 1163 522 ipsiusmet
1181 441 1239 525 Epi

139 559 239 641 scopi.

181 675 279 740 Facta
293 690 371 754 crgo
389 672 448 737 hac
461 679 647 755 temporum
674 671 893 750 distinctione,
917 673 963 737 sic
983 673 1154 755 proposita
1170 688 1242 758 que

136 789 198 853 atio
214 787 295 853 solvi
312 793 420 869 potest
439 806 447 850 ε
469 787 496 853 si
513 792 628 867 agatur
640 783 683 850 de
696 783 938 851 Archidiaconis
948 794 1130 871 antequam
1143 803 1243 853 eorum

133 902 310 968 tribunala
327 900 483 966 tribunali
500 900 648 983 Episcopi
671 899 913 984 sejungeretur,
934 902 1066 967 nullum
1082 902 1148 968 erit
1162 922 1243 967 essen

135 1020 208 1082 tiele
230 1015 404 1081 discrimen
426 1014 693 1081 Archidiaconum
718 1015 806 1080 inter
823 1023 859 1081 ct
875 1015 1075 1083 hodiernum
1091 1017 1242 1083 Vioariun

133 1131 321 1216 generalem
340 1152 347 1195 :
367 1131 430 1196 crit
444 1138 553 1196 tamen
566 1129 749 1196 differentia
773 1130 991 1210 accidentalis,
1017 1131 1064 1198 ob
1088 1133 1243 1215 priorisin

131 1245 234 1312 officio
245 1247 511 1330 perpetuitatem,
528 1246 717 1328 posterioris
728 1246 1119 1313 verorevocabilitatem.
1138 1249 1171 1313 Si
1184 1266 1242 1332 aga

9 1342 12 1347 ¹
130 1371 186 1428 tur
204 1362 246 1428 de
265 1359 503 1427 Archidiaconis
515 1360 581 1445 jam
597 1368 779 1444 separatam
795 1362 836 1428 ab
862 1363 1040 1447 episcopali
1056 1362 1241 1447 juxisdiotio

129 1498 205 1544 nem
223 1477 464 1555 exercentibus,
492 1478 663 1543 essentiale
675 1479 709 1542 in
722 1496 762 1542 eo
772 1478 938 1561 reperitur
953 1477 1151 1557 discrimen,
1167 1478 1240 1564 quod

129 1593 177 1658 illi
200 1592 377 1672 diversum,
399 1592 518 1659 llioarii
540 1611 618 1658 vero
640 1593 809 1675 generales
828 1591 918 1658 idem
941 1592 1088 1661 habeant
1112 1593 1239 1660 tribum

129 1727 203 1775 oum
218 1709 395 1792 Episcopo;
412 1709 458 1773 ita
473 1715 511 1775 ut
526 1728 544 1772 a
558 1708 721 1791 prioribus
739 1716 868 1792 pateret
877 1707 921 1774 ad
930 1711 1134 1794 Episcopum
1148 1708 1240 1794 appel

127 1826 220 1912 latio;
239 1825 329 1912 quod
346 1827 545 1892 contrarium
560 1832 609 1891 est
625 1825 734 1910 quoad
757 1825 932 1892 hodiernos
951 1826 1101 1893 Vioarios
1119 1846 1237 1911 genem·

126 1942 184 2008 les.
201 1942 248 2007 dn
262 1949 372 2006 autem
381 1943 458 2006 satia
471 1940 608 2006 lundata
623 1943 665 2006 sit
679 1949 857 2007 memorata
872 1941 981 2027 quoad
997 1942 1237 2011 Archidiaconos

126 2058 323 2142 epocharum
345 2056 520 2134 distinctio,
544 2056 696 2122 nolumus
718 2057 770 2123 bic
791 2057 843 2140 (ne
867 2059 1001 2123 nimium
1021 2078 1169 2143 praesens
1183 2067 1236 2126 tm·

126 2178 233 2238 otatus
249 2168 430 2256 excrescat]
447 2170 649 2255 expendere.

168 2288 377 2369 Quusu106¹.
395 2321 440 2334 -
460 2289 613 2367 montoso
630 2291 768 2351 Vicortus
787 2290 936 2368 generalis
954 2291 1082 2370 differat
1096 2311 1118 2354 o
1131 2294 1233 2373 mepa-

126 2412 166 2484 to,
180 2411 239 2467 eto
256 2407 374 2467 Vioort'o
383 2405 528 2482 soractae?
552 2439 597 2451 -
611 2402 806 2486 Respondeo
823 2407 855 2467 1⁰
868 2421 886 2466 a
899 2403 1054 2487 delegato
1067 2405 1114 2470 ad
1126 2408 1231 2490 aliquas

124 2517 294 2585 dumtaxat
318 2537 439 2596 causas,
469 2525 504 2584 et
527 2538 546 2583 a
570 2520 696 2584 licerio
724 2518 870 2598 foraneo,
893 2522 1115 2588 essentialiter
1137 2522 1231 2589 differt

124 2633 248 2718 duplici
264 2632 362 2700 modo
380 2656 387 2699 :
403 2639 520 2714 Primo,
536 2636 611 2718 thia
635 2643 775 2721 uterque
792 2634 899 2701 dictus
913 2644 1004 2702 caret
1017 2636 1229 2722 jurisdictione

122 2754 299 2832 universali,
324 2769 407 2835 quae,
424 2757 463 2815 ut
484 2750 636 2829 vidimus,
656 2756 706 2816 est
724 2750 767 2816 de
787 2754 926 2817 essentia
950 2753 1128 2820 vicariatus
1150 2744 1248 2839 gene'

123 2866 216 2952 rolis;
237 2869 374 2946 secondo,
398 2867 472 2949 quia
491 2871 630 2950 uterque
647 2865 746 2931 habet
762 2865 1022 2951 jurisdictionem
1050 2868 1184 2935 divisam
1202 2875 1230 2935 et

122 2983 267 3050 tribunal
281 2982 431 3060 divisum,
450 3003 469 3047 a
485 2980 711 3067 jurisdictione
725 2992 760 3048 et
778 2984 934 3050 tribunali
959 2985 1128 3072 Episcopi3
1146 2989 1188 3054 ita
1199 2993 1230 3051 ut

123 3099 164 3167 ab
178 3100 256 3183 ipsis
271 3098 313 3164 ad
326 3100 519 3181 Episcopum
533 3097 633 3163 detur
647 3099 841 3183 appellatio;
858 3119 934 3164 cum
958 3103 1161 3170 contrarium
1174 3102 1230 3167 exi·

122 3221 187 3280 stat
201 3222 236 3279 et
253 3214 668 3298 essentialitenrequiratur
680 3215 714 3278 in
727 3215 845 3280 Vicarii
866 3215 1027 3299 generalis
1047 3218 1162 3285 officio.
1176 3219 1230 3284 lle·

122 3329 267 3412 spondeo
299 3332 333 3394 2⁰
356 3349 375 3393 a
396 3328 548 3412 delegato
571 3330 721 3413 Episcopi
748 3334 790 3394 od
814 3335 1042 3396 universalium
1066 3353 1225 3413 musanus,

116 3443 232 3513 'differt
245 3445 419 3529 posteriori
433 3451 571 3522 tantum,
594 3463 635 3509 ex
649 3445 815 3528 praedictis
836 3447 951 3514 modis.
974 3448 1055 3530 Qua
1077 3452 1182 3519 omnia
1194 3468 1227 3517 ex

119 3562 186 3648 jam
201 3560 351 3626 stabilitis
365 3568 479 3643 aperte
495 3568 686 3645 sequuntur.

137 3712 146 3729 =<
164 3679 314 3760 Qumsmo
326 3684 369 3741 7³.
388 3713 434 3725 -
452 3681 602 3758 Quamdo
621 3680 852 3759 intelligendum
865 3686 918 3759 sit,
935 3700 997 3745 noo
1015 3685 1090 3748 dori
1104 3685 1227 3768 appello·

120 3803 258 3861 tioctema
272 3799 420 3857 sententio
434 3798 548 3859 Vicurc'i
562 3797 711 3874 generalis
724 3797 765 3859 od
775 3799 966 3877 Episcopum.
977 3831 1024 3844 --
1039 3801 1071 3863 1⁰
1087 3797 1226 3866 nondun

118 3909 278 3996 ejusmodi
293 3907 544 3992 appellationem
562 3907 629 3993 jam
645 3908 784 3975 diximus
805 3929 875 3976 esse
892 3913 1022 3979 omnino
1040 3923 1181 4001 certum;
1197 3921 1226 3981 et

117 4028 265 4111 sequitur
273 4044 315 4089 ex
323 4043 422 4106 supra
438 4024 583 4106 exposita
596 4025 772 4092 vicariatus
787 4026 947 4111 generalis
961 4033 1123 4117 essentia3
1140 4051 1181 4098 ex
1192 4050 1225 4097 eo

115 4139 234 4226 nempe
256 4139 347 4227 quod
362 4141 483 4208 llioarii
501 4143 658 4225 generalis
673 4142 857 4228 jurisdictio
874 4148 1093 4217 essentiabter
1107 4169 1169 4216 una
1183 4157 1226 4215 at·

115 4277 178 4343 que
201 4256 318 4322 eadem
337 4258 380 4322 sit
399 4276 473 4322 cum
488 4256 712 4341 jurisdictione
734 4261 894 4344 Episcopi,
916 4270 950 4328 et
965 4282 1169 4351 nequaquam
1188 4264 1223 4329 ab

115 4376 175 4440 ista
194 4373 312 4458 divisa,
335 4372 423 4444 uude
443 4375 643 4458 appellares
665 4378 791 4456 Vieario
807 4379 952 4461 generali
965 4379 1009 4446 ad
1020 4381 1219 4467 Episcopum,
