2714 4980
555 304 634 352 raas
660 305 818 353 sacurem.
1176 287 1241 351 457

173 430 223 495 Ex
239 446 304 514 qua
320 429 452 494 notione
464 427 560 513 plura
573 426 681 493 tluunt
693 425 895 494 attendenda
905 426 1117 494 consectaria.

176 546 208 608 l.
232 544 360 609 Etenim
375 543 524 628 sequitur
542 544 660 608 Vicarii
672 543 799 610 foranei
808 542 1064 629 jurisdictionem
1080 560 1149 607 esse
1165 543 1245 607 dela-

124 669 242 743 911111,
267 678 334 724 111
360 667 471 724 autem
498 658 707 726 ordinariam.
740 660 821 725 Nam
848 658 1010 746 ordinaria
1039 677 1104 725 non
1131 665 1182 723 est
1204 676 1244 723 eo

124 795 237 855 sensu,
265 775 355 861 quod
374 776 415 842 sit
440 777 577 859 ipsamet
596 775 779 860 jurisdictio
799 776 959 862 Episcopi,
980 778 1161 858 qenerala'tcr
1182 774 1244 858 ipsi

124 893 310 977 commissa3
328 893 359 957 ei
373 893 493 977 quippe
508 894 721 959 committitur
736 894 894 977 particula
908 898 1036 958 tantum
1053 891 1244 974 episcopalis

121 1008 370 1096 jurisdictionis3
387 1026 458 1092 quae
477 1007 672 1093 jurisdictio,
693 1009 720 1074 si
739 1010 801 1092 ipsi
826 1008 1055 1075 universaliter
1077 1013 1111 1073 et
1134 1004 1242 1092 quoad

123 1133 230 1192 totam
255 1123 421 1192 dioecesim
437 1125 711 1203 committeretur,
726 1125 794 1210 jam
810 1145 875 1190 aon
891 1125 1044 1191 foraneus
1064 1122 1124 1190 sed
1144 1140 1243 1207 gene·

120 1244 204 1308 ralis
218 1243 363 1307 Vicarius
377 1250 474 1308 esset.
489 1244 558 1308 Nec
572 1248 621 1307 est
636 1245 795 1306 ordinario
810 1260 851 1307 eo
865 1260 973 1318 sensu,
986 1239 1075 1325 quod
1088 1241 1176 1306 illam
1190 1239 1243 1305 ha·

124 1359 232 1425 beata
246 1360 319 1443 lege
335 1366 370 1424 et
387 1361 420 1425 vi
437 1357 530 1425 officii
546 1360 606 1436 sui,
622 1359 706 1424 sieut
721 1358 889 1442 parochus,
904 1359 998 1425 verbi
1007 1359 1126 1442 gratia,
1142 1356 1243 1423 habet

123 1495 232 1540 suam:
244 1494 318 1540 nam
329 1475 451 1540 nullam
467 1475 566 1541 habet
582 1483 703 1559 praeter
713 1494 785 1540 eam
796 1495 894 1560 quam
906 1476 940 1539 in
956 1482 1065 1540 certos
1080 1493 1173 1539 casus
1185 1471 1241 1539 de·

121 1593 309 1663 terminate,
320 1599 354 1657 et
368 1612 428 1675 pro
443 1592 578 1658 arbitrio
593 1610 663 1667 suo,
678 1591 739 1674 ipsi
748 1592 878 1659 confert
888 1593 1074 1674 Episcopus.
1087 1591 1172 1673 Ergo
1188 1608 1240 1655 re·

123 1728 204 1775 vera
220 1709 337 1774 Vicarii
354 1709 480 1774 foranei
496 1717 649 1793 potestas,
669 1710 737 1775 sive
755 1708 869 1795 major,
888 1710 956 1774 sive
981 1709 1087 1773 minor
1108 1706 1235 1783 existat,

121 1824 203 1889 nihil
217 1823 306 1889 aliud
320 1831 371 1890 est
382 1843 478 1909 quam
490 1843 580 1890 mera
593 1824 766 1908 delegatio.
781 1825 847 1891 Nec
860 1822 998 1908 proinde
1007 1825 1076 1907 ipse
1086 1830 1239 1891 censetur

120 1937 240 2004 eadem
260 1958 332 2004 cum
349 1939 506 2024 Episcopo
525 1959 674 2024 persona,
691 1959 752 2005 nec
771 1938 858 2005 idern
877 1938 975 2004 habet
995 1937 1158 2015 tribunal,
1176 1956 1238 2005 nec

118 2053 273 2120 eamdem
296 2064 430 2120 exercet
446 2054 715 2140 jurisdictionem,
741 2054 801 2120 sed
822 2054 864 2121 ab
883 2053 1057 2138 episcopali
1074 2051 1237 2119 diversam

118 2176 155 2237 et
171 2169 319 2236 divisam.

164 2291 198 2353 Ξ.
224 2289 272 2354 Ex
283 2307 323 2354 eo
342 2307 423 2354 vero
435 2268 523 2373 quod
538 2289 637 2372 ipsius
652 2287 838 2374 jurisdictio
848 2289 890 2354 sit
904 2288 1066 2372 delegata,
1087 2286 1237 2372 sequitur

117 2404 193 2472 dari
218 2404 259 2470 ab
295 2405 395 2489 ipsius
421 2405 591 2470 sententiis
612 2405 656 2471 ad
684 2407 880 2490 Episcopum
911 2405 1182 2489 appellationem
1198 2423 1236 2472 ac

116 2522 260 2610 proinde
278 2542 372 2607 posse
395 2523 602 2606 Episcopum,
620 2524 784 2608 ipsiusque
809 2523 994 2607 generalem
1008 2523 1184 2600 vicarium,
1202 2522 1236 2587 in

117 2638 266 2707 secunda
276 2640 427 2705 instantia
445 2649 687 2722 cognoscereet
702 2639 859 2706 decidere
873 2659 997 2716 causas,
1014 2640 1173 2706 allicario
1186 2638 1236 2704 fo-

117 2775 220 2823 raneo
239 2754 410 2840 judicatas.
430 2755 585 2820 Nullitate
611 2762 722 2820 autem
742 2755 908 2821 laboraret
924 2755 1099 2837 appellatio
1119 2773 1139 2819 a
1161 2772 1235 2820 sen·

117 2873 222 2939 tentia
246 2871 364 2936 Vicarii
389 2871 516 2938 foranei
541 2870 584 2937 ad
607 2869 908 2954 Archiepiscopum,
940 2871 1058 2936 1111111
1087 2870 1235 2956 Episcopi

115 2988 258 3073 ipsiusve
273 2988 391 3053 vicarii
410 2988 573 3072 generalis
593 2987 767 3071 tribunali;
784 3007 847 3053 nec
865 2994 975 3072 posset
997 2985 1161 3072 ejusmodi
1182 3005 1236 3070 ap·

115 3103 327 3188 pellationem
346 3104 614 3189 Archiepiscopus
627 3106 777 3189 recipere
796 3126 804 3171 ι
823 3110 912 3170 certa
934 3105 1022 3170 enim
1044 3112 1096 3170 est
1121 3105 1236 3188 regula

114 3221 295 3305 generalis,
318 3221 441 3286 nullam
465 3221 717 3306 Archiepiscopo
740 3222 774 3286 iu
791 3220 939 3288 subditos
961 3220 1235 3305 suffraganeorum

112 3335 374 3422 jurisdictionem
388 3344 587 3421 competere,
609 3344 671 3402 cisi
689 3341 853 3403 incestius
867 3359 887 3402 1
903 3345 976 3422 jure
992 3344 1164 3422 expressis:
1182 3336 1236 3422 jus

113 3459 227 3518 autem
240 3452 393 3536 exprimit
408 3451 541 3536 quidem
556 3461 669 3536 patere
685 3452 727 3518 ad
747 3454 1033 3539 Archiepiscopum
1047 3455 1235 3538 appellatio·

113 3591 192 3638 nem
205 3591 224 3637 a
235 3571 410 3638 definitivis
422 3573 571 3657 Episcopi
583 3573 725 3656 ipsiusve
740 3572 858 3637 vicarii
872 3572 1031 3655 generalis
1045 3571 1231 3657 sententiis3

113 3706 182 3754 non
193 3696 304 3754 autem
319 3689 517 3754 asententiis
531 3687 758 3771 delegatorum
773 3686 813 3752 ab
828 3664 998 3770 Episcopo,
1016 3686 1158 3768 ipsiusve
1178 3704 1235 3770 ge·

112 3804 220 3871 nerali
237 3804 375 3889 vicario.
506 3881 508 3885 ‚

159 3924 192 3986 3.
219 3922 303 3986 Item
325 3941 366 3986 ex
391 3918 544 4005 eoquod
574 3919 759 4004 delegatam
787 3919 956 3985 dumtaxat
974 3915 1232 4002 jurisdictionem

113 4037 234 4104 habeat
248 4038 394 4103 Vicarius
409 4037 572 4114 foraneus,
591 4038 738 4121 sequitur
754 4034 914 4121 ejusmodi
932 4033 1163 4120 jurisdictionis
1176 4056 1233 4103 ex-

113 4154 308 4232 tensionem,
325 4172 390 4218 111
409 4173 450 4218 ex
461 4152 547 4238 jure,
571 4153 631 4219 sed
647 4173 688 4218 ex
707 4151 860 4218 mandato
880 4152 1028 4235 Episcopi
1048 4170 1121 4217 esse
1137 4170 1233 4238 repe·

113 4269 249 4338 mudum
258 4278 293 4337 et
310 4269 556 4336 dimetiendam.
571 4272 651 4336 Nam
669 4275 795 4336 tantum
809 4277 919 4355 potest
933 4268 1113 4354 delegatus,
1132 4289 1234 4355 quan·

114 4397 185 4455 tam
199 4388 233 4453 in
245 4387 345 4472 ipsius
359 4385 512 4454 mandato
528 4406 715 4455 concessum
732 4386 908 4471 reperitur,
933 4394 969 4452 et
985 4406 1051 4452 111
1064 4387 1201 4473 amplius
1221 4408 1229 4455 t
