2714 4980
557 295 637 355 rins
659 298 772 356 rnrur.
1155 284 1215 357 331

99 420 209 507 Verbi
222 419 338 507 gretie,
348 420 406 507 pbi
421 419 497 509 olim
513 421 649 505 fuerunt
666 422 799 507 termini
814 420 1000 509 corripiunt,
1012 422 1111 507 etium
1124 420 1222 509 hodie

98 555 177 604 esse
191 546 444 620 presumuntur,
464 539 525 603 nisi
538 538 721 622 probentur
741 538 868 621 mutati.
890 538 954 635 Qui
967 538 1044 625 olim
1061 537 1216 627 possedit,

97 655 281 739 etiamnum
295 661 392 753 atque
409 673 450 718 ex
465 652 583 738 eodem
596 654 693 737 titulo
711 653 880 742 possidere
895 638 1117 741 presumitur,
1137 661 1201 723 etc.

147 769 290 847 Beuum
305 770 350 837 4¹.
378 807 422 819 —
444 773 664 855 (irretitosque
677 774 860 847 naturaliter
875 772 1092 850 instituerint,
1108 791 1221 854 semper

98 887 209 949 adesse
224 892 430 967 presumitur,
452 889 543 949 donec
552 888 697 968 probetur
709 892 906 967 contrarium.
923 921 969 934 -
986 885 1089 973 Verbi
1103 885 1217 971 gretie

97 1000 253 1066 naturale
268 1008 303 1066 et
317 999 517 1065 ordinarium
536 1007 585 1066 est
601 1000 738 1066 cuilibet
754 1001 876 1067 homini
892 1008 930 1065 ut
947 1001 988 1065 sit
1003 1001 1052 1065 sui
1066 1019 1216 1085 compos3

98 1115 193 1182 unde
207 1115 311 1182 donec
324 1116 483 1200 probetur
493 1117 633 1201 aliquem
644 1118 678 1180 in
689 1117 916 1182 alienationem
928 1118 1045 1182 mentis
1055 1115 1216 1196 incidisse,

99 1234 216 1295 mente
238 1249 334 1295 sanus
355 1229 602 1314 presumendus
624 1238 685 1297 est.
704 1232 788 1319 Item
804 1230 928 1296 clericis
943 1231 1090 1296 naturale
1113 1238 1220 1296 estut

99 1349 168 1412 sint
182 1348 251 1429 apti
263 1344 306 1411 od
321 1346 478 1411 beneficia
490 1345 714 1425 ecclesiastico,
725 1365 786 1430 pro
801 1346 919 1430 quibus
936 1346 1024 1412 nulla
1039 1344 1221 1412 extraordi-

98 1462 195 1527 naria
217 1462 354 1547 qualitas
379 1462 540 1544 exigitur:
559 1462 633 1527 hinc
649 1464 676 1527 si
697 1463 770 1546 quis
787 1460 982 1526 beneficium
1009 1463 1215 1546 impetravit,

98 1578 311 1663 presumitur
322 1578 460 1644 idoneus
475 1577 580 1644 donec
594 1579 792 1645 contrarium
806 1579 976 1665 probetur.
994 1578 1115 1644 Atvero
1129 1579 1155 1643 si
1170 1599 1218 1645 re·

98 1695 252 1779 quirotur
259 1695 396 1779 qualitas
402 1693 668 1774 extraordinaria,
678 1693 714 1759 id
723 1702 783 1773 est,
792 1713 886 1780 quem
902 1695 1012 1760 clerici
1023 1694 1217 1760 naturaliter

98 1819 136 1903 et
150 1814 366 1897 communiter
383 1831 448 1883 non
461 1812 593 1891 habent,
612 1813 707 1881 verbi
724 1813 838 1897 gratia,
856 1812 999 1877 lauream
1016 1813 1051 1897 in
1066 1811 1140 1901 jure
1163 1831 1216 1876 ca·

97 1930 219 2011 noriico
234 1929 288 2015 rel
301 1930 336 2001 in
349 1948 441 1999 sacre
454 1929 632 2017 theolegie,
655 1929 724 1994 hec
742 1949 807 2017 non
826 1930 1043 2012 presumitur,
1061 1926 1119 2013 sed
1139 1947 1214 2012 pro-

97 2046 285 2133 bqndaest.
833 2029 837 2035 ¹

144 2165 286 2249 lissum
296 2166 486 2249 «ἦῆ-βαθέα
499 2167 536 2227 dc
550 2166 655 2244 quibus
666 2165 800 2242 dubium,
813 2181 852 2225 ee
863 2183 919 2245 quo
930 2167 1031 2242 enimc
1041 2165 1123 2247 [ecta
1136 2170 1209 2244 sint,

98 2288 134 2363 tq
148 2282 302 2349 recitarem
311 2287 431 2369 perlem
443 2284 640 2377 interpretari
658 2281 805 2359 debemus.
821 2313 866 2326 -
882 2278 1041 2362 Enpreme
1055 2279 1101 2343 ita
1115 2277 1214 2362 hube-

97 2398 204 2483 turin
222 2397 329 2481 sepite
344 2399 375 2476 2,
393 2397 481 2477 tituli
493 2397 548 2475 ll,
569 2396 645 2461 libri
665 2398 683 2460 5
701 2395 924 2474 decretalium.
942 2396 1026 2473 Hinc
1040 2397 1074 2461 in
1088 2395 1213 2467 actibus

98 2532 142 2597 οι,
155 2532 191 2589 se
205 2511 476 2591 indifferentibus,
494 2513 550 2597 qui
564 2530 681 2595 nempe
695 2529 757 2611 per
771 2531 805 2589 se
822 2518 857 2577 et
871 2511 1045 2577 intrinsece
1058 2512 1134 2579 meli
1148 2533 1213 2591 non

96 2635 187 2711 subt,
203 2630 284 2705 licet
300 2629 382 2695 tales
396 2647 465 2697 esse
479 2629 607 2712 possint
616 2629 658 2703 ob
672 2647 811 2717 pravum
825 2628 935 2709 tinem,
954 2628 1111 2709 delictum
1129 2649 1213 2695 nun-

96 2766 197 2835 quqm
216 2746 440 2831 presumitur,
457 2743 516 2811 sed
534 2744 738 2829 probandum
756 2752 816 2810 est.
842 2746 883 2810 Et
904 2746 949 2824 sic
969 2747 1003 2823 in
1024 2745 1210 2831 possidente

96 2865 306 2949 presumitur
319 2863 404 2941 hona
417 2862 511 2941 fides
526 2836 632 2936 donec
647 2863 846 2945 eontrarium
860 2863 1030 2947 probetur.
1047 2862 1212 2937 iudicium

95 2981 224 3065 puriter
238 2979 445 3062 presqrnitqr
467 2987 558 3059 recte
583 2978 721 3062 factum;
743 2985 778 3057 et
801 2978 982 3062 generatim
1004 2979 1213 3069 presumitur

95 3095 142 3176 de
156 3096 271 3181 quovis
290 3095 431 3175 officiali,
451 3094 560 3191 quoad
591 3115 631 3161 es
654 3115 725 3181 que
745 3072 894 3180 spectent
908 3093 950 3161 ad
965 3094 1104 3177 officium
1118 3094 1207 3180 ejus,

95 3212 293 3307 qqurecte
314 3212 599 3289 administraverit.
625 3213 709 3280 Item
725 3213 905 3299 generatim
928 3216 1212 3314 presumptionem
1264 3276 1266 3280 ,

95 3348 160 3417 pro
173 3348 208 3403 se
226 3327 350 3405 hebent
371 3348 475 3399 cause
491 3329 552 3395 ille
568 3348 638 3415 qqe
656 3327 811 3413 dicuutur
819 3333 1017 3412 favorabiles·
1032 3330 1126 3407 verbi
1138 3349 1211 3419 gre·

95 3445 154 3539 tie,
170 3463 267 3527 cquss
280 3444 531 3531 metrimoniclis,
549 3445 582 3509 in
598 3463 661 3531 qua
676 3446 883 3528 presumitur
899 3466 959 3532 pro
975 3448 1085 3533 veloce
1101 3447 1211 3513 metri-

95 3560 196 3649 monii
211 3557 316 3629 donec
332 3561 531 3625 contrarium
547 3560 726 3645 probetur;
742 3580 837 3629 causa
850 3560 987 3643 venditi,
1004 3564 1038 3629 in
1053 3582 1116 3649 qua
1130 3581 1210 3651 pre·

95 3675 240 3771 sumptio
253 3681 318 3741 stat
333 3695 394 3759 pro
412 3681 506 3759 parte
523 3654 690 3761 emptoris,
709 3684 772 3748 etc.

139 3793 280 3875 Meum
294 3795 338 3858 6¹.
351 3829 396 3842 -
405 3796 538 3874 Quilibet
542 3801 739 3877 presumitur
753 3797 854 3877 benus,
872 3803 934 3873 atsi
941 3799 1086 3878 probetur
1097 3799 1205 3861 molus.

95 3948 141 3983 -,-
150 3910 232 3975 Satis
245 3928 306 3993 per
319 3929 354 3983 se
368 3918 470 3993 patet.
487 3912 661 3979 Nonnullas
674 3919 782 3981 tamen
797 3913 910 4003 regule
923 3913 992 3981 hec
1005 3915 1210 3997 exceptiones

94 4027 232 4113 patitur.
244 4027 344 4093 Verbi
355 4029 470 4112 gratia,
489 4029 515 4093 si
529 4031 739 4114 presumptio
754 4030 906 4096 honitatis
919 4038 1032 4115 verget
1045 4033 1079 4097 in
1092 4029 1210 4116 preju-

95 4142 218 4219 dicium
235 4144 336 4223 tertii,
353 4143 460 4210 locum
474 4144 654 4211 nonhabet
669 4167 677 4210 :
699 4153 733 4211 et
748 4148 792 4211 sic
803 4145 907 4233 juder
922 4146 978 4231 qui
993 4154 1042 4212 est
1055 4155 1211 4232 cognatus

95 4261 150 4327 vel
164 4259 331 4326 familiaris
345 4261 402 4325 uni
416 4280 457 4326 ex
472 4261 629 4345 pertibus,
647 4264 854 4346 presumitur
868 4262 987 4349 injuste
1009 4265 1043 4329 in
1063 4264 1210 4339 levorem

95 4375 193 4465 bqus
203 4377 306 4465 pertis
317 4375 533 4467 judicaturus,
547 4386 646 4467 utque
661 4399 700 4443 ex
716 4379 776 4447 huc
791 4380 1042 4475 presumptione
1055 4380 1096 4463 eb
1109 4358 1209 4467 altera
