2714 4980
133 312 199 375 ‘260
479 327 665 374 pateranus
688 329 731 374 oa
753 328 902 374 runicus

129 452 224 518 verbi
248 452 361 535 gratia,
392 451 564 518 mulierem
592 463 687 536 posse
718 450 958 516 arbitratricem
980 449 1133 516 constitui
1159 449 1225 536 (ride

127 567 430 651 Scbnralzgrueber,
448 568 547 633 citato
563 567 648 644 loco,
664 586 697 631 n.
718 564 783 650 13);
798 571 832 630 et
844 567 968 650 pariter
981 570 1034 631 est
1048 566 1226 632 communior

125 682 215 766 apud
227 682 380 749 doctores
391 685 562 762 sententia,
578 702 673 766 posse
688 683 807 748 laicum
822 683 858 747 in
874 701 971 748 causa
984 682 1145 767 spirituali
1159 681 1227 748 arbi·

125 804 284 864 tratorcm
300 817 408 882 agere,
426 800 574 883 quamvis
591 798 715 864 arbiter
734 817 805 864 esse
824 805 978 883 nequeat.

168 914 218 980 dn
240 921 350 979 autem
369 914 535 997 legitimus
552 913 676 978 arbiter
700 911 884 978 censendus
908 914 950 978 sit
976 911 1044 990 ille,
1069 932 1164 998 quem
1182 913 1228 979 sibi

123 1030 344 1096 substituisset
357 1029 481 1095 arbiter
495 1030 807 1112 compromissarius‚
824 1028 1010 1113 negandum
1024 1028 1157 1095 videtur
1169 1048 1228 1094 cun

118 1145 407 1230 Scbmalzgrueber
424 1147 467 1233 (in
479 1148 531 1211 tit.
548 1147 601 1225 43,
615 1145 674 1211 lib.
694 1149 705 1210 l
723 1144 863 1223 decret,
882 1166 916 1211 n.
938 1142 1006 1230 to);
1025 1147 1103 1230 quia
1117 1153 1224 1230 partes,

120 1263 181 1327 nisi
198 1263 292 1328 aliter
304 1263 497 1346 exprimant,
516 1271 694 1328 censentur
713 1263 914 1328 consensisse
927 1263 961 1327 in
976 1276 1052 1328 eum
1065 1281 1162 1348 quem
1175 1264 1228 1330 ele·

122 1387 252 1462 gerunt,
268 1399 332 1445 non
345 1380 378 1443 in
394 1380 504 1446 alium.

164 1499 309 1561 Secundo.
338 1497 476 1577 Quinam
501 1496 562 1561 sibi
586 1496 725 1562 arbitros
747 1496 946 1561 constituere
970 1497 1107 1579 possint.
1125 1532 1166 1546 -
1184 1497 1228 1562 list

58 1674 62 1681 .
121 1614 234 1697 regula
252 1613 412 1696 generalis
431 1632 488 1678 eos
509 1632 622 1679 omnes
639 1632 732 1698 posse
748 1595 885 1678 'causam
902 1632 993 1678 suam
1013 1613 1147 1679 arbitris
1163 1612 1233 1679 did

120 1727 272 1794 mendam
292 1729 508 1808 committere,
530 1729 586 1812 qui
603 1746 715 1793 rerum
731 1747 862 1794 suarum
880 1728 926 1794 ita
943 1727 1082 1794 liberam
1106 1727 1225 1795 admini

119 1845 309 1910 strationem
328 1843 461 1920 babent,
480 1850 518 1907 ut
534 1845 632 1909 etiam
651 1843 791 1910 alienare
810 1863 864 1909 eas
882 1844 1016 1926 possint.
1033 1845 1126 1910 Hanc
1143 1863 1223 1928 regu·

118 1960 184 2025 lam
200 1958 370 2025 deducunt
386 1961 600 2025 communiter
614 1958 767 2025 doctores
780 1978 821 2024 cx
835 1959 941 2042 capite
956 1963 1032 2024 Cum
1047 1969 1175 2044 tempore
1186 1961 1218 2047 (5,

118 2077 274 2154 titubas,
295 2075 371 2140 libri
392 2079 404 2139 l
427 2073 668 2159 decretalium).
686 2076 779 2141 Ratio
794 2084 855 2152 est,
878 2076 952 2159 quia
968 2079 1220 2159 compromissum

118 2192 159 2259 ad
175 2192 402 2258 alienationem
412 2190 545 2257 deducit
557 2214 564 2276 ;
580 2191 668 2258 unde
681 2194 736 2277 qui
749 2193 890 2258 alienare
902 2194 1027 2277 nequit,
1041 2213 1105 2259 nec
1120 2193 1220 2260 babilis

117 2307 159 2374 ad
174 2306 503 2390 compromittendum
521 2306 704 2372 censendus
721 2313 782 2372 est.
797 2309 845 2373 Ex
863 2327 902 2373 ea
920 2327 1001 2374 vero
1019 2310 1163 2392 generali
1178 2328 1219 2374 re·

117 2424 203 2508 gula,
218 2422 370 2489 exclusis
385 2430 546 2505 potestate
563 2423 703 2488 arbitros
717 2423 778 2489 sibi
795 2423 1014 2490 constituendi
1026 2428 1221 2510 reperiuntur

118 2546 311 2623 sequentes:

161 2657 310 2739 Pupillus
327 2657 395 2721 sine
410 2654 610 2720 authoritate
628 2657 765 2720 tutoris:
781 2657 887 2721 minor
901 2664 1089 2723 curatorem
1102 2656 1227 2731 namn,-

117 2774 185 2838 sinc
196 2771 393 2838 authoritate
406 2772 565 2836 curatoris
577 2778 611 2836 et
620 2769 739 2855 judicis
749 2770 896 2851 decreto,
914 2773 942 2837 si
953 2781 1070 2856 agatur
1083 2772 1220 2852 derebus

118 2886 349 2963 immobilibus,
368 2891 424 2949 aut
438 2903 509 2969 quae
521 2884 571 2949 his
582 2886 842 2969 equiparentur:
859 2887 1001 2954 furiosus
1012 2894 1048 2953 et
1062 2887 1217 2972 prodigus:

116 3003 247 3070 foemina
262 3003 296 3066 in
317 3001 416 3065 certis
437 2999 583 3064 casibus:
600 2999 685 3065 tilius
703 3000 849 3077 familias,
867 3003 927 3067 uisi
947 3011 1064 3086 agatur
1085 3000 1220 3069 debonis

117 3117 334 3184 castrensibus
351 3117 405 3184 rel
421 3115 512 3200 quasi
531 3117 749 3183 castrensibus
768 3136 906 3202 qnorum
924 3118 1218 3202 independentema

118 3243 211 3318 patre
227 3232 536 3298 administrationem
552 3232 651 3298 babet
666 3255 673 3298 ε
691 3240 818 3300 tutores
834 3243 868 3301 et
882 3244 1050 3302 curatores
1063 3235 1169 3322 quoad
1178 3251 1218 3300 ras

118 3366 198 3436 quas
209 3351 277 3414 siue
292 3349 551 3414 solemnitatibus
563 3349 703 3414 alienare
718 3358 906 3434 nequeunt:
921 3361 1117 3435 procurator
1130 3354 1163 3418 in
1175 3368 1219 3416 nc·

117 3467 204 3551 gotio
230 3465 291 3531 sibi
314 3464 493 3542 commisso,
520 3465 581 3529 nisi
605 3465 638 3528 in
664 3463 817 3531 mandato
841 3468 1016 3549 specialem
1043 3468 1219 3534 facultatem

6 3654 9 3660 <
117 3582 234 3648 habeat
251 3580 516 3664 compromissum
537 3578 700 3645 faciendi:
718 3580 899 3665 religiosus
918 3584 1016 3648 etiam
1030 3577 1233 3649 administra·¹

114 3698 236 3763 tionem
256 3696 389 3771 habens,
409 3695 477 3759 sine
497 3694 629 3759 licentia
649 3696 875 3778 superiorum:
896 3698 1059 3781 parochus
1082 3700 1138 3765 vel
1154 3699 1222 3765 alius

116 3810 338 3888 beneficiatus,
358 3810 426 3873 sine
446 3827 604 3874 consensu
618 3810 777 3894 Episcopi,
796 3812 829 3876 in
844 3812 1070 3898 prejudicium
1083 3813 1222 3881 Ecclesia

116 3927 170 3992 vel
189 3923 340 3991 beneficii
353 3925 414 3988 sui.
428 3924 506 4004 Qua
522 3923 732 4003 exclusiones,
750 3927 867 4011 quibus
883 3930 1028 3994 canonici
1043 3931 1099 3996 vel
1110 3926 1224 3996 romani

112 4038 196 4123 juris
217 4035 362 4102 textibus
385 4035 573 4114 fulciantur,
593 4036 698 4102 videri
718 4047 827 4122 potest
845 4039 933 4123 apud
958 4044 1154 4124 canonistas,
1177 4041 1227 4108 ubi

115 4154 248 4220 titulum
262 4153 321 4230 43,
330 4152 404 4216 libri
423 4157 435 4216 l
454 4150 676 4227 decretalium,
695 4159 932 4223 commentariis
946 4158 1125 4228 illustrant.

160 4269 313 4352 specialis
334 4259 509 4334 intercedit
538 4269 710 4336 difficultas
741 4272 849 4357 quoad
878 4275 1053 4341 Praelatum
1079 4279 1114 4343 iu
1140 4299 1230 4346 causa

116 4385 267 4451 Ecclesiae
294 4401 370 4448 suae.
397 4385 511 4449 Potest
533 4385 665 4469 quidem
691 4391 956 4472 compromissum
978 4390 1093 4459 facere
1110 4395 1232 4483 absque
