2714 4980
125 300 191 364 382
473 312 660 362 runorsrus
682 315 726 361 uu
748 310 897 361 runicus.

123 440 242 528 scuto),
258 441 306 508 sic
318 441 463 507 occurrit
480 462 489 507 t
508 442 721 522 Officindsmct
737 446 876 506 Viooruu
889 443 1041 524 conculis
1051 438 1190 524 Episcopi
1197 444 1233 505 tc-

123 559 375 639 aefiotscossem
387 574 448 620 corr
456 563 594 638 masona.
609 557 690 637 Quae
708 557 833 627 locutio
845 557 958 622 multis
975 556 1154 622 commistis
1165 555 1233 622 ludi

122 690 200 740 care
214 674 281 739 visu
291 679 352 751 est,
370 669 437 738 duo
449 671 577 736 uomina
589 688 651 754 pro
664 672 853 756 synonymis
865 670 990 737 haberi.
1005 670 1123 737 Glossa
1137 677 1234 736 tamen

123 791 159 854 'm
173 789 235 854 hoo
250 796 348 871 caput
358 788 404 853 sic
414 785 557 853 advertit
574 809 582 853 :
602 790 719 853 «Not-a
736 796 964 872 argumentum
987 804 1053 872 pro
1071 796 1107 854 et
1120 794 1233 865 contro,

127 904 249 991 «quod
266 904 355 970 idem
376 911 427 970 est
447 904 559 970 dicere
577 906 725 985 officiatis
744 905 834 990 quod
854 911 992 970 Vtcorc'us
1010 926 1022 969 :
1043 905 1088 971 de
1110 924 1176 991 quo
1194 905 1236 971 liic

128 1038 220 1105 «per
237 1021 451 1087 Dominioum.
470 1041 489 1081 n
506 1019 571 1085 Sed
591 1020 815 1087 difficultatem
833 1022 1017 1112 omnemisi
1037 1040 1138 1108 quam
1153 1023 1237 1088 reliu-

43 1144 45 1149 '
127 1146 266 1221 querunt
287 1136 434 1221 praedicti
454 1134 576 1220 textus)
600 1137 778 1203 Tridentini
804 1148 904 1222 ceput
931 1141 972 1204 16
1008 1139 1172 1226 (sessionis
1189 1139 1234 1218 il,

127 1256 165 1317 de
182 1249 412 1336 deformatione)
435 1253 529 1336 plane
552 1255 694 1319 sustulit.
718 1255 768 1320 Ibi
790 1257 876 1320 enim
893 1255 1031 1340 jubetur
1055 1255 1234 1340 capitulum,

128 1370 210 1437 Sede
225 1375 372 1447 vacante,
391 1371 555 1449 Officiolem
570 1391 622 1432 scu
636 1375 788 1435 Vtoortum
807 1375 1018 1452 constituere,
1036 1374 1093 1439 vel
1109 1375 1237 1438 existen·

128 1494 196 1551 tem
224 1485 435 1570 confirmare3
463 1492 560 1570 atque
589 1487 723 1569 insuper
739 1507 953 1554 (economum.
987 1490 1026 1553 In
1044 1508 1125 1555 casu
1140 1494 1236 1554 autem

125 1601 339 1684 negligentius,
366 1598 535 1683 deputatio
566 1600 634 1666 haec
654 1602 703 1667 'ud
726 1603 1011 1687 Metropolitanum
1044 1603 1233 1670 devolvitur.

127 1716 178 1794 Et,
199 1718 226 1780 si
239 1717 405 1799 negligens
418 1716 451 1780 iu
466 1715 524 1780 hac
540 1735 576 1781 re
598 1716 639 1781 sit
657 1717 836 1800 ipsummet
864 1719 1042 1801 capitulum
1060 1717 1238 1802 Metropoli

125 1835 249 1908 tonum,
277 1831 324 1894 sic
346 1830 502 1894 statuitur
530 1851 536 1894 :
568 1831 738 1916 Antiquior
766 1833 944 1916 Episcopus
971 1851 1014 1898 ex
1040 1832 1238 1917 suEroguueis

125 1964 302 2010 sconem
315 1954 345 2009 ct
364 1950 516 2010 nocuum
538 1949 659 2020 mancos
680 1948 781 2030 possit
799 1949 1011 2012 consumere.
1040 1932 1180 2029 Quibus,
1210 1953 1239 2011 et

126 2060 399 2145 subsequentibus
412 2063 510 2125 etiam
529 2061 756 2141 locutionibus,
773 2071 889 2146 operte
905 2061 1052 2128 indicunt
1067 2061 1239 2128 desntiui

126 2177 305 2254 Petrossa
321 2176 562 2260 peroffictctcm
578 2183 613 2240 et
632 2181 784 2241 Vtmrtcm
806 2181 973 2260 omnnem
997 2176 1090 2244 idem
1116 2196 1240 2262 prorsus

126 2291 335 2357 intellexisse.

150 2413 152 2417 ’
172 2408 336 2474 Probatur
357 2410 403 2487 2⁰,
422 2426 463 2473 ex
483 2411 645 2474 communi
666 2407 837 2474 doctorum
857 2426 1040 2476 consensu:
1062 2433 1082 2473 a
1103 2411 1239 2477 vicarius

131 2524 321 2607 «generalis
342 2524 494 2608 Episcopi
518 2525 574 2611 (ait
594 2522 762 2609 Ferroris),
788 2524 916 2610 injure
942 2524 1132 2609 appellatur
1151 2528 1240 2593 cmm

131 2640 353 2707 c-Officialis.»
374 2639 434 2728 (ud
448 2660 563 2707 vocem
578 2647 717 2707 Vtccrc‘os
734 2645 894 2724 mosculis,
912 2651 976 2708 ort.
993 2646 1024 2721 1,
1042 2662 1078 2709 u.
1097 2643 1147 2730 2.)
1164 2645 1241 2710 Item

129 2758 310 2823 Musonius
328 2757 376 2843 (da
398 2762 529 2821 Vtocrtts
549 2761 666 2838 Epiro,
690 2775 761 2840 cap.
788 2761 817 2835 l,
837 2766 950 2842 quaest.
972 2756 1046 2843 17):
1069 2761 1240 2826 «vicarius

132 2874 322 2956 «generalis
336 2878 371 2936 et
390 2871 541 2938 Officialis
553 2872 710 2959 (intellige
725 2871 921 2958 principalis)
933 2873 1022 2940 idom
1039 2877 1237 2961 significum

132 3013 147 3050 o
161 2997 196 3055 et
209 2990 244 3053 in
256 2989 374 3054 effectu
388 2990 478 3054 nulla
492 2991 579 3053 iuter
593 3007 649 3054 eos
664 2989 725 3052 nisi
737 2991 772 3052 in
786 2991 916 3055 nomine
933 3000 1086 3056 versatur
1098 2991 1241 3059 dilierou·

131 3107 209 3171 «tia
227 3107 282 3191 [ciri
294 3113 395 3169 cotem
414 3110 490 3169 citat
506 3109 670 3169 Looreoc'us
683 3108 834 3186 plurimos
851 3111 1022 3170 canonistas
1042 3111 1126 3172 m
1142 3111 1239 3173 docnt·

132 3219 230 3304 otas).
247 3222 322 3286 Dixi
338 3229 374 3286 et
390 3220 540 3286 Officiolis
559 3224 761 3303 Principalis·
772 3240 847 3286 uam
864 3220 1060 3308 quandoque
1082 3223 1154 3292 duo
1172 3231 1239 3290 suut

132 3361 149 3400 «
161 3338 195 3403 in
213 3337 344 3402 dioecesi
363 3337 541 3403 officiales:
566 3356 651 3401 unus
669 3337 863 3421 principalis,
882 3340 939 3423 qui
956 3341 1142 3422 generatim
1158 3342 1239 3406 ‘umes

133 3481 148 3512 a<
163 3455 315 3538 Episcopi
334 3455 432 3538 gerit,
450 3454 563 3520 saltem
583 3454 617 3518 in
637 3453 881 3536 spiritualibus:
901 3455 986 3520 alter
1003 3469 1088 3521 vero
1104 3455 1240 3521 officialis

133 3595 152 3632 a.
161 3573 268 3637 miuus
287 3570 472 3655 principalis
487 3577 521 3636 et
534 3568 636 3652 priori
650 3567 894 3648 subordinatus,
912 3570 965 3636 vel
982 3572 1040 3656 qui
1054 3573 1239 3640 concisum

133 3713 152 3750 e
164 3688 313 3773 Episcopi
327 3692 447 3770 praest
460 3686 494 3751 in
508 3687 607 3751 certis
618 3692 746 3750 tuntum
762 3687 874 3765 causis,
892 3686 986 3753 verbi
999 3689 1121 3771 guntin,
1134 3690 1168 3754 in
1179 3702 1237 3754 mr

133 3803 410 3872 «trimoniulibus
432 3805 473 3878 Et
487 3807 579 3885 potet
595 3801 681 3866 hunc
694 3801 870 3868 Officialem
889 3804 995 3869 minus
1009 3806 1235 3891 principalem,

132 3922 224 3987 «atsi
236 3919 428 4003 simpliciter
447 3935 576 4002 quoque
593 3916 724 3982 dicotur
742 3917 893 3996 officialis,
911 3937 976 3984 nou
996 3938 1069 3987 esse
1094 3920 1236 3987 eumdem

132 4056 237 4103 ccum
252 4037 380 4103 Vicurio
392 4034 556 4118 generum
576 4035 650 4118 quia
665 4035 697 4099 ei
712 4033 946 4100 subordinatus
961 4043 1022 4114 est,
1041 4035 1178 4123 ejusque
1192 4035 1236 4121 ju

132 4150 308 4219 orisdictio
325 4149 521 4234 delegato.»
547 4148 631 4213 item
655 4149 820 4232 Laymuu:
842 4148 990 4214 «Utrum
1015 4147 1189 4218 discrimen
1202 4151 1240 4215 rit-

132 4269 249 4335 ointer
270 4267 435 4332 uicarium
457 4264 646 4347 generalem
671 4269 707 4328 et
729 4263 909 4330 officialem
930 4266 1145 4351 principalem
1169 4264 1233 4350 Epi·

133 4406 150 4444 c
162 4384 274 4467 scopi?
293 4379 496 4464 Respondes,
515 4377 637 4462 injure
656 4379 811 4445 canonico
830 4379 1066 4464 appellationes
1086 4382 1165 4448 istas
1180 4397 1233 4466 pro
