2714 4980
484 344 487 349 ·
565 321 646 370 PARS
667 321 828 370 SECUNDA.
1183 309 1243 372 421

119 449 210 526 gato.
221 439 453 508 Attendendus
466 443 671 528 ergomodus
679 464 744 530 quo
753 445 930 530 Episcopus
938 444 1127 512 mandatum
1141 446 1247 515 dedit.

120 560 204 624 llam
214 560 248 624 1⁰
259 558 288 623 si
300 556 390 622 dicta
401 560 553 641 specialia
563 561 723 627 commisit
729 561 762 626 in
772 561 843 645 ipso
854 561 1071 627 instrumento
1081 581 1146 647 quo
1156 565 1250 631 Vica-

119 674 208 741 rium
218 673 408 759 generalem
419 676 598 755 constituit,
607 681 761 742 censetur
773 695 845 766 eam
854 675 1046 743 facultatem
1061 677 1123 762 ipsi
1136 678 1251 746 fecisse

118 799 277 876 tanquam
292 790 424 855 vicario
437 792 598 876 generali3
616 790 705 858 unde
719 801 798 858 tunc
812 792 883 857 haec
904 793 1042 858 facultas
1063 793 1251 879 ingreditur

119 908 314 970 ordinariam
325 906 446 970 Vioarii
461 908 621 990 generalis
631 906 907 993 jurisdictionem
923 928 961 974 ac
972 909 1111 993 proinde
1123 910 1166 976 ab
1179 909 1251 997 ejus

119 1022 288 1088 sententia
304 1041 371 1087 non
382 1020 482 1088 datur
491 1025 669 1108 appellatio
687 1023 730 1091 ad
743 1024 950 1110 Episcopum.
968 1027 1003 1089 2⁰
1021 1025 1055 1090 si
1070 1027 1250 1111 Episcopus

119 1135 284 1224 ejusmodi
307 1138 459 1220 specialia
473 1140 670 1205 commiserit
691 1146 786 1206 extra
799 1141 1056 1206 commissionem
1071 1142 1249 1209 vicariatus

118 1251 295 1338 generalis,
314 1259 350 1318 et
360 1271 514 1336 expresse
531 1253 652 1320 dixerit
658 1254 741 1320 hanc
753 1255 944 1321 facultatem
958 1256 1087 1322 Vicario
1103 1257 1248 1340 generali

118 1368 224 1434 tribui
240 1375 386 1450 tuaquom
408 1373 539 1447 Viccrio,
557 1370 678 1436 iterum
698 1372 734 1436 iu
748 1370 810 1436 hoc
834 1370 1032 1436 ordinariam
1050 1371 1250 1458 jurisdictio-

117 1503 197 1551 nem
210 1484 238 1547 is
250 1482 385 1562 habere,
402 1490 435 1548 et
446 1504 512 1549 non
527 1482 710 1568 delegatam
726 1483 909 1551 censendus
924 1487 999 1552 erit.
1019 1491 1055 1552 3⁰
1066 1488 1098 1552 Si
1113 1487 1246 1571 Episco-

117 1618 182 1684 pus
199 1607 294 1666 extra
311 1599 487 1665 nicomatus
501 1600 661 1684 generalis
681 1601 939 1667 commissionem
953 1602 1104 1686 specialia
1131 1621 1249 1671 conce·

118 1715 215 1794 dens,
231 1735 299 1781 non
313 1715 514 1798 expresserit
534 1736 576 1781 an
598 1723 752 1801 tanquam
767 1717 905 1796 vicario,
923 1738 964 1783 an
984 1725 1138 1803 tanquam
1162 1719 1251 1786 dele·

115 1837 207 1915 gato,
235 1849 274 1896 ec
297 1832 505 1909 concesserit,
533 1831 595 1900 sed
614 1830 657 1897 de
671 1831 734 1896 hoc
760 1831 895 1910 siluerit,
917 1833 1065 1900 vicarius
1087 1836 1247 1917 generalis

116 1943 230 2032 quoad
242 1964 281 2011 aa
296 1944 468 2029 delegatus
477 1945 648 2011 dumtaxat
663 1945 846 2012 censendus
855 1952 916 2012 est.
928 1948 1010 2012 Nam
1026 1966 1101 2012 cum
1115 1956 1244 2014 certum

116 2064 163 2129 sit
175 2062 241 2147 ipsi
263 2081 331 2127 non
360 2069 548 2146 competere
564 2061 825 2147 J'misdictionem
843 2063 1039 2130 ordinariam
1061 2064 1150 2129 circa
1173 2084 1246 2149 spe-

117 2179 224 2256 cialia,
243 2177 304 2242 nisi
315 2178 377 2261 ipsi
391 2186 534 2260 tanquam
550 2183 668 2243 Vircrro
679 2177 846 2245 commissa
860 2178 934 2256 sint,
949 2176 1055 2243 donec
1070 2186 1197 2246 constet
1203 2180 1245 2246 de

115 2293 179 2361 tali
200 2292 437 2371 commissione,
468 2312 576 2359 merus
605 2292 777 2377 delegatus
800 2291 983 2360 censendus
1001 2293 1066 2360 erit
1082 2314 1089 2359 :
1107 2295 1142 2359 in
1168 2314 1245 2361 casu

116 2416 234 2477 antem
248 2410 428 2493 proposito,
450 2407 487 2474 id
501 2428 567 2475 non
589 2416 735 2493 constat3
756 2429 832 2475 cum
845 2410 1022 2494 Episcopus
1041 2429 1108 2475 non
1139 2411 1245 2494 expri-

116 2534 200 2604 mat,
216 2524 328 2609 seipsi
344 2525 547 2591 committere
561 2525 712 2608 specialia
722 2530 877 2609 tanquam
890 2525 1029 2602 vicario,
1049 2533 1083 2590 et
1098 2543 1165 2590 non
1174 2533 1247 2592 tan·

116 2661 220 2730 quam
238 2658 330 2707 mero
355 2639 518 2724 delegato.
549 2638 643 2706 Unde
670 2647 749 2706 tunc
773 2660 793 2706 a
817 2641 956 2717 vicario,
978 2639 1067 2706 dicta
1095 2642 1245 2724 specialia

116 2767 338 2844 ooffloscente
358 2763 392 2824 et
408 2755 588 2842 judicante,
618 2754 751 2821 dabitur
768 2753 812 2821 ad
830 2756 1026 2839 Episcopum
1053 2756 1240 2840 appellatio.
1271 2841 1274 2848 Ι

116 2873 277 2942 Eamdem
292 2881 402 2940 nutem
414 2870 595 2939 doctrinam
612 2878 705 2938 tenet
723 2868 902 2936 Leurenius
919 2869 968 2956 (dc
978 2874 1108 2934 Vircriis
1120 2874 1237 2953 Epicu,

117 3012 194 3077 cop.
217 2996 250 3073 3,
268 3011 300 3079 q.
315 2989 403 3077 104).

633 3239 722 3315 tv.

115 3473 271 3526 Enumeratio
280 3485 360 3524 eorum
374 3485 426 3538 qua
433 3471 515 3536 nequit
523 3469 631 3520 vicarius
642 3467 755 3530 generalis
766 3467 869 3530 explere,
880 3465 971 3518 etiamsi
979 3468 1100 3520 accederet
1108 3469 1243 3521 commissio

552 3563 660 3628 specialis
687 3560 807 3626 Episcopi.

165 3807 194 3870 l.
211 3803 333 3890 Nequit
346 3803 522 3888 Episcopus
537 3799 665 3866 vicario
679 3819 738 3867 suo
757 3791 900 3883 generali
928 3798 1116 3867 facultatem
1130 3797 1240 3867 facere

111 3921 311 3992 absolvendi
326 3920 367 3986 ab
378 3923 493 3984 occulta
506 3915 551 4005 (l)
564 3917 697 3984 llaeresi.
718 3918 812 3990 Nam,

152 4129 188 4196 (l)
202 4128 264 4188 Quid
278 4129 318 4178 hic
331 4140 373 4190 por
386 4126 516 4175 occultam
534 4125 651 4174 icrmim
665 4123 841 4186 intelligendum
861 4123 902 4182 sit,
918 4121 1005 4170 diserte
1019 4119 1151 4182 explanarit
1165 4121 1241 4171 Benc-

113 4226 196 4276 dictns
217 4220 460 4285 rumesperc
481 4220 636 4273 diocesano,
660 4218 678 4266 l.
702 4218 727 4278 9,
752 4232 773 4266 c.
794 4217 832 4280 l).
852 4217 944 4267 Primo
959 4215 1107 4263 scilicetnon
1124 4215 1201 4276 agitur
1211 4213 1242 4264 da

113 4319 202 4371 naresi
215 4317 246 4367 ad
259 4317 362 4365 tribuual
376 4314 486 4377 Episcopi
501 4312 610 4374 deducta,
626 4312 695 4361 etsie
707 4310 807 4374 juridice
820 4318 875 4360 nota
888 4326 895 4358 τ
917 4310 947 4358 ah
964 4311 1009 4360 hac
1019 4314 1097 4371 potest
1110 4309 1241 4372 Episcopus

114 4414 284 4479 resipicectem
297 4409 431 4463 hereticum
445 4407 574 4458 absolvere.
589 4405 717 4460 Secundo,
732 4419 775 4455 nco
788 4403 914 4458 deterosi
927 4415 996 4455 mara
1009 4402 1134 4456 toraca:
1154 4404 1184 4459 ab
1197 4405 1241 4459 trac
