2714 4980
538 287 618 334 nens
641 287 802 333 sueonos.
1025 349 1030 357 ἡ
1083 338 1091 348 ,
1173 269 1234 336 507

123 427 140 468 a
158 407 362 475 territorium
376 409 602 476 constituentis
613 408 775 476 conficere
790 411 1048 476 instrumenta...
1069 409 1137 475 Imo
1162 425 1238 491 prus

123 521 264 591 «babile
283 532 333 591 est
352 525 441 610 quod
467 527 605 612 quilibet
626 527 781 609 notarius,
802 527 900 595 etiarn
919 526 960 593 ab
978 525 1126 593 inferiori
1141 525 1237 608 magi<

121 645 262 704 «stratu
287 643 490 719 constitutus,
523 650 617 708 extra
643 643 849 708 territorium
873 641 1122 718 constituentis,
1149 641 1236 705 inter

121 779 138 818 c
156 757 305 821 volentes
320 766 354 823 et
365 735 670 843 subditosejusdem
685 760 900 842 magistratus,
916 759 1016 841 possit
1022 758 1236 822 instrumento

120 895 138 934 «
155 872 328 951 conficere,
345 881 384 939 ut
398 874 499 943 tradit
512 877 641 942 Eelinus
654 876 698 962 (in
718 882 816 958 caput
832 875 1060 958 penultimum,
1074 872 1163 937 tituli
1179 873 1233 948 22,

119 1011 137 1048 «
155 987 233 1053 libri
247 992 267 1053 2
286 989 551 1069 decretaliumn.
568 989 632 1075 18),
650 999 685 1058 et
699 994 822 1057 Tuscus
836 991 880 1078 (in
892 989 1101 1073 idemcaput‚
1120 1008 1153 1052 n.
1166 984 1233 1071 23);

119 1129 137 1166 «
155 1106 286 1189 quia...‚
306 1106 385 1172 licet
403 1106 479 1175 alibi
496 1108 640 1173 notarius
662 1108 783 1174 nonsit
798 1108 928 1190 publica
949 1124 1099 1190 persona,
1128 1111 1237 1186 potest

119 1246 136 1281 «
154 1228 265 1286 tamen
279 1223 407 1286 censeri
421 1221 553 1305 publica
568 1221 676 1307 quoad
691 1222 840 1288 subditos
853 1230 946 1288 extra
959 1196 1161 1287 territorium
1168 1217 1235 1284 exi-

120 1345 291 1402 ostentes.
315 1360 331 1398 »
352 1337 527 1423 (Pirrhiog‚
560 1339 593 1402 in
620 1340 753 1404 titulum
777 1341 835 1417 Ὦ,
862 1338 939 1403 libri
958 1341 977 1402 2
998 1336 1231 1412 decretalium,

116 1475 151 1519 n.
175 1453 243 1538 ll.)

163 1573 362 1639 Paonosrrro
380 1573 451 1638 111¹.
473 1610 518 1620 -
540 1576 687 1638 Notarius
710 1580 794 1637 intra
818 1578 1004 1636 territorium
1026 1593 1112 1636 suum
1135 1574 1235 1634 aalide

88 1715 91 1720 ·
113 1689 238 1766 confidi
250 1693 462 1768 instrumento,
481 1696 572 1753 etiarn
583 1710 642 1772 pro
660 1695 824 1755 retroneis.
840 1725 886 1736 -—
901 1690 962 1767 lla,
980 1707 1055 1752 cum
1072 1686 1183 1753 Feliuo
1201 1693 1236 1751 et

116 1805 282 1883 Gabriele,
304 1812 397 1871 tenet
414 1805 565 1890 Pirrhing
587 1807 686 1872 citato
706 1807 797 1889 loco;
820 1805 945 1871 addens
967 1813 1099 1870 tamen:
1122 1807 1252 1869 Saltem¹

114 1924 359 1990 antecameram
374 1926 408 1986 id
421 1925 578 2005 approbat.

161 2038 360 2104 Pnorosrrro
377 2041 447 2103 ΙΨ.
466 2046 644 2105 -Notorit
667 2060 688 2102 o
710 2045 796 2121 Papo
814 2045 878 2102 sine
905 2044 1091 2102 restrictione
1106 2041 1236 2101 locorum

113 2162 222 2235 menti,
247 2159 427 2236 reputortter
450 2159 556 2237 ubique
578 2165 727 2220 terrorum
742 2163 941 2220 instrumento
955 2157 1057 2219 valide
1073 2155 1235 2233 conficiunt

115 2274 215 2353 quood
228 2275 327 2352 foram
341 2275 580 2337 ecclesiasticum.
595 2306 640 2318 ·-
663 2272 757 2338 Ratio
770 2279 831 2350 cst,
850 2272 924 2355 quia
938 2270 1074 2355 quilibet
1088 2270 1235 2334 notarius

116 2387 225 2455 valide
246 2387 385 2453 officium
402 2409 496 2454 suum
520 2389 632 2472 explet
655 2389 741 2454 intra
759 2388 962 2453 territorium
986 2387 1193 2470 magistratus
1215 2407 1235 2452 a

115 2524 182 2590 quo
192 2504 338 2571 notarius
352 2511 482 2570 creatus
491 2513 541 2569 est
559 2527 566 2570 :
588 2512 677 2570 totus
693 2511 804 2570 autem
813 2503 955 2570 mundus
967 2496 1021 2569 est'
1031 2503 1234 2568 territorium

114 2623 214 2703 Papae
243 2620 351 2706 quoad
375 2622 483 2686 torum
502 2621 781 2686 ecclesiasticum:
809 2621 930 2704 poterit
953 2638 1031 2703 ergo
1046 2619 1190 2684 notorius
1213 2640 1232 2684 a

114 2738 207 2820 Papa
222 2737 290 2801 sine
304 2738 509 2802 restrictione
527 2738 674 2802 locorum
692 2744 831 2814 creatae,
848 2737 882 2800 in
900 2741 971 2801 toto
987 2735 1109 2801 mundo
1124 2733 1231 2800 valida

116 2855 333 2918 instrumenta
348 2873 495 2920 exarare.
514 2854 571 2920 Est
582 2860 690 2919 autem
709 2844 748 2918 ea
762 2852 924 2918 conclusio
938 2857 1031 2917 extra
1049 2858 1235 2921 conuover·

118 2970 199 3035 siam
214 2969 301 3052 apud
318 2971 511 3035 canonistas.

161 3087 310 3152 Diximus
328 3092 508 3168 reputortter
516 3110 527 3165 ,·
553 3089 628 3173 quia
644 3088 831 3154 Tridentino
845 3088 990 3174 synodus
1004 3087 1171 3172 Episcopis
1186 3087 1234 3152 ta·-

115 3206 273 3270 cultatem
288 3204 368 3271 fecit
382 3207 534 3282 notarios,
553 3206 651 3270 etiam
668 3205 709 3270 ab
724 3206 905 3297 Apostolico
921 3203 1004 3270 Sede
1027 3211 1166 3282 oreatus,
1191 3201 1235 3268 ad

116 3340 254 3388 examen
270 3320 424 3405 vocandi3
454 3330 488 3387 et
504 3321 639 3400 eisdem,
664 3323 690 3385 si
708 3323 849 3406 imperiti
862 3323 916 3389 vel
938 3323 971 3387 in
986 3322 1089 3387 officio
1104 3341 1162 3387 suo
1178 3318 1235 3387 de·

113 3439 300 3523 linquentes
314 3439 440 3522 reperti
452 3436 585 3515 fuerint,
601 3439 779 3503 notariatus
796 3439 989 3504 exercitium
1001 3436 1230 3503 interdicendi.

116 3555 210 3640 (Sess.
230 3557 282 3631 22,
296 3574 368 3639 cap.
387 3552 431 3638 2.)
443 3555 594 3637 Quiergo
611 3556 655 3619 sic
669 3556 709 3621 ab
722 3557 880 3640 Episcopo
891 3554 1087 3623 interdictus
1104 3556 1231 3634 fuisset,

113 3690 180 3736 non
198 3678 308 3754 posset
335 3669 441 3736 valide
460 3671 674 3736 instrumento
693 3671 866 3749 conticere,
895 3676 928 3737 in
953 3671 1085 3737 dioecesi
1119 3673 1234 3740 saltem

114 3786 265 3869 Episcopi
288 3785 522 3851 interdicentis.
547 3785 595 3851 An
611 3807 691 3853 vero
709 3788 817 3864 ctiam,
840 3788 948 3873 quoad
969 3807 1099 3854 omnem
1125 3789 1233 3854 locum

112 3905 309 3970 interdictus
337 3906 518 3971 censendus
537 3906 579 3970 sit
603 3909 747 3971 notarius
768 3928 787 3971 a
813 3909 902 3992 Papa
923 3914 1062 3988 creatus,
1083 3908 1145 3975 hoc
1163 3910 1233 3993 ipso

114 4021 204 4107 quod
217 4023 257 4087 ob
272 4023 430 4106 Episcopo
448 4021 643 4088 interdictus
661 4024 712 4101 sit,
732 4031 783 4088 est
802 4026 936 4110 questio
953 4044 1024 4111 quae
1045 4024 1233 4093 difficultate

113 4140 225 4204 forsan
240 4159 305 4205 non
320 4148 421 4206 caret.
433 4142 538 4222 Quam
556 4160 629 4206 cum
645 4140 732 4224 apud
743 4147 893 4208 auctores
907 4161 1073 4207 excussam
1087 4142 1233 4208 nondum

113 4256 306 4340 repererim,
324 4257 478 4321 intactam
494 4257 652 4341 relinquo.

159 4375 359 4442 Pnonosrrro
369 4376 470 4440 Vt-
485 4380 721 4445 lustramentum
735 4397 754 4441 o
769 4383 888 4447 notorio
901 4380 1012 4442 anaor
1025 4379 1126 4442 aalide
1139 4381 1251 4468 conse.
