2714 4980
195 306 235 370 st
541 319 727 368 ruecrnrus
749 320 794 366 ou
815 319 964 368 1111113113.

192 467 254 512 naa
269 449 311 511 acl
325 447 500 525 Ecclesiam,
520 447 557 510 cle
572 446 682 509 talibas
688 447 923 528 possessionibus
927 447 1079 528 imitare,
1096 461 1135 508 ne
1155 443 1315 508 uideamur

186 568 257 646 jari
273 566 363 645 Regis
378 564 543 644 Anploram
556 562 723 642 detrahere,
738 568 791 643 qai
802 567 938 644 ipsarum
950 563 1097 642 mediatam
1106 561 1150 624 od
1162 578 1194 623 sc
1205 563 1314 624 asserii

187 685 350 762 pertinere,
376 681 567 769 fraternitati
580 686 686 742 restra
700 681 888 759 nmndamas,
904 685 1050 760 qnatenus
1066 681 1143 760 Reae·
1149 681 1313 760 passessio-

189 815 263 861 nam
277 799 430 881 judiciam
450 798 659 878 relinquentes,
684 799 721 860 de
739 815 829 858 caasa
842 797 1020 878 principali,
1044 796 1185 859 uidelicet
1210 800 1311 857 atram

191 919 289 976 mater
298 888 441 995 predicti
455 915 522 977 R...
537 914 574 976 cle
594 915 727 994 legitimo
740 918 781 975 sit
795 917 987 976 matrtmmio
1004 919 1090 991 nata,
1109 913 1238 992 plenius
1251 910 1327 995 aaa

190 1021 321 1094 noscatis
336 1036 365 1091 et
379 1047 500 1092 caasam
517 1028 687 1111 hujusmodi
702 1033 877 1093 terminetis.
896 1027 975 1109 Quis
991 1047 1056 1093 non
1072 1026 1165 1093 uidet
1180 1025 1309 1093 Pontifi-

191 1165 263 1213 cem
273 1146 375 1224 illum,
387 1144 468 1210 dum
478 1152 546 1210 tam
555 1145 740 1211 luculenter
752 1165 882 1211 causam
892 1147 1131 1230 possessionum
1142 1148 1185 1210 art
1196 1165 1303 1228 repom,

189 1285 249 1330 aaa
273 1268 314 1329 acl
335 1267 498 1329 Ecclesiam
522 1265 688 1347 pertinere
702 1264 902 1347 pronuntiat,
921 1264 1156 1349 aequivalenter
1169 1263 1306 1329 edixisse

190 1382 338 1460 alteram,
361 1380 402 1447 de
424 1381 537 1447 valore
562 1401 680 1464 nempe
708 1382 919 1460 matrimonii,
948 1401 1015 1446 non
1040 1383 1149 1447 minus
1174 1381 1306 1466 proprio

187 1497 280 1584 jure,¹
289 1499 509 1564 ecclesiastico
523 1497 595 1564 foro
606 1497 742 1583 subjici?
755 1497 837 1563 Cum
849 1517 928 1582 ergo
939 1500 973 1564 in
986 1500 1080 1583 praxi
1090 1505 1126 1564 31
1140 1496 1305 1583 disciplina

189 1636 228 1681 ac
241 1616 444 1700 legislatione
460 1636 517 1681 sua
531 1617 676 1700 generali
695 1622 836 1701 nequeat
859 1617 1004 1683 Ecclesia
1023 1615 1204 1701 quidquam
1222 1631 1306 1682 erro

189 1752 287 1799 neum
308 1741 366 1798 aut
386 1732 543 1818 injustum
564 1732 755 1811 decernere,
774 1740 809 1799 et
827 1733 889 1798 sihi
902 1740 940 1798 ut
958 1734 1107 1817 proprias
1126 1732 1191 1798 hoc
1212 1731 1305 1799 modo

189 1867 301 1914 causas
328 1849 581 1914 matrimoniales
603 1868 716 1915 omnes
740 1847 968 1926 vindicaverit,
991 1847 1170 1914 (1133111331
1198 1867 1304 1916 causas

187 1965 260 2031 illas
273 1964 316 2031 ad
328 1967 430 2049 ipsam
445 1984 562 2032 revers
579 1966 745 2031 exclusive
761 1966 940 2049 pertinere.

233 2081 401 2148 Probatur
414 2084 461 2147 3⁰.
481 2083 528 2146 Ex
550 2100 658 2166 nuper
672 2081 781 2147 habitu
802 2083 835 2146 in
861 2083 1049 2148 consistorio
1070 2083 1120 2148 Pii
1141 2085 1242 2168 Papae
1263 2085 1303 2150 tx

188 2197 394 2275 allocutione,
419 2200 459 2262 27
485 2197 679 2280 septembris
701 2200 809 2264 1852:
831 2198 876 2264 sic
898 2197 1026 2264 orditur
1045 2199 1204 2265 allocutio
1228 2200 1300 2266 illa:

195 2342 209 2368 ι
223 2313 472 2379 Acerbissimum
488 2313 667 2392 vobiscum,
687 2313 892 2381 venerabiles
903 2314 1034 2393 fratres,
1050 2314 1149 2381 bodie
1167 2335 1304 2383 commu·

195 2459 209 2486 «
223 2431 368 2496 uiuamus
382 2428 539 2509 dolorem,
557 2449 623 2516 quo
635 2428 759 2515 jamdiu
777 2431 890 2496 intime
907 2431 1088 2515 premimur
1103 2431 1147 2497 ob
1169 2435 1303 2500 maxima

194 2576 209 2605 ι
223 2554 258 2614 31
272 2563 436 2632 nunquam
448 2547 524 2611 satis
539 2545 680 2630 lugenda
696 2545 824 2627 damna,
843 2548 961 2633 quibus
982 2549 1094 2633 plures
1117 2548 1239 2617 abhinc,
1253 2569 1304 2616 an·

193 2694 208 2722 a
220 2683 290 2743 nos,
308 2663 465 2730 catholice
478 2664 623 2729 Ecclesia
641 2663 676 2729 in
693 2665 950 2749 Neogranatensi
962 2664 1135 2749 republica
1150 2667 1304 2734 miseran·

194 2812 209 2840 s
226 2780 306 2847 dum
321 2782 356 2846 in
367 2779 501 2846 modum
516 2781 679 2865 affligitur.
701 2810 715 2837 ι

233 2900 311 2967 Post
318 2905 509 2965 enumerata
521 2905 632 2964 autem
646 2892 780 2963 multuo
795 2897 885 2964 dicto
904 2896 1064 2983 gubernio
1079 2901 1114 2966 in
1131 2900 1305 2969 detrimen·

187 3025 260 3087 tum
273 3016 424 3083 Ecclesia
442 3023 621 3093 attentata,
642 3016 687 3081 sia
703 3017 911 3100 prosequitur
924 3017 1077 3084 Pontifex
1094 3039 1102 3084 ι
1125 3020 1245 3086 «Nihil
1257 3019 1304 3085 di·

171 3143 173 3146 ’
194 3163 209 3191 α
222 3135 325 3200 cimus
336 3131 377 3198 de
393 3132 455 3198 alio
467 3131 523 3196 illo
539 3130 686 3210 decreto,
710 3151 776 3217 quo
791 3133 988 3199 matrimonii
1003 3137 1200 3202 sacramenti
1223 3155 1304 3222 mys

194 3250 327 3328 aterio,
358 3247 539 3332 dignitate,
570 3250 759 3327 sanctitate,
793 3251 923 3315 omnino
953 3251 1133 3335 despecta,
1168 3253 1303 3341 ejusque

193 3364 422 3432 «institutione
442 3370 478 3430 et
498 3369 615 3430 natura
637 3383 771 3448 prorsus
800 3367 947 3450 ignorata
976 3374 1011 3434 et
1040 3389 1177 3450 eversa,
1208 3380 1303 3458 atque

193 3482 371 3550 «Ecclesiae
397 3482 431 3546 in
454 3489 694 3548 sacramentum
720 3481 810 3548 idem
831 3491 994 3568 potestate
1018 3487 1149 3570 penitus
1167 3495 1299 3578 spreta,

188 3631 208 3674 ,ι
220 3597 466 3687 proponebatur
486 3597 580 3683 juxta
602 3597 670 3683 jam
701 3598 871 3667 damnatos
901 3602 1129 3670 hereticorum
1159 3624 1300 3685 errores,

164 3731 208 3777 ns
223 3723 319 3805 atque
336 3715 494 3783 adversus
511 3703 675 3782 catholicae
690 3717 850 3783 Ecclesiae.
863 3717 1054 3799 doctrinam,
1074 3725 1112 3785 ut
1138 3724 1303 3789 matrimo

193 3838 312 3903 «nium
334 3842 489 3919 tanquam
511 3833 614 3898 civilis
633 3840 761 3898 tantum
786 3841 975 3902 contractus
993 3836 1191 3920 haberetur,
1212 3843 1301 3906 etin

192 3952 317 4019 «variis
331 3949 457 4016 casibus
472 3947 650 4016 divortium
674 3951 807 4033 proprie
823 3950 948 4018 dictum
962 3954 1155 4034 muniretur,
1175 3961 1302 4024 omnes·

190 4100 205 4129 «
221 4090 284 4157 que
300 4067 554 4135 matrimoniales
569 4086 672 4133 causae
688 4065 731 4132 ad
745 4068 829 4134 laica
841 4069 1054 4138 deterrentur
1064 4071 1252 4153 tribunalia,
1268 4078 1302 4140 31

191 4218 206 4247 «
220 4188 262 4256 ab
281 4187 343 4253 illis
362 4184 608 4271 judicarentur3
625 4204 701 4250 eum
721 4205 819 4252 nemo
838 4207 880 4253 ex
908 4188 1075 4256 catholicis
1097 4189 1230 4273 ignoret
1246 4194 1301 4256 aut

188 4336 204 4364 a
216 4307 366 4390 ignorare
381 4303 483 4385 possit
496 4302 738 4368 matrimonium
759 4323 830 4370 esse
845 4324 924 4371 rere
946 4314 981 4371 et
995 4307 1127 4390 proprie
1141 4326 1245 4374 unum
1261 4325 1300 4375 31

186 4429 342 4508 «septem
357 4420 552 4503 evangelicae
573 4419 655 4504 legis
674 4423 885 4488 sacramentis
902 4443 922 4488 3
939 4423 1065 4491 Christo
1081 4426 1221 4492 Domino
1236 4427 1298 4493 ine
