2714 4980
120 284 183 348 344
467 294 655 343 rotmarus
677 297 722 344 na
744 294 894 342 sunrcus.

120 422 271 489 debuisse
290 421 494 505 Episcopum,
510 419 594 484 sieut
606 421 641 485 in
653 416 865 503 expediendis
879 418 948 482 aliis
963 417 1080 484 arduis
1092 419 1226 502 negotiis,

119 538 165 603 ita
187 537 274 602 etin
296 534 549 601 administranda
573 533 707 620 justitia,
732 553 790 601 sen
810 531 995 600 exercenda
1016 532 1229 619 jurisdictione

119 653 331 729 contentiosa,
360 650 460 717 bocce
485 652 616 717 consilio
642 652 710 736 nti;
735 653 770 716 2ο
793 649 859 736 jam
880 651 975 735 longe
992 658 1070 716 ante
1090 651 1231 718 saeculum

2 777 5 783 ’
118 779 257 849 sextum,
277 770 393 836 Vicarii
418 769 576 854 generalis
600 769 749 854 Episcopi
767 788 885 834 munus
898 770 934 833 in
948 768 1098 854 qnalibet
1111 767 1232 835 dioecesi

118 887 383 954 archidiaconum
405 885 541 970 obiisse;
564 883 663 971 idque
684 904 750 952 non
772 905 814 951 ex
831 904 923 951 mera
941 883 1162 970 delegatione,
1181 883 1232 951 sed

119 1007 152 1071 vi
163 1003 258 1072 officii
269 1004 330 1081 sui,
346 1009 380 1068 et
390 1002 435 1068 ita
448 1010 486 1067 ui
500 1001 564 1087 J‘am
576 1008 649 1069 tum
664 1001 803 1068 officinm
816 1002 897 1069 illud
911 1000 1013 1068 inerit
1028 1004 1229 1087 perpetuum,

119 1142 215 1208 aquo
240 1120 363 1186 scilicet
384 1118 637 1186 Archidiaconus
652 1119 774 1206 absque
791 1119 879 1205 justa
897 1138 993 1186 causa
1012 1118 1113 1205 dejici
1131 1119 1233 1205 nequi·

118 1245 182 1304 ret.

165 1356 197 1417 l⁰
211 1351 307 1434 Quod
326 1352 555 1418 consueverint
570 1359 604 1417 et
619 1350 796 1418 debuerint
811 1352 970 1437 Episcopi,
989 1353 1024 1416 in
1045 1370 1233 1437 cognoscen-

117 1467 166 1534 dis
178 1476 212 1533 et
228 1465 413 1552 judicandis
429 1468 543 1545 causis,
559 1466 640 1532 cleri
653 1467 700 1532 sni
715 1463 909 1533 cathedralis
922 1466 1100 1550 praesentia
1118 1475 1153 1533 et
1167 1487 1233 1534 ecn-

116 1585 186 1650 silio
203 1585 270 1662 uti,
298 1585 374 1649 satis
393 1582 593 1649 ostendimus
608 1584 642 1648 in
659 1586 805 1649 tractatu
819 1591 931 1649 nostro
950 1585 989 1647 de
1001 1586 1172 1666 Capitulis
1184 1583 1233 1650 ubi

115 1701 202 1764 inter
217 1699 278 1764 alia
296 1698 491 1765 adduximus
510 1698 678 1764 celebrem
700 1717 858 1764 canonem
873 1700 914 1762 22
927 1698 1055 1764 concilii
1076 1698 1232 1784 Carthagi·

116 1817 223 1882 nensis
236 1817 359 1902 quarti3
380 1820 543 1899 Episcopus
563 1818 666 1879 nuilus
683 1835 804 1879 eausam
823 1818 932 1878 audiat
955 1817 1066 1897 absque
1076 1820 1232 1899 proesemb

116 1935 290 1996 clericorum
308 1952 429 1996 suorum
442 1952 452 1994 :
472 1934 607 2013 alioquin
631 1937 723 1996 irrito
746 1937 805 1995 erit
827 1936 975 1995 sententio
997 1934 1155 2013 Episcopi,
1179 1936 1231 1994 nisi

115 2050 289 2111 clericorum
313 2053 461 2112 sententio
486 2048 690 2126 confirmetur.
717 2047 818 2113 Eine
841 2044 1049 2112 eruditorum
1067 2044 1232 2112 haedere

114 2172 238 2230 asserta
253 2183 328 2230 cum
343 2182 456 2228 earum
470 2162 715 2247 probationibus
735 2162 787 2228 hic
808 2170 1016 2246 repetamus,
1045 2162 1233 2230 Thomassini

117 2283 287 2349 dumtaxat
304 2282 543 2348 conclusionem
562 2299 805 2366 proponemus:
825 2279 944 2366 «Ergo
967 2280 1160 2367 presbyteri
1184 2281 1232 2369 (in-

121 2397 233 2484 aquit)
259 2398 453 2484 diaconique
485 2399 653 2465 civitatum
679 2399 928 2483 episcopalium,
955 2399 1011 2483 qui
1036 2400 1149 2464 clerus
1171 2402 1231 2464 erat

121 2516 305 2599 «superior
324 2514 513 2595 diaeceseos,
544 2522 578 2580 et
603 2533 702 2600 quem
725 2513 789 2599 jam
810 2514 864 2580 hic
888 2513 1082 2580 donabimus
1110 2513 1238 2599 capituli,

121 2650 138 2691 «
151 2630 292 2708 nomine,
317 2649 501 2715 quanquam
526 2628 611 2695 illud
635 2631 682 2694 eis
703 2630 866 2714 posterius
893 2636 1022 2695 tantum
1048 2630 1226 2712 accesserim

122 2767 138 2807 a
153 2745 259 2813 clerus
272 2746 334 2825 hic,
352 2747 494 2831 inquam,
509 2747 542 2810 in
559 2764 661 2811 unum
680 2764 809 2829 corpus,
830 2746 863 2810 in
877 2764 981 2810 unum
1000 2753 1153 2812 senatum
1167 2762 1228 2812 con·

121 2884 138 2925 «
150 2862 320 2947 siliumque
343 2881 418 2927 eum
434 2861 592 2945 Episcopo
612 2860 736 2945 coibat;
753 2879 828 2927 cum
843 2879 948 2946 eoque
963 2861 1116 2945 principe
1137 2869 1171 2928 et
1189 2879 1228 2926 ca
1263 2913 1265 2917 .

121 2978 221 3062 «pite
245 2994 315 3055 suo,
339 2977 530 3063 clericisque
551 2977 746 3061 populisque
763 2975 942 3042 dioeceseos
958 2976 1113 3043 omnibus
1133 2972 1229 3044 mode

121 3077 301 3160 «sabatur.
333 3094 435 3180 (Vetus
449 3102 479 3158 ei
493 3115 571 3158 neoc
587 3097 678 3174 dise,
697 3101 791 3176 parte
815 3098 844 3172 l,
870 3092 929 3159 libi
947 3097 979 3172 3,
999 3078 1072 3178 cap.
1092 3085 1124 3171 7',
1141 3114 1174 3160 n.
1191 3090 1227 3178 2.)

123 3211 230 3276 «Erat
253 3211 338 3275 enim
362 3230 441 3277 vere
467 3211 645 3294 capitulum
674 3210 822 3293 Episcopi
848 3207 1004 3295 cujusque
1033 3217 1071 3277 et
1092 3210 1229 3277 Ecclesia

122 3349 139 3386 a
154 3325 359 3404 cathedralis,
386 3327 494 3392 clerus
510 3326 576 3404 iile,
598 3327 645 3391 illi
664 3327 852 3411 presbyteri
868 3326 1069 3412 diaconique,
1092 3327 1150 3413 qui
1169 3343 1230 3392 cun

122 3465 140 3502 a
154 3443 312 3528 Episcopo
327 3443 369 3509 de
388 3444 487 3509 rebus
512 3444 694 3530 quibusque
711 3443 952 3524 deliberabant,
970 3446 1025 3530 qui
1036 3464 1103 3510 una
1118 3445 1231 3510 clavem

123 3558 312 3642 «regebant
327 3559 488 3637 Ecclesiae,
512 3561 568 3644 qui
589 3578 701 3625 causas
721 3566 755 3625 et
773 3558 894 3644 judicia
912 3559 1043 3626 nomine
1059 3558 1134 3645 ejus
1144 3561 1231 3645 agita·

122 3697 138 3736 a
151 3674 241 3739 bant.
265 3696 281 3735 »
305 3670 417 3760 (Ibid,
441 3696 474 3739 n.
500 3671 546 3760 7.)
571 3675 799 3742 Denominatio
822 3694 900 3771 ergo
925 3676 982 3741 illa
1005 3676 1228 3760 receptissima,

119 3810 182 3877 qua
204 3791 382 3874 capitulum
405 3790 470 3857 diei
488 3793 572 3858 solet
590 3796 747 3857 consiliam
769 3801 876 3858 aotam
894 3797 1047 3876 Episcopi,
1073 3793 1118 3860 de
1139 3809 1231 3860 remo

117 3909 238 3973 tissima
251 3909 348 3974 etiam
363 3910 555 3994 antiquitate
573 3910 786 3994 intelligenda
801 3916 861 3989 est,
882 3914 916 3976 ei
929 3900 1089 3977 exercitio
1105 3910 1231 3978 admini-

119 4025 260 4091 strandae
273 4026 313 4091 ab
324 4027 482 4110 Episcopo
493 4026 626 4112 justitia
639 4029 796 4111 imprimis
808 4026 1012 4113 applicanda.

162 4143 197 4205 2ο
220 4139 316 4223 Quod
331 4149 442 4207 autem
453 4141 715 4221 archidiaconus,
729 4144 763 4209 in
778 4144 962 4210 exercenda
976 4147 1177 4212 contentiosa
1186 4145 1230 4232 ju·

118 4254 314 4336 risdictione,
325 4258 482 4343 Episcopo
492 4260 526 4324 in
537 4259 698 4325 Vicarium
709 4260 896 4343 generalem
908 4260 1019 4339 inerit,
1032 4263 1141 4346 palam
1148 4262 1226 4337 aut

118 4371 205 4436 inter
232 4371 320 4450 alios
351 4373 502 4440 eruditus
529 4373 754 4442 Thomassinus
780 4377 881 4464 (Veios
910 4384 940 4441 et
961 4398 1040 4442 aava
1062 4381 1224 4464 disciplina,
