2714 4980
597 204 708 250 mnux.
900 266 905 277 ἢ
1101 220 1106 229 ·
1142 183 1203 249 533
1233 168 1236 175 ’

1154 296 1210 352 Pap.
1277 336 1282 345 ,

186 382 286 425 tuncst
288 409 616 422 ..........
623 412 651 438 Ι.
680 411 684 420 .
713 412 717 422 .
744 362 778 424 .’
780 404 1120 421 ...........
1153 370 1214 419 488.

149 459 296 522 propositio
304 460 346 505 va,
361 460 378 505 h
395 460 495 519 generali
508 461 557 520 lege
573 472 619 521 qua
633 459 725 507 clericis
743 467 767 506 et
778 456 900 523 religiosis·
909 456 1060 504 interdicitur
1072 463 1137 504 nata-

185 546 260 593 riatus
270 541 370 592 officium
384 542 524 604 excipiendae
533 550 671 591 sunteausae
682 541 736 590 ildei
750 574 1058 590 ..........
1120 578 1125 587 .
1157 539 1205 589 tar

155 629 302 691 propositio
310 629 362 674 1110.
374 630 392 675 ,l
403 628 506 688 generali
517 629 566 688 lege
575 642 622 690 qua
629 627 721 676 clericis
731 624 882 674 interdicitur
889 623 1019 674 notariatus
1030 626 1141 686 alliciam,

184 712 314 774 excipiendi
323 711 400 759 santii
412 711 490 759 clerici
505 712 545 773 qui
559 726 573 758 a
586 711 646 760 Sede
657 710 886 772 llpostolicanutarii
897 708 970 757 creati
982 715 1037 756 suut
1050 744 1069 757 .,
1085 746 1090 757 .
1119 747 1123 758 .
1157 711 1205 757 tar

151 797 298 859 propositio
312 797 377 843 Vlla.
394 797 487 843 attento
497 797 550 855 jure
571 796 687 843 communi
708 796 807 856 scripto,
827 793 954 855 prohibitio
968 794 1142 856 generalisque

183 882 275 931 clericis
288 880 575 928 interdiciturnotariatus
587 880 697 939 officium,
721 877 870 941 intelligenda
893 885 960 926 esset
977 881 1046 928 elium
1065 879 1141 942 quoad

183 967 270 1017 curiam
281 968 461 1014 ecclesiasticam
474 974 496 1014 et
510 980 592 1014 causas
606 966 777 1014 ecclesiasticas
784 999 1126 1013 ...........
1132 1010 1135 1015 ⁴
1158 962 1206 1014 l8'l

150 1053 297 1115 propositio
312 1052 388 1100 vllla.
403 1051 521 1113 Quidquid
533 1051 598 1098 sitde
611 1051 664 1111 jure
676 1053 764 1112 scripto
776 1063 816 1098 seu
832 1050 860 1097 dc
876 1050 954 1098 citatis
972 1049 1138 1109 decretalibus,

185 1151 212 1185 eu
233 1135 347 1183 hodierna
370 1136 451 1183 saltem
470 1136 571 1195 generali
589 1134 766 1194 consuetudine,
782 1147 833 1196 quae
847 1135 989 1194 caeteroquin
1008 1140 1140 1182 constanter

185 1223 213 1268 ab
225 1221 361 1282 antiquitate
374 1220 475 1280 riguisse
487 1219 588 1280 uidetur,
602 1221 691 1268 licitum
706 1226 741 1267 est
750 1216 852 1273 clericis,
868 1218 938 1267 etiam
952 1218 1066 1278 majorum
1077 1217 1140 1266 ordi-

184 1320 248 1365 num,
264 1306 357 1365 notarii,
374 1317 414 1352 seu
433 1306 531 1353 actuarii
555 1305 715 1354 cancellariive
730 1304 830 1353 officium
851 1316 962 1352 exercere
984 1303 1138 1363 precatibus

182 1390 326 1438 auctoritatis
335 1390 497 1438 ecclesiastica
510 1422 1120 1439 ...................
1151 1389 1202 1436 488

150 1470 297 1534 propositio
310 1474 363 1521 lll1.
379 1471 463 1522 Utrum
479 1476 552 1535 magis
564 1474 671 1535 expediat
686 1475 851 1523 cancellarium
864 1486 908 1535 pro
922 1474 1022 1534 negotiis
1031 1480 1054 1521 et
1072 1473 1138 1521 curin

183 1558 332 1618 magistratus
349 1557 501 1606 ecclesiastici
518 1571 569 1606 csse
584 1559 703 1619 clericum,
717 1570 763 1606 non
777 1558 879 1619 uidetur,
892 1557 1141 1620 0000000001ος00-

181 1642 225 1690 rali
239 1642 388 1690 determinari
412 1677 1120 1691 .....................
1153 1644 1205 1691 495

142 1727 290 1789 Propositio
305 1728 349 1774 ill.
365 1728 588 1775 Clericisminorum
598 1727 707 1774 ordinum
720 1729 789 1774 licere
802 1728 826 1773 in
840 1727 915 1774 curiis
930 1728 1082 1774 secularibus
1100 1738 1144 1774 no-

182 1812 279 1859 tariatus
289 1812 433 1872 exercitium,
445 1817 587 1860 certamnen
598 1818 634 1859 est
647 1843 1054 1862 ..............
1070 1846 1088 1863 ,.
1115 1846 1121 1859 .
1151 1810 1202 1859 tut

151 1896 298 1958 Propositio
312 1897 368 1943 illa
382 1897 459 1944 Causa
470 1909 511 1943 cur
526 1895 588 1944 sacri
599 1908 699 1943 canones
716 1895 845 1943 notariatus
860 1895 970 1955 officium,
986 1895 1048 1956 apud
1061 1897 1139 1943 curias

181 1982 309 2040 praesertim
320 1982 451 2039 saeculares,
474 1981 565 2028 clericis
585 1980 734 2028 interdictum
747 1979 872 2040 voluerint,
888 1993 934 2028 non
955 1978 1047 2027 ridetur
1060 1979 1134 2027 luisse

183 2066 246 2112 illius
260 2065 327 2112 officii
345 2066 487 2125 ignobilitas,
503 2079 545 2113 nec
562 2064 624 2127 quod
636 2079 718 2127 prese
732 2064 791 2113 ierat
809 2066 910 2126 speciem
927 2064 1050 2126 quamdam
1065 2078 1139 2126 nego·
1173 2126 1176 2131 Ι

182 2150 283 2197 tiationis
292 2185 1124 2199 ..........................
1156 2152 1205 2199 tat

149 2230 297 2290 propositio
312 2233 378 2279 lllls.
390 2233 487 2289 Quando
501 2234 606 2282 notarius
618 2235 692 2282 laicus
701 2233 728 2283 iit
741 2233 849 2293 clericus,
861 2234 880 2281 si
891 2241 974 2294 pergat
982 2236 1138 2282 instrumenta

182 2315 295 2364 conficere
308 2323 432 2379 antequam
447 2318 470 2365 id
490 2319 511 2366 ei
525 2319 617 2378 publice
636 2319 665 2366 ab
681 2319 797 2379 Episcopo
818 2332 861 2366 suo
884 2319 1044 2380 prohibeatur,
1060 2318 1138 2366 ualida
1158 2339 1160 2343 >

182 2407 250 2448 erunt
264 2401 379 2460 ejusmodi
390 2403 553 2462 instrumenta,
570 2403 674 2465 quamvis
686 2404 768 2451 illicite
781 2403 884 2452 00010010
897 2419 903 2450 :
917 2405 937 2452 si
953 2416 1008 2452 uero
1022 2402 1062 2451 iat
1085 2403 1139 2451 reli-

181 2486 270 2545 giosus,
288 2486 468 2534 instrumentum
485 2489 573 2549 absque
589 2488 683 2535 licentia
704 2487 834 2548 superioris
853 2488 889 2535 sui
912 2488 1008 2549 iactum,
1023 2490 1074 2549 ipso
1084 2489 1137 2550 jure

182 2571 273 2618 irritum
292 2570 337 2618 erit
347 2606 1123 2623 .......................
1153 2573 1211 2622 495·

115 2652 127 2714 p
140 2654 168 2698 V.
182 2654 253 2714 hquo
263 2656 336 2703 creari
346 2657 437 2716 possint
446 2657 530 2703 notarii
546 2691 1120 2706 .................
1153 2658 1202 2706 tat

116 2737 179 2798 5111.
196 2739 278 2786 Utrum
292 2742 385 2800 notarii,
402 2748 450 2787 tuur
471 2740 534 2799 laici,
555 2748 603 2788 tum
616 2755 629 2787 0
644 2741 750 2788 sacratam
768 2748 883 2801 potestate
896 2743 976 2801 creati,
999 2744 1092 2804 possint
1107 2744 1131 2791 in

148 2823 224 2870 causis
234 2825 398 2872 ecclesiasticis
410 2831 433 2871 et
445 2824 606 2885 spiritualibus
616 2825 715 2873 officium
725 2838 793 2871 suum
806 2823 881 2872 salide
891 2839 1019 2875 exercere.
1050 2865 1053 2871 .
1081 2863 1086 2874 .
1115 2865 1120 2875 .
1153 2830 1201 2878 500
1273 2864 1301 2897 Ι.

148 2909 295 2971 propositio
308 2913 338 2958 la.
355 2914 448 2960 Certum
467 2920 501 2960 cst
523 2913 594 2960 laicus
606 2927 675 2975 posse
690 2914 712 2960 in
732 2913 809 2959 causis
822 2913 891 2960 etiam
908 2913 1070 2972 spiritualibus
1082 2927 1135 2961 essa

179 2997 291 3055 00100100,
302 3010 343 3044 000
356 2997 508 3044 cancellarios
519 2998 664 3044 actuariosve
680 3032 1120 3046 ..............
1152 3000 1198 3046 aut

148 3077 294 3139 propositio
306 3082 349 3128 lla.
358 3083 384 3128 10
394 3083 471 3141 rigore
477 3082 547 3142 juris,
562 3090 584 3129 et
591 3081 748 3130 abstrahendo
758 3096 771 3128 a
783 3089 875 3144 recepta
884 3084 1023 3143 generaliter
1033 3097 1131 3131 consue-

181 3161 270 3222 tudine,
285 3165 437 3224 probabiliter
448 3167 553 3213 notarius
568 3167 640 3213 00010
649 3173 763 3226 potestate
773 3167 878 3215 saeculari
892 3174 984 3214 creatus
993 3181 1039 3214 non
1053 3174 1133 3228 posset

181 3260 232 3293 esse
246 3249 351 3294 notarius
366 3250 389 3296 in
404 3251 480 3296 causis
495 3257 517 3298 et
532 3252 632 3311 negotiis
646 3252 847 3299 ecclesiasticis,
876 3289 880 3297 .
912 3288 916 3298 .
946 3289 951 3298 .
977 3289 982 3300 .
1042 3287 1047 3300 .
1078 3289 1083 3300 .
1112 3287 1117 3299 .
1148 3254 1196 3301 501

148 3331 297 3391 Propositio
308 3333 363 3378 uqa,
373 3333 482 3380 Notarius
492 3348 505 3381 a
514 3342 627 3395 potestate
641 3335 748 3383 saeculari
762 3342 863 3396 creatus,
879 3338 909 3384 ob
924 3344 1040 3398 receptam
1052 3338 1134 3385 sallem

181 3415 379 3474 consuetudinem,
395 3423 464 3476 aptus
479 3419 617 3479 regulariter
638 3419 729 3468 uidetur
744 3428 769 3469 ut
781 3427 803 3468 et
816 3421 840 3468 in
855 3420 905 3468 loro
920 3422 1078 3470 ecclesiastico
1090 3437 1133 3471 no·
1188 3431 1192 3443 ¹

182 3500 289 3547 10010100
300 3509 414 3556 exerceat,
430 3503 541 3564 quamdiu
555 3507 584 3552 ab
594 3507 709 3567 Episcopo
725 3506 856 3568 prohibitus
871 3519 916 3554 non
931 3514 968 3555 est
983 3543 1122 3557 .....
1151 3511 1198 3558 503

148 3582 294 3645 propositio
308 3586 359 3633 llll.
375 3587 425 3635 Non
449 3587 541 3636 ridetur
561 3589 632 3637 hodie
646 3591 670 3637 in
682 3590 757 3638 Gallia
770 3597 839 3653 aptos
858 3603 910 3639 csse
929 3593 1062 3640 notariosa
1082 3594 1133 3641 sola

179 3678 293 3730 potestate
317 3671 423 3719 saeculari
449 3680 548 3732 creatos,
564 3672 686 3722 ad-vallde
711 3674 856 3723 conficienda
882 3675 1038 3725 instrumenta
1057 3678 1133 3726 eccle-

175 3754 290 3803 siastica.
343 3791 750 3810 .............
780 3798 783 3803 ,
812 3795 1119 3810 ..........
1150 3764 1199 3811 505

112 3832 186 3899 illl.
203 3839 302 3886 Ubinam
311 3852 324 3886 0
334 3840 424 3888 auctario
438 3842 592 3888 iustrumenta
602 3843 677 3889 salide
690 3844 771 3890 cantici
780 3846 886 3904 possint:
901 3851 924 3892 et
933 3847 1008 3893 aalide
1026 3847 1132 3894 conlecta

145 3925 238 3972 ubinam
253 3923 322 3973 iidem
332 3925 418 3973 iaciant
421 3961 1118 3979 ....................
1150 3931 1199 3978 505
1267 3908 1272 3915 Ι

144 4006 292 4070 propositio
306 4012 337 4058 1¹.
352 4011 460 4059 Notarius
474 4013 882 4074 001111011001001000101011110000
896 4016 1054 4076 0001101101οἰ
1067 4017 1129 4063 intra

180 4094 323 4143 territorium
334 4095 398 4144 illius
407 4098 556 4159 magistratus
567 4112 582 4146 a
595 4111 640 4160 quo
651 4099 756 4147 notarius
768 4108 862 4150 creatus
876 4107 912 4149 cst
915 4134 1112 4149 .......
1146 4101 1195 4149 506

147 4176 294 4238 propositio
307 4179 351 4227 11⁸.
362 4180 461 4231 (lonficlt
470 4188 547 4230 100100
557 4183 633 4231 valide
644 4184 800 4232 instrumenta
812 4192 878 4234 extra
892 4186 1036 4234 territorium
1052 4199 1132 4244 suum,

184 4265 209 4307 1ο
220 4263 239 4308 si
252 4264 284 4310 ita
306 4264 363 4311 ierat
377 4266 461 4315 alicubi
477 4267 634 4331 consuetudo;
649 4269 676 4314 2⁰
691 4268 710 4316 si
724 4270 853 4317 consentiat
863 4269 973 4330 princeps
985 4270 1043 4329 loci;
1061 4271 1089 4316 3⁰
1099 4270 1128 4326 sl,
