2714 4980
568 319 647 369 rans
669 319 783 368 rarus.
1171 287 1234 375 itt

123 446 272 515 «tarium
283 444 346 513 ho'c
360 446 430 530 ipso
445 440 606 529 exolutiit;¹
624 445 699 532 quia
717 464 783 510 non
797 443 840 510 oh
855 438 986 527 acturis,
1006 442 1066 514 sed
1080 444 1122 515 ob
1138 442 1236 521 suum¹

123 562 358 633 «commodum
379 563 412 629 in
427 561 552 649 judicio
572 570 750 648 comparet.
768 585 785 625 u
801 562 1120 651 (Schmalzgrueber‚
1142 566 1177 633 in
1194 566 1235 632 ti·

117 680 222 745 tulum
240 682 254 745 1
278 682 316 744 de
330 682 472 759 Iudiciis,
494 676 571 744 libri
584 683 603 744 2
618 678 843 757 decretalium,
860 700 894 743 n.
911 676 980 765 33.)

157 792 299 863 limeum
314 792 706 862 3'2.-·-13cconnontcams
722 792 1026 862 excommunicatione¹
1041 803 1161 882 majori,
1183 780 1239 865 sed

115 931 173 975 non
186 912 344 990 uitandus,
362 912 461 988 idest,
478 912 609 974 nondum
620 913 739 992 publice
755 912 961 991 denuntiatus,
977 908 1078 995 potest¹
1094 921 1235 996 tanquam

115 1036 209 1108 actor,
226 1034 290 1091 tum
303 1048 322 1091 a
328 1029 443 1110 jndice,
460 1032 523 1090 tam
532 1029 569 1090 ab
581 1028 708 1090 adverso
717 1035 807 1109 porte
816 1029 923 1110 repelli
931 1050 947 1107 ,·
959 1032 1012 1092 scd
1017 1022 1118 1112 potest
1128 1034 1231 1111 etiam,

115 1149 142 1206 si
153 1148 211 1207 isti
224 1148 423 1222 consentiant,
441 1144 577 1208 admitti.
587 1142 723 1207 -Ante
735 1141 909 1208 Martinam
926 1144 966 1222 V,
981 1163 1046 1208 non
1061 1147 1162 1229 magis
1176 1165 1235 1230 po·

114 1265 200 1324 terat
219 1277 284 1322 non
303 1257 455 1323 vitandus
469 1277 565 1343 quam
580 1256 731 1323 vitandus
745 1259 865 1324 actoris
881 1278 1051 1342 personam
1065 1258 1234 1345 injudicio

114 1375 277 1439 sustinere
288 1395 296 1459 ;
308 1370 368 1438 sed
379 1372 530 1439 Pontifex
543 1372 595 1438 ille
608 1374 641 1437 in
656 1373 790 1438 concilio
806 1373 1042 1439 constantiensi
1051 1394 1112 1458 per
1128 1383 1235 1440 extra-

114 1495 289 1574 vagantem
308 1492 349 1553 o'd
363 1491 516 1569 evitantia,
534 1488 618 1553 hanc
634 1487 874 1553 distinctionem
894 1476 1053 1568 decrevit,
1073 1497 1110 1554 ut
1126 1500 1236 1574 posset

112 1625 178 1672 non
195 1598 361 1684 vitandus,
387 1604 608 1671 consentiente
621 1601 732 1689 judice
750 1610 785 1668 et
803 1602 941 1669 adversa
957 1612 1063 1686 parte,
1082 1598 1235 1691 tanquam

113 1726 207 1787 actor
232 1718 371 1786 admitti.
390 1722 472 1786 Eum
498 1728 608 1785 tamen
633 1724 772 1803 peecare
799 1739 869 1785 sese
894 1718 1074 1803 ingerendo
1102 1719 1236 1788 adnotat

112 1832 406 1921 Schmalzgrueber
424 1836 506 1924 (loco
521 1837 632 1915 citato,
650 1856 684 1899 n.
701 1833 770 1919 34).

156 1954 354 2020 utantur.
365 1955 649 2033 -Nonoitandns,
664 1958 762 2036 potest
773 1958 808 2015 ut
825 1952 1095 2015 chsnecessor'ius
1113 1953 1239 2017 admitti

111 2074 142 2134 et
155 2070 316 2151 compelli:
335 2077 370 2132 nt
389 2071 590 2146 uoluntarius,
610 2073 708 2151 potest
721 2069 846 2130 admitti
860 2073 888 2129 et
904 2068 1021 2147 repelli,
1044 2068 1171 2130 arbitrio
1182 2072 1237 2149 ju

111 2188 191 2251 dicis
218 2191 250 2248 ct
269 2191 391 2249 actoris.
409 2218 461 2233 π-
480 2183 576 2266 Quod
602 2183 704 2266 possit
731 2182 884 2267 compelli
909 2182 951 2247 ad
979 2180 1236 2268 comparendum

111 2297 244 2386 quando
260 2307 310 2364 est
325 2318 401 2364 reus
415 2298 624 2377 necessarius,
644 2297 678 2363 id
693 2306 753 2379 est,
772 2297 902 2384 quando
918 2296 953 2362 id
969 2299 1075 2364 actori
1093 2290 1236 2365 commo-

112 2415 192 2482 dum
212 2422 273 2492 est,
293 2422 385 2499 patet
400 2434 441 2480 ex
457 2434 496 2480 eo
516 2411 605 2501 quod
623 2415 719 2481 etiam
739 2414 893 2497 compelli
908 2416 1008 2498 possit
1024 2414 1186 2482 vitandus.
1202 2414 1238 2480 st

113 2546 195 2598 vero
214 2549 280 2595 non
298 2529 415 2595 citatus
434 2530 502 2614 ipse
523 2530 706 2595 voluntarie
730 2537 867 2614 propter
886 2529 1008 2595 bonum
1027 2550 1120 2596 suum
1145 2550 1232 2597 eom-

111 2655 239 2733 pareat,
262 2666 338 2712 eum
352 2647 385 2710 in
408 2646 469 2712 hoc
486 2665 562 2711 casn
578 2646 680 2710 actori
695 2647 924 2730 aequiparetur‚
942 2648 1065 2731 poterit
1085 2646 1230 2733 admitti;

111 2763 172 2832 sed
185 2765 308 2850 peterit
323 2764 421 2830 etiam
434 2783 453 2829 a
465 2756 558 2847 parte
573 2762 710 2828 adversa
729 2764 783 2828 vel
799 2784 817 2828 a
834 2761 946 2850 judice
962 2764 1097 2848 repelli:
1119 2766 1145 2831 si
1163 2768 1234 2851 qui·

111 2880 190 2948 dem
206 2881 252 2946 ita
267 2878 456 2946 conclusum
469 2879 532 2944 fuit
546 2876 606 2944 suh
619 2879 732 2962 regula
743 2880 914 2963 superiori,
930 2880 1059 2964 quando
1074 2880 1161 2946 idem
1177 2902 1233 2949 ex-

111 2992 371 3065 communicatus
382 3002 535 3081 tanquam
550 3001 643 3060 actor
657 3013 728 3060 sese
743 2994 876 3078 ingerit.

154 3114 297 3180 Reatini
312 3115 355 3177 5¹.
367 3122 413 3161 ὲ-
425 3115 532 3175 Utrum
548 3116 799 3175 excommunicato
813 3116 846 3174 in
853 3115 1005 3194 judicium
1023 3121 1125 3177 uocato
1145 3115 1232 3179 liceat

105 3235 310 3313 perseipsum
327 3231 514 3310 respondere,
538 3248 578 3290 an
597 3248 666 3290 aero
684 3231 725 3290 ad
740 3230 979 3311 respondendum
988 3251 1046 3313 per
1059 3234 1233 3312 procuratoss

110 3356 173 3410 rena
193 3348 341 3426 tencatur,
357 3347 547 3427 aliquatenus
564 3350 809 3408 controvertitur.
827 3381 873 3393 —
888 3346 996 3410 Verba
1010 3347 1091 3431 legis
1109 3347 1234 3434 (capitis

109 3483 230 3548 nempe
238 3464 448 3527 Intelleccimns
461 3479 560 3544 supra
575 3458 690 3544 citati),
705 3458 860 3527 videntur
876 3467 925 3527 sat
941 3463 1131 3547 perspicua:
1149 3464 1233 3528 Pon-

108 3583 193 3649 tifex
212 3579 298 3644 enim
316 3597 468 3660 expresse
493 3575 590 3641 dicit:
610 3579 694 3640 debet
708 3597 766 3658 per
790 3579 885 3639 alicam
904 3581 1091 3660 respondere.
1113 3578 1234 3644 Nihilo-

109 3700 219 3766 minus
229 3696 341 3781 plures
354 3692 515 3770 doctores,
530 3694 617 3756 inter
632 3711 712 3776 quos
725 3691 845 3759 Snarez
860 3693 908 3780 (de
922 3698 1074 3772 Censoris,
1087 3695 1163 3761 dist.
1179 3699 1229 3774 16,

109 3824 193 3883 sect.
211 3815 244 3892 4,
264 3833 297 3877 n.
313 3809 358 3897 6),
375 3819 492 3895 putant
508 3830 549 3875 ex
564 3810 620 3876 illo
639 3817 734 3875 textu
750 3830 816 3875 non
834 3810 956 3877 debere
975 3812 1127 3877 concludi
1140 3812 1233 3879 abso-

108 3927 701 4015 lutamprocuratorisnecessitatem,
721 3924 781 3991 sed
796 3926 934 4010 relinqui
950 3927 1232 3992 excommunicato

110 4046 302 4114 facultatem
314 4064 376 4129 per
389 4044 532 4125 seipsum
547 4043 581 4106 in
601 4036 723 4127 judicio
745 4041 964 4124 comparendi.
988 4043 1094 4128 Aliqui
1119 4042 1232 4108 distin-

113 4162 312 4248 guuntinter
323 4164 434 4226 causas
444 4158 562 4225 arduas
575 4164 608 4223 et
617 4160 684 4224 non'
694 4158 829 4224 arduas:
844 4159 878 4223 in
887 4158 936 4223 his
951 4159 1077 4225 nonnisi
1086 4179 1147 4244 per
1156 4179 1232 4244 pro-

116 4274 392 4347 curatoremstare
400 4273 564 4361 injudicio
572 4293 666 4358 posse
677 4274 1126 4342 excomm'unicatumtenent:
1138 4296 1232 4342 secus
