2714 4980
117 283 183 345 ΜΟ
457 298 644 346 rnacrarns
666 299 710 344 nr
732 296 880 358 runicus.

117 429 174 488 ant
187 423 316 490 noviter
335 422 538 488 innotescat:
561 424 735 501 «Secundo,
758 423 785 486 si
803 416 991 504 producens
1009 418 1121 486 videat
1140 416 1215 505 quod

119 547 251 606 «testes
266 559 331 606 ase
346 538 498 622 producti
510 537 736 605 contradicant
757 538 818 604 sibi
836 538 926 622 ipsis,
945 542 1004 603 aut
1023 536 1114 623 qnod
1131 536 1217 623 depo

118 663 225 722 «nant
235 675 296 742 pro
310 655 508 738 aduersario.
526 680 542 718 a
560 658 650 720 Hanc
665 664 774 721 tamen
787 655 1003 738 posteriorem
1019 673 1039 720 a
1053 654 1164 740 regula
1174 673 1217 740 ge

115 772 218 838 nerali
238 773 479 857 exceptionem,
507 791 604 859 quam
627 792 692 838 non
713 770 831 857 probat
850 769 1004 836 laudatus
1023 778 1155 849 auctor,
1178 771 1219 838 tir

116 885 354 954 admittendam
372 889 606 973 existimarem3
628 887 702 974 quia
725 887 848 953 scilicet
865 886 969 969 ipsam
991 886 1142 971 regulam
1159 885 1221 951 snb

118 1003 229 1074 vertit.

563 1241 699 1308 CAPUT
729 1242 787 1306 Ill.

518 1466 572 1522 nu
585 1464 833 1512 rusrnnuunrrs.

163 1717 370 1799 Qumsr1012.
389 1750 435 1764 -·-
446 1717 528 1795 Quid
543 1720 585 1777 u't
597 1721 828 1778 instrumentum
841 1723 870 1778 et
885 1716 1050 1797 quotuplex
1060 1718 1129 1778 9-
1140 1717 1168 1779 1.
1183 1715 1225 1782 ln·

118 1836 346 1910 strumentum,
364 1831 395 1895 in
411 1849 508 1896 seusu
519 1829 611 1915 juris,
631 1828 762 1896 deliniri
779 1831 880 1896 solet:
898 1835 1060 1912 Scriptura
1071 1819 1116 1895 ud
1129 1833 1223 1914 proto·

119 1956 228 2014 ttoueru
249 1952 376 2031 alicujus
397 1955 443 2011 rei
462 1952 555 2029 forta.
576 1950 614 2013 In
636 1966 698 2032 qua
713 1946 875 2014 tradenda
890 1948 1021 2012 notione
1041 1945 1227 2014 concordant

118 2063 269 2133 doctores
282 2063 369 2148 (vide
381 2064 680 2148 Schmalzgrueber,
694 2064 728 2128 in
738 2065 791 2129 tit.
803 2066 856 2141 22,
870 2063 927 2129 lib.
937 2066 958 2128 2
970 2060 1113 2141 decret,
1123 2059 1224 2146 initio).

162 2185 194 2247 2.
211 2181 378 2248 Dividitur
399 2183 432 2245 in
449 2183 602 2262 publicum
623 2188 658 2246 et
667 2188 836 2264 priuatum.
855 2182 1117 2245 Instrumentum
1135 2177 1228 2263 publi·

118 2317 192 2364 cum
209 2296 330 2363 dicitur
345 2295 434 2382 quod
455 2297 584 2380 publica
603 2297 797 2363 anctoritate
818 2297 941 2361 iactum
960 2303 1060 2380 atque
1076 2295 1227 2361 firmatum

119 2419 180 2478 cst.
202 2394 371 2478 Privatum
393 2432 484 2493 vero,
508 2431 573 2498 quo
592 2411 652 2478 hac
666 2409 851 2477 conditione
868 2418 970 2476 caret.
988 2409 1160 2476 Publicum
1177 2407 1229 2475 du-

118 2528 195 2614 plex
210 2536 278 2594 est:
295 2531 501 2611 protocotturu,
521 2526 611 2613 quod
627 2535 677 2593 est
697 2528 869 2592 summaria
882 2524 1032 2612 quadam
1046 2534 1140 2592 actus
1157 2525 1227 2611 gesti

119 2625 296 2724 annotatio,
319 2665 360 2710 ex
379 2666 442 2731 qua
456 2654 568 2730 postea
586 2645 837 2711 instrumentum
854 2644 886 2707 in
905 2643 1084 2710 solemnem
1104 2643 1227 2709 formam

119 2757 301 2843 redigitur,
318 2757 405 2824 unde
429 2760 527 2823 etiam
549 2761 764 2821 imbreviatum
784 2755 924 2821 dicitur:
948 2763 983 2821 et
1000 2763 1222 2838 transumptum,

121 2874 211 2961 quod
225 2882 275 2940 cst
289 2875 462 2958 ipsummet
474 2876 724 2939 instrumentum
741 2871 907 2955 originale,
928 2892 970 2937 ex
983 2872 1166 2954 protocollo
1177 2867 1227 2935 ds·

121 3000 298 3076 sumptum,
313 2991 347 3054 in
361 3008 426 3076 qno
438 2989 533 3076 plene
546 2996 579 3054 et
593 3006 667 3053 cum
681 2987 799 3053 debitis
808 2987 1071 3053 solemnitatibus
1082 3006 1137 3053 res
1148 2993 1225 3072 gesta

121 3108 306 3190 exponitur.
325 3104 463 3187 Quando
479 3104 638 3190 italique
655 3104 852 3188 transumpti
867 3103 1087 3187 transcriptio,
1109 3103 1175 3169 haec
1186 3120 1226 3165 eo·

119 3227 172 3302 pio
182 3223 364 3306 nuncupari
377 3221 473 3287 solet.
1086 3197 1089 3202 Ι

164 3339 420 3403 Instrumentum
444 3357 525 3404 vero
548 3340 713 3424 privatum
734 3337 956 3405 subdividitur
976 3338 1010 3402 in
1032 3339 1225 3402 uutlteuttutu

120 3459 154 3520 et
165 3456 450 3520 uouuutlteuticum.

164 3571 315 3651 Quusuto
326 3575 369 3637 2⁸.
377 3607 423 3620 —-
431 3576 513 3650 Ouid
524 3579 557 3636 tu
565 3579 763 3636 iustrumenta
769 3575 893 3655 publico
902 3579 1088 3654 requiratur,
1102 3592 1143 3636 eu
1149 3577 1225 3655 portu

120 3689 303 3769 amputantis
316 3698 345 3753 et
356 3697 491 3772 eupurtc
505 3693 634 3771 formae?
643 3726 688 3740 —-
699 3691 746 3755 Ex
762 3699 856 3774 parte
873 3689 1087 3768 conficientis,
1100 3686 1227 3774 requiri·

119 3813 175 3871 tur
190 3812 227 3870 ut
245 3807 272 3870 is
290 3807 330 3871 sit
346 3807 502 3885 notarius,
521 3826 578 3871 seu
595 3808 758 3872 actuarius
772 3814 829 3872 aut
843 3804 1067 3871 cancellarius.
1083 3803 1169 3886 Quid
1181 3819 1226 3867 an·

118 3929 186 3989 tem
207 3924 271 3989 sint
295 3924 412 3989 notarii
434 3928 468 3988 et
487 3923 683 4002 cancellarii,
710 3931 745 3988 et
764 3922 927 4008 quomodo
948 3924 1053 3988 creari
1077 3921 1221 3998 debeant,

118 4059 244 4107 necnon
266 4048 401 4106 cataras
418 4038 526 4124 quoad
552 4042 639 4124 ipsos
659 4048 693 4105 et
718 4043 854 4107 relative
875 4039 919 4106 ad
947 4040 1057 4106 iorum
1085 4038 1225 4106 ecclesia·

119 4157 235 4222 sticum
254 4159 412 4238 notiones,
433 4154 534 4224 habes
552 4158 635 4224 inira
655 4156 728 4246 (snb
749 4160 781 4223 2·
800 4161 967 4224 Tractatus
994 4155 1115 4243 parte).
1140 4152 1222 4223 Unde

118 4272 169 4339 hic
183 4272 407 4341 adnotabimus
420 4283 548 4342 tantum
561 4294 631 4361 quaa
646 4276 731 4342 circa
742 4277 950 4342 instrumenti
960 4275 1083 4359 publici
1096 4276 1222 4342 formam

118 4391 284 4458 observari
298 4394 404 4460 solent
418 4401 474 4459 aut
493 4394 627 4460 debent.
