2714 4980
120 297 184 359 rto
459 311 647 358 rmorsrus
668 311 713 356 nn
736 309 885 358 runrons.

117 441 184 512 tur,
204 433 323 500 nonde
335 434 496 500 amnicis
506 432 725 518 regularium.
739 434 923 500 tetrorum
938 450 1089 500 errorem
1106 452 1228 520 repres-

118 550 160 615 sit
174 550 384 616 Innocentius
398 550 456 629 111,
473 549 534 616 hoc
547 569 607 616 suo
628 549 671 616 sd
691 549 990 634 Compostellanum
1013 549 1234 635 Arohiepitto—

117 685 197 750 pum
209 666 367 749 rescripto
381 687 388 731 :
408 671 556 748 Euporie
572 674 625 730 tua
636 669 722 730 notis
735 670 797 747 fnit
804 673 1005 748 proposition,
1020 669 1101 748 qaod
1114 668 1228 749 pann

115 787 251 846 canonici
261 784 423 863 repuleras,
438 803 498 846 non
508 785 603 847 solum
613 788 646 845 in
657 785 873 860 ecclesiasticis,
885 789 1090 846 verumetiam
1099 789 1133 847 in
1141 787 1246 864 samn-

117 900 494 980 sr'lmscausisprcesumunt
504 901 644 962 aduocati
652 899 782 978 officium
793 918 939 963 exercere.
955 902 1090 983 Cumque
1099 903 1244 982 orjmtar

118 1018 173 1094 eis,
187 1017 266 1095 quod
275 1035 336 1078 non
348 1018 523 1079 decantasse
535 1019 663 1097 forensis
672 1017 720 1078 oet
730 1017 921 1078 ecclesiastici
932 1021 1048 1097 repotia·
1058 1024 1251 1098 susceptores

117 1133 166 1193 uel
178 1138 358 1212 executores,
377 1138 439 1195 nisi
455 1135 534 1212 forte
551 1135 584 1196 id
605 1136 781 1196 monasterii
805 1140 948 1213 exposcat
965 1134 1101 1211 utilitas,
1124 1134 1241 1196 dilate

117 1248 314 1310 nihilominus
333 1254 510 1329 imperante,
532 1251 574 1312 ud
591 1268 676 1312 suam
685 1256 858 1329 proponunt
881 1251 1078 1312 insolentiam
1094 1268 1240 1312 emerun—

117 1364 200 1441 dam,
219 1365 298 1444 quod
314 1367 480 1444 capitulum
494 1366 584 1442 illud,
600 1385 656 1446 per
668 1366 748 1445 quod
754 1368 903 1445 predicta
910 1366 1067 1447 prohiberi
1081 1369 1226 1444 videntur,

118 1478 155 1538 de
165 1479 329 1557 Monachis,
343 1497 402 1541 non
412 1481 448 1540 de
460 1484 609 1540 canonicis
618 1480 816 1558 repulerilrus,
830 1481 961 1559 loquitur
971 1483 1139 1560 manifeste.
1151 1479 1227 1542 Unde

106 1594 331 1655 'consultationi
351 1600 411 1656 tuoe
425 1596 530 1655 taliter
546 1596 767 1674 respondemus,
792 1596 870 1674 quod
883 1596 962 1655 idem
970 1597 1124 1675 judicium
1136 1595 1168 1656 de
1178 1612 1221 1655 ca·

119 1713 234 1770 nonicis
256 1711 456 1788 reputandus,
475 1712 554 1789 quod
564 1711 601 1772 de
622 1710 787 1785 uenata,
811 1717 957 1789 quantum
974 1713 1017 1772 ad
1036 1729 1128 1791 supra
1140 1711 1211 1785 duta,

119 1825 268 1886 credimus
285 1825 516 1903 obseruandum,
536 1827 604 1887 licet
614 1827 651 1888 de
664 1825 817 1887 Monaclris
835 1830 868 1886 in
887 1843 997 1887 canone
1013 1827 1173 1906 specialiter
1184 1829 1213 1885 sit

119 1957 303 2021 supressum.
323 1938 412 2024 (Cap.
432 1941 464 2016 2,
486 1938 575 2004 tituli
590 1938 645 2016 37,
669 1937 744 2004 libri
765 1941 777 2002 l
808 1937 1053 2024 decretalium.)
1129 1972 1145 1999 .

163 2055 211 2118 Ex
221 2053 284 2118 illis
297 2074 396 2137 porro
409 2054 555 2120 textibus
567 2063 695 2121 eertum
706 2055 836 2121 omnino
851 2063 912 2133 est,
930 2055 1099 2137 prohiberi
1112 2053 1211 2136 religio

118 2188 171 2237 sos
189 2169 230 2235 ab
248 2170 432 2236 exercendo
449 2169 596 2237 advocati
609 2179 644 2237 et
656 2171 874 2254 procuratoris
889 2169 1002 2248 officio,
1021 2171 1117 2237 ctiam
1128 2184 1211 2235 cortu

119 2286 334 2355 ecclesiastico
346 2285 475 2371 judice,
494 2287 554 2351 nisi
568 2287 601 2350 in
620 2288 723 2351 causis
742 2286 918 2352 utilitatem
936 2286 1123 2351 monasterii
1137 2281 1212 2366 rcspi

119 2398 290 2465 cientibus.
305 2401 346 2464 Et
356 2399 417 2465 hoc
425 2399 478 2484 jus
490 2419 660 2466 commune
676 2399 855 2465 hodiedum
872 2401 969 2465 etiam
985 2401 1099 2484 vigere
1117 2399 1212 2484 puriter

120 2522 248 2580 eertum
265 2520 315 2578 est
329 2536 336 2578 :
352 2523 424 2579 tum
439 2516 512 2599 quia
526 2516 558 2580 ei
569 2534 630 2598 per
641 2533 743 2581 novas
752 2516 844 2598 leges
858 2513 1055 2597 derogatum
1073 2534 1137 2580 non
1151 2511 1210 2589 luit3

120 2635 190 2693 tum
204 2629 278 2712 quia
291 2648 355 2694 non
365 2629 494 2694 invecta
511 2634 562 2694 est
576 2630 609 2694 in
624 2630 824 2695 contrarium
837 2629 1001 2711 generalis
1018 2623 1211 2704 consuetum

119 2745 303 2810 tumetium
323 2745 399 2829 quia
412 2745 614 2813 consuetudo
626 2747 800 2825 contraria,
817 2746 922 2811 sicubi
932 2743 1123 2811 introducta
1135 2744 1210 2812 roret

120 2879 180 2945 pro
205 2860 402 2943 corruptela,
421 2858 597 2942 discipline
619 2860 776 2944 religiose
791 2861 949 2935 eversiva‚
965 2857 1117 2925 habenda
1137 2858 1211 2922 esset.

120 2973 290 3056 Quomodo
306 2983 414 3040 autem
432 2974 644 3058 intelligenda
658 2976 699 3039 sit
716 2975 878 3058 generalis
895 2975 950 3039 illa
966 2973 1050 3057 juris
1063 2965 1214 3039 commun'u

119 3091 243 3174 regula,
258 3091 359 3174 magis
372 3089 588 3155 determinate
605 3099 806 3173 exponentes
821 3090 995 3157 canonista
1013 3088 1158 3173 quaedam
1169 3079 1214 3148 uti·

118 3204 195 3270 liter
209 3205 376 3271 adnotant.
396 3207 532 3288 Nempe,
627 3278 629 3283 ,
827 3189 830 3194 ¹

162 3323 197 3385 2⁰
223 3342 240 3383 «
254 3320 300 3385 Ut
313 3320 480 3403 religiosus
495 3319 595 3403 possit
609 3338 679 3384 esse
692 3318 871 3385 advocatus
883 3319 938 3384 vel
951 3325 1152 3402 procurator,
1167 3312 1214 3378 duo

123 3435 336 3519 «copulative
366 3436 601 3520 requiruntur,
631 3436 753 3500 utilitas
782 3435 968 3501 monasterii
1000 3443 1038 3501 et
1066 3424 1215 3518 superioris

121 3577 137 3612 a
152 3550 340 3616 mandatum
357 3570 416 3616 seu
434 3551 583 3634 licentia;
598 3552 643 3615 ita
658 3557 697 3616 ut
712 3552 738 3614 si
755 3553 915 3616 alterutra
933 3549 1078 3616 conditio
1096 3545 1213 3614 deficiat

121 3687 216 3732 anon
230 3668 330 3750 possit
343 3667 435 3732 obire
449 3685 566 3730 munus
580 3665 730 3730 advocati
740 3665 793 3731 vel
807 3665 1039 3748 procuratoris,
1051 3659 1215 3729 nectatur

122 3809 137 3844 a
151 3783 308 3859 seculari,
326 3784 435 3848 necin
456 3782 716 3863 ecclesiastico...
738 3781 929 3865 Requiritur
947 3788 1059 3845 autem
1081 3787 1120 3844 ut
1133 3777 1215 3842 licen*

7 3951 9 3955 .
122 3925 137 3962 a
152 3900 207 3978 tia,
217 3918 283 3964 non
295 3905 424 3964 tantum
437 3898 479 3962 sit
494 3898 606 3980 petita,
619 3895 678 3960 sed
693 3896 837 3974 obtento,
855 3903 892 3960 ut
908 3896 1074 3978 colligitur
1086 3913 1126 3960 ex
1141 3889 1216 3956 utut

121 4038 137 4076 a
154 4015 272 4102 (capite
286 4017 338 4077 Ea
354 4021 444 4094 parte
459 4014 491 4088 2,
511 4011 608 4087 tituli,
630 4014 684 4089 37,
703 4010 783 4076 libri.
797 4015 807 4074 1
829 4008 950 4095 decr.);
966 4009 1025 4075 uhi
1039 4011 1179 4094 exip'tur,
1190 3997 1217 4061 il

67 4223 69 4228 Ι
123 4155 138 4190 u
152 4131 259 4196 Abbas
273 4130 309 4196 id
323 4131 486 4212 imperet:
505 4148 570 4194 non
590 4135 700 4210 potest
718 4136 828 4193 autem
845 4126 909 4191 dici
928 4128 1106 4231 imperare,
1123 4121 1175 4190 nisi
1188 4111 1215 4180 ll·

122 4272 138 4308 a
153 4247 292 4313 centium
305 4245 520 4312 concedat...:
534 4243 649 4309 sufficit
664 4250 774 4309 autem
787 4242 955 4309 interdum
968 4242 1070 4309 tacite
1085 4259 1141 4308 seu
1152 4244 1214 4322 pm

123 4371 282 4446 «sumpta
297 4362 427 4427 licentio
444 4360 585 4436 Prreluti
605 4357 648 4423 ad
667 4359 728 4423 hoc
745 4366 781 4423 ut
796 4359 966 4440 religiosus
985 4359 1018 4423 in
1035 4355 1153 4442 judicio
1171 4360 1212 4431 pc
