2714 4980
113 249 157 312 tc
448 262 644 327 ¹rrtncrlrua
665 266 712 315 nn
731 264 879 316 runicus.

135 418 177 466 ..⁴¹
193 391 336 458 Rursum
359 389 534 459 advertant
555 391 610 460 isti
629 411 769 479 nequam
794 393 957 472 homines,
981 393 1147 480 quomodo
1170 411 1227 461 au-

91 543 94 546 ·
118 505 228 574 «dent
244 506 366 586 dicere,
384 506 473 592 quod
493 507 534 574 ab
558 509 754 592 imperatore
772 517 906 576 terreno
920 509 1135 576 Eccledarnm
1148 528 1228 596 pra·

119 654 133 686 a
146 625 206 692 lati
215 610 399 691 'coactivam
412 625 467 691 vel
485 625 579 691 uliam
602 627 790 710 receperint
804 627 1005 712 originaliter
1019 633 1226 712 potestatem,

119 761 233 820 «oum,
250 748 396 825 utsupra
413 740 536 807 dictum
559 750 619 822 est,
637 745 852 827 imperatorer
865 763 969 829 usque
991 743 1035 810 ad
1054 744 1230 811 Constanti·

119 887 133 917 «ι
147 877 227 926 num
248 859 307 939 III,
331 858 402 924 fere
419 877 531 925 omnes
545 859 662 942 pagani
675 859 799 927 fuerint
812 880 872 926 seu
884 860 1062 928 idololatra
1074 869 1111 926 et
1124 879 1230 944 perse·

120 1004 135 1035 a
148 982 289 1054 catores,
306 977 372 1041 imo
391 976 672 1055 exterminatores,
690 985 848 1062 qnantum
863 976 927 1044 fuit
942 978 976 1042 in
998 979 1057 1056 eis,
1079 976 1230 1043 Ecclesia

121 1122 136 1149 α
149 1100 266 1160 sancta
281 1092 354 1158 Dei.
370 1091 542 1175 Quomodo
556 1111 635 1177 ergo
652 1094 699 1160 illi
718 1085 838 1161 talibus
856 1093 1045 1172 coactivam,
1064 1094 1122 1159 rel
1136 1094 1231 1160 aliam

122 1216 347 1295 «potestatem
361 1209 594 1287 concederent,
612 1210 727 1296 utique
752 1211 861 1277 nullus
883 1210 1010 1295 sapiens
1024 1209 1164 1277 credere
1180 1209 1232 1276 de·

123 1357 138 1385 ι
151 1328 220 1394 bet.
241 1357 255 1384 a

126 1496 131 1505 .
158 1445 312 1531 Sequitur
326 1450 439 1527 postea
451 1461 605 1527 expressa
619 1442 848 1510 condemnatio
861 1451 933 1510 tum
949 1443 1055 1530 hujus,
1071 1450 1144 1509 tum
1159 1445 1233 1512 alio

115 1581 191 1630 rum
206 1579 356 1629 errorum
374 1559 436 1626 hoo
449 1558 549 1627 modo
562 1582 569 1626 :

132 1694 135 1700 ·
165 1709 181 1736 κ
193 1677 244 1745 ld
257 1677 390 1745 laudem
405 1685 440 1744 et
453 1677 588 1762 gloriam
598 1685 715 1743 sancta
730 1685 765 1744 et
777 1677 955 1744 individuae
966 1679 1141 1759 Trinitatis,
1161 1698 1234 1746 con·

122 1797 403 1880 «solutionemque
416 1794 564 1861 fidelium
579 1802 613 1861 et
628 1793 708 1861 ndei
728 1795 891 1862 catholica
914 1795 1169 1876 firmamentum,
1192 1796 1234 1864 de

121 1915 289 1980 liranum
303 1917 490 1978 nostrornm
505 1911 647 1989 consilio,
665 1911 727 1977 Dei
750 1911 901 1979 invocato
914 1909 1062 1992 nomine,
1080 1914 1235 1980 articulos

122 2061 137 2089 ι
151 2029 337 2117 praedictae,
350 2027 529 2096 videlicet:
621 2031 707 2109 Quod
727 2032 815 2110 Papa
830 2031 878 2093 vel
903 2036 966 2092 toto
988 2033 1121 2094 Ecclesia
1144 2034 1235 2095 simul

121 2156 266 2231 «sumptu
295 2149 413 2211 nullum
445 2146 592 2208 mairem
624 2151 889 2226 mactandumque
927 2147 1100 2208 sceleratum
1134 2153 1235 2228 potest

122 2270 257 2347 «punire
275 2268 433 2345 punitione
455 2267 599 2340 coactiva,
631 2266 692 2323 cisi
715 2267 879 2342 imperator
901 2264 988 2325 daret
1005 2267 1048 2324 cis
1069 2270 1237 2328 auctorita·

122 2410 136 2436 ιι
152 2388 234 2460 tent,·
248 2379 338 2445 velut
361 2397 459 2444 sacrae
481 2377 656 2461 Scriptura
683 2378 874 2456 contrarios,
903 2384 938 2443 et
958 2377 1036 2443 fidei
1064 2378 1237 2445 catholica

122 2526 137 2554 α
150 2496 311 2573 inimicos,
340 2495 492 2558 hereticos
523 2514 574 2557 scu
597 2494 780 2557 torettcctcs
802 2502 831 2557 et
856 2475 1017 2574 erroneoo;
1045 2513 1177 2560 necnon
1202 2503 1237 2561 et

123 2612 323 2699 -pradictcs
333 2610 510 2677 Marcilium
525 2618 559 2676 et
577 2611 732 2676 ioannem
750 2609 928 2689 haeretioos,
950 2611 1046 2677 immo
1068 2609 1237 2677 haeresiar-

123 2758 137 2786 «
152 2729 230 2795 chus
241 2728 313 2794 fore
325 2727 512 2793 manifestos
524 2733 558 2793 et
573 2727 718 2793 notorias
733 2726 971 2792 sententialiter
983 2726 1200 2793 declaramus.
1218 2756 1232 2782 υ
1250 2785 1252 2790 .

164 2847 257 2915 Unde
277 2852 405 2912 certum
422 2845 553 2912 omnino
574 2851 624 2910 est
647 2844 913 2927 propositionem,
931 2862 995 2929 qua
1010 2842 1162 2909 Ecclesia
1183 2843 1239 2910 de-

116 2972 254 3051 negatur
269 2971 414 3049 potestas
428 2962 615 3040 coercitiva,
630 2968 784 3045 tanquam
793 2960 981 3027 hereticam
991 2959 1091 3026 fuisse
1097 2957 1166 3044 jam
1180 2959 1240 3027 du-

119 3081 200 3159 dum
213 3080 409 3148 damnatam.

136 3234 139 3238 ⁴
163 3201 206 3265 ll.
224 3201 330 3265 Breve
349 3199 387 3261 ub
405 3198 545 3259 assiduos
561 3192 729 3259 Benedicti
746 3194 819 3260 XIV
839 3194 882 3260 ad
898 3194 1085 3271 Primatem‚
1106 3192 1240 3262 Accitis-

118 3316 266 3400 pisoopos
279 3321 315 3379 et
327 3312 503 3396 Episcopns
515 3310 610 3394 regni
621 3310 761 3376 Poloniae
779 3309 960 3377 directum:
1217 3378 1219 3382 ,

168 3461 182 3487 κ
194 3431 283 3498 licet
294 3427 484 3494 universalis
493 3434 611 3494 nostrae
624 3427 839 3512 inquisitionis
849 3427 996 3506 decreto,
1010 3426 1064 3493 die
1076 3431 1095 3493 5
1108 3432 1238 3513 augusti

123 3578 140 3604 a
153 3549 232 3614 anni-
246 3549 330 3614 1753
348 3544 448 3623 edito,
466 3543 630 3610 confixum
651 3544 903 3628 damnatumque
918 3543 1021 3609 fuerit
1043 3546 1237 3628 opusculum

123 3695 137 3721 «
151 3665 265 3749 galliae
276 3663 401 3729 editum
410 3660 473 3727 hoc
484 3661 598 3727 titulo:
610 3666 768 3743 Principes
780 3681 833 3725 sur
848 3662 994 3741 l’cssencc,
1012 3662 1044 3724 lu
1060 3664 1240 3727 distinctiora

122 3811 137 3839 n
150 3790 180 3848 et
196 3785 238 3848 les
254 3784 365 3846 limites
379 3782 431 3844 des
445 3781 526 3843 (mcc
546 3783 717 3861 puiasauccs
741 3778 910 3858 spiritualia
932 3784 961 3840 ct
981 3757 1162 3858 temporalia,
1186 3799 1239 3842 ou-

122 3920 239 3982 «crcpe
258 3899 415 3982 partone
434 3898 476 3960 dcc
494 3899 567 3977 pire
590 3899 635 3958 Lu
652 3896 751 3958 Bordc
779 3895 816 3958 de
840 3896 1026 3975 t'Oratoirc;
1052 3913 1167 3960 rursus
1189 3902 1239 3960 ta-

122 4045 138 4074 «
153 4037 228 4083 men
244 4015 332 4082 idem
347 4012 539 4098 opusculum
554 4010 723 4095 prodiisse,
747 4018 816 4076 tam
831 3994 943 4093 gallico
968 4029 1066 4095 qnam
1086 4012 1237 4095 polonico

123 4163 137 4190 «ι
153 4131 305 4199 idiomate
318 4133 567 4216 impressum...
588 4147 695 4212 nuper
708 4128 902 4212 accepimus.
920 4127 1015 4211 Quod
1031 4127 1166 4213 quidem
1180 4131 1236 4197 vel

123 4278 138 4307 «
153 4249 196 4317 ob
211 4248 316 4316 solam-
331 4247 565 4332 ignorationem
586 4245 779 4330 praelaudati
803 4243 931 4311 decreti
954 4245 1127 4329 contigisse
1148 4247 1235 4314 arhi-

124 4373 287 4445 «tramur,
304 4365 359 4432 vel
377 4363 466 4449 quod
481 4365 557 4431 satis
575 4364 743 4450 explorata
757 4369 855 4449 atque
875 4369 1040 4448 comperta
1054 4363 1148 4430 vobis
1169 4385 1235 4433 non
