2714 4980
123 273 166 355 aa
267 278 273 285 ’
465 295 652 353 reserares
674 300 719 348 un
740 298 887 351 runicus.

120 429 299 518 promtus:
318 416 437 498 aaran
457 418 501 496 au
516 429 681 498 lonensem
696 436 889 516 apparatum
905 421 1056 509 minas
1071 428 1183 509 sona,
1201 434 1239 498 nt

120 550 262 629 lictores,
273 549 402 628 notarii,
413 555 493 626 eiu,
509 545 788 614 coessentialibus
800 553 963 614 nonsnnt.
975 543 1240 634 ltqulpr'radiata

121 666 302 735 essentialia
324 666 514 750 exprimunt
541 666 595 732 vel
618 671 806 750 supponunt
832 666 929 731 citata
957 666 1095 750 apostoli
1120 663 1235 731 verbu.

119 785 313 875 Exprimunt
331 785 420 849 enirn
446 789 683 861 accusatorem,
702 772 807 849 ileum
830 788 865 849 et
883 790 1007 851 ustas:
1031 781 1110 849 dnm
1128 789 1239 848 auten

120 900 289 969 Timotheo
300 899 430 978 dicitur,
443 896 670 966 mercationem
680 895 749 964 acii
759 895 894 988 recipcre
904 899 966 965 nisi
976 898 1037 965 sub
1049 899 1107 965 tali
1120 899 1236 976 forma,

121 1019 315 1102 supponitur
331 1029 407 1083 eum
421 1037 491 1084 esse
507 1017 686 1102 legitimum
701 1015 856 1102 judicem.
873 1016 1049 1084 Accusator
1061 1022 1174 1083 autem
1186 1014 1240 1100 ju-

120 1133 228 1202 dicem
249 1136 444 1220 Episcopum
467 1154 534 1201 non
552 1133 675 1210 adiret,
693 1135 754 1200 nisi
775 1135 861 1202 Reus
883 1143 993 1218 posset
1014 1154 1033 1200 a
1054 1134 1112 1200 tali
1125 1132 1236 1218 judic‘e

120 1251 227 1338 aliquo
241 1250 338 1319 modo
349 1251 457 1336 puniri
472 1250 525 1316 vel
535 1249 577 1316 ad
590 1248 712 1337 aliquid
728 1249 945 1336 aliquomodo
959 1251 1031 1335 cogi
1047 1271 1054 1316 :
1071 1247 1161 1315 unde
1174 1248 1237 1314 hcc

120 1348 190 1453 ipso
205 1367 293 1456 quod
313 1368 477 1452 apostolus
491 1374 653 1453 supponat
669 1375 882 1446 accusatores,
904 1367 1057 1453 supponit
1075 1367 1109 1432 in
1125 1364 1238 1457 judice

121 1483 260 1571 aliquam
278 1485 486 1550 coercitivam
504 1490 711 1568 potestatem.
729 1484 813 1567 Ergo
827 1490 938 1549 textus
953 1480 1009 1548 ille
1024 1480 1142 1567 probat
1162 1500 1239 1547 con·

120 1601 296 1667 tentiosum
323 1600 451 1677 forum,
479 1600 639 1684 simulque
669 1599 845 1665 coactivam
875 1599 1013 1684 aliquam
1040 1604 1238 1682 potestatem

120 1716 270 1783 Ecclesiae
283 1725 321 1783 ut
331 1717 497 1800 propriam
511 1723 709 1800 competere.

124 1864 128 1871 ·
167 1837 200 1901 l.
217 1833 267 1900 Sic
278 1815 419 1900 habetur
434 1831 523 1918 apud
534 1833 732 1914 mattheum,
745 1853 774 1899 o.
796 1837 848 1912 18,
863 1851 896 1899 v.
918 1837 958 1902 li
976 1855 984 1900 ε
1000 1828 1042 1901 sl
1054 1843 1160 1900 metesa
1171 1852 1242 1924 pac·

120 1947 239 2020 maria
250 1947 287 2016 iu
302 1958 329 2018 tc
338 1947 442 2040 frater
459 1954 542 2027 iaus,
557 1946 636 2016 uada
647 1959 676 2016 at
690 1945 814 2038 corripe
824 1967 896 2015 cum
907 1946 991 2017 ictor
1003 1958 1068 2017 laet
1080 1946 1243 2039 ipsamco-

119 2049 197 2136 lum.
211 2064 253 2136 Si
262 2076 292 2135 ta
301 2063 457 2142 cultui,
470 2062 610 2133 lucratus
623 2062 687 2134 aris
699 2065 835 2156 fratrom
849 2075 947 2134 tuum.
964 2065 1002 2132 Si
1015 2077 1120 2135 cuum
1133 2077 1161 2135 ta
1176 2088 1242 2136 sou

120 2179 283 2263 audierit,
302 2180 418 2251 udiaila
435 2193 534 2250 tecum
552 2179 656 2250 ciliae
673 2202 790 2261 amm,
806 2180 854 2252 cci
867 2181 958 2262 duos,
978 2193 1015 2251 ut
1029 2181 1068 2250 a'o
1083 2204 1140 2251 ara
1156 2181 1240 2268 ἄπιοι,

119 2312 205 2376 ruat,
221 2293 271 2362 cal
286 2293 385 2363 trium
403 2293 526 2363 testium
540 2304 597 2362 atat
609 2314 700 2362 omna
713 2293 853 2362 cubam.
870 2292 964 2376 Quod
977 2293 1007 2362 ai
1020 2316 1084 2364 aon
1098 2294 1243 2365 audierit

119 2428 182 2494 uos,
193 2408 413 2479 &allocucio
431 2409 470 2477 Si
481 2421 586 2479 ustam
596 2408 770 2479 Ecclesium
781 2431 847 2480 coa
860 2409 1014 2492 audierit,
1030 2411 1073 2480 sit
1087 2410 1149 2482 aiii
1159 2410 1242 2482 siau

119 2527 261 2598 minaeus
274 2539 304 2597 et
314 2518 516 2621 publicanus.

118 2668 121 2673 ·
161 2649 310 2716 Christus
321 2648 367 2715 lbi
378 2649 555 2735 alloquitur
567 2648 741 2735 apostolos,
760 2649 816 2734 qui
826 2645 926 2734 jacet
941 2655 1045 2716 arunt.
1061 2649 1168 2717 iudei
1181 2669 1240 2717 au·

120 2760 190 2835 tem
217 2762 389 2832 Ecclesium
411 2766 572 2833 vocabant
595 2774 667 2832 tum
690 2751 888 2833 conuentum
909 2768 942 2832 in
962 2786 1144 2853 synagoga,
1167 2777 1239 2835 turn

118 2893 291 2970 synagogae
307 2882 482 2968 principes.
498 2883 584 2949 flinc
602 2901 640 2949 aa
656 2882 758 2950 verbu
774 2876 827 2948 dic
840 2880 997 2962 Ecclesiae,
1018 2884 1106 2951 idam
1123 2893 1240 2960 sonant

120 3020 159 3066 ac
179 3001 206 3067 si
225 3001 368 3086 positum
389 3000 514 3080 fuisset,
539 2995 592 3065 dic
610 2996 755 3067 Ecclesiae
775 2999 958 3068 rectoribus.
984 3003 1089 3085 Quem
1108 3012 1243 3071 catera

120 3117 199 3202 quin
213 3136 342 3184 sensum
356 3124 427 3182 tota
439 3115 572 3182 traditio
588 3124 622 3182 et
634 3117 737 3182 sancti
747 3124 856 3200 patres
867 3118 1049 3186 firmarunt.
1065 3120 1150 3186 Item
1165 3140 1241 3186 cum

120 3234 264 3301 solerent
282 3232 382 3318 judaei
400 3252 441 3299 ex
461 3232 623 3298 consortio
645 3251 703 3300 suo
722 3240 756 3298 et
773 3252 935 3318 synagoga
954 3234 1073 3320 ejicere
1094 3236 1242 3304 ethnicos

121 3358 156 3416 et
175 3348 380 3434 publicanos,
402 3371 440 3416 ea
462 3350 580 3429 verba,
597 3345 640 3415 sit
656 3346 719 3416 tibi
731 3345 811 3415 sicut
827 3347 965 3418 ethnicas
983 3361 1012 3418 ct
1031 3349 1241 3441 publicanus,

120 3464 209 3532 idem
222 3467 268 3533 lbi
280 3475 394 3534 sonant
409 3486 447 3532 ac
463 3468 534 3546 ista,
553 3464 595 3534 ab
610 3464 751 3534 Ecclesia
763 3464 924 3557 ejiciatur,
944 3479 972 3536 et
989 3489 1052 3560 pro
1071 3467 1165 3562 ejecto
1187 3469 1242 3540 iic·

122 3579 243 3650 beatur.
267 3585 351 3670 Ergo
367 3584 552 3668 pastoribus
566 3586 715 3651 Ecclesiae
731 3589 867 3655 contulit
886 3589 1031 3654 Christus
1043 3597 1241 3673 potestatem

114 3699 335 3786 cognoscendi
346 3698 389 3767 de
395 3698 512 3768 litibus
522 3703 610 3768 inter
617 3700 734 3769 fideles
744 3705 835 3782 ortis
849 3711 884 3769 et
892 3705 1087 3771 sententium
1095 3705 1238 3787 ierendi,

117 3823 157 3883 tit
170 3818 275 3883 ileum
281 3824 521 3896 contumacem,
537 3836 595 3884 seu
602 3817 705 3904 judici
716 3819 1005 3887 ecclesiasticcnon
1015 3820 1238 3903 obedientem,

116 3931 163 3999 ab
177 3932 322 3999 Ecclesia
337 3931 496 4018 ejiciendi.
517 3935 620 4000 Porro
634 3934 696 4002 hoo
705 3937 779 4020 ⁴ipso
793 3937 943 4002 Ecclesiae
957 3938 1094 4005 contulit
1106 3942 1242 4024 proprie

115 4049 243 4117 &marn
267 4048 472 4136 judiciariam
494 4057 716 4136 potestatem:
741 4071 817 4119 nam
837 4053 883 4120 ilni
903 4056 1115 4140 reperiuntur
1136 4059 1243 4126 omnia

115 4166 218 4254 taujais
241 4169 414 4255 potestatis
434 4170 636 4236 essentialia:
653 4169 811 4256 judicium
828 4191 949 4257 nempe
960 4173 997 4239 in
1013 4173 1087 4240 foro
1103 4183 1242 4245 externo

115 4303 196 4352 cum
216 4284 374 4366 tontibus,
393 4285 518 4367 ludex,
535 4288 721 4368 Accusator,
737 4289 845 4371 Reus,
865 4310 968 4357 cause
991 4293 1150 4376 cognitio,
1168 4312 1243 4363 sen-

117 4405 237 4483 tentia,
254 4411 291 4471 et
307 4405 473 4473 coercitio.
1208 4421 1210 4425 ’
