2714 4980
121 310 186 383 226
468 328 656 378 rnncrlrus
678 330 723 376 nn
743 329 893 378 runrcns.

120 463 221 532 ctum,
243 455 311 522 sive
326 472 426 538 grave
448 454 489 518 sit
504 453 572 518 sive
588 454 680 536 leve;
699 459 733 518 et
750 455 817 519 sive
829 461 944 521 contra
962 453 1107 522 divinam
1120 456 1215 540 legen,

119 572 186 637 sive
206 577 318 637 contra
340 569 594 635 ecclesiasticam
613 576 789 652 patratum.
808 569 893 635 Item
911 571 1040 655 attingit
1062 590 1118 638 eos
1139 573 1218 639 etiam

119 687 175 772 qni
191 687 398 769 privilegium
413 685 535 751 hahent
552 704 617 750 non
635 684 859 768 respondendi
876 687 936 750 nisi
954 705 1066 753 coram
1085 695 1170 754 certo
1181 687 1218 774 ju·

118 802 201 880 dice,
218 801 279 866 nisi
289 802 323 865 in
337 800 394 866 tali
408 800 578 884 privilegio
592 819 745 883 expressa
758 802 881 866 mentio
893 800 951 867 fiat
962 800 1007 868 de
1023 822 1101 868 casu
1115 803 1218 880 delicti,

118 925 216 1002 prout
233 923 359 982 constat
374 935 415 982 ex
429 915 535 998 capite
551 918 685 979 Volcates
706 916 749 1002 (l,
767 919 806 979 de
818 919 1010 999 Priaileqic’s,
1031 918 1066 981 in
1081 916 1128 1002 6).

162 1038 358 1115 Exceptioaes
374 1034 415 1095 ad
434 1035 624 1113 premissam
644 1034 791 1112 regulam.
810 1067 856 1080 —-
875 1034 907 1095 1⁰
927 1031 1146 1116 Excipiuntur
1165 1035 1221 1116 Epi·

18 1180 30 1191 ·
116 1151 214 1234 scopi,
228 1166 368 1233 quorum
380 1148 546 1231 graviores
558 1147 744 1214 criminales
756 1166 868 1213 causas
880 1145 956 1214 Sedi
969 1148 1173 1232 Apostolicae‚
1187 1150 1220 1215 le

115 1268 222 1332 viores
234 1284 314 1332 vero
327 1264 517 1348 provinciali
527 1263 651 1348 synodo
663 1263 856 1348 judicandas
867 1264 1052 1330 reservavit
1069 1266 1220 1330 concilium

116 1381 351 1449 Tridentinum.
366 1381 449 1445 Hinc
463 1382 490 1445 si
503 1381 575 1464 quis
589 1399 733 1465 unquam
745 1381 925 1465 Episcopus
936 1380 1038 1468 (quad
1050 1383 1140 1447 Deus
1150 1400 1220 1446 aver

115 1504 174 1583 tat)
190 1500 223 1563 in
241 1498 345 1562 aliena
368 1496 500 1562 dioecesi
516 1495 734 1581 delinqueret,
753 1516 819 1563 non
833 1503 943 1580 posset
963 1497 1005 1562 ab
1020 1499 1179 1582 Episcopo
1194 1497 1220 1563 il·

115 1617 178 1682 lius
192 1616 255 1681 loci
264 1614 423 1701 judicari;
440 1612 541 1699 quod,
557 1614 600 1680 ob
618 1621 717 1679 tantae
738 1613 902 1697 dignitatis
921 1615 1150 1694 eminentiam,
1169 1632 1219 1679 na·

116 1734 164 1816 gis
187 1732 307 1799 decere
327 1733 433 1799 visum
450 1738 511 1797 est.

161 1852 195 1916 2ο
214 1849 471 1933 Exeipiebantur
487 1849 584 1913 etiam
600 1847 678 1913 olim
693 1848 853 1932 religiosi;
869 1846 960 1933 quod
973 1848 1171 1931 regularium
1183 1865 1220 1914 or·

116 1964 229 2031 dinam
242 1965 447 2049 privilegium
461 1963 623 2049 quomodo
638 1983 655 2028 a
670 1963 859 2029 Tridentino
871 1962 997 2048 synodo
1011 1963 1102 2051 (sess.
1113 1967 1145 2041 6,
1157 1983 1182 2029 c.
1193 1965 1216 2036 3,

116 2089 151 2149 et
163 2101 241 2149 sess.
257 2085 311 2160 25,
331 2101 360 2146 c.
384 2082 435 2158 14,
455 2085 492 2145 de
512 2078 667 2164 Περαίαν.)
684 2079 890 2146 moderatum
909 2087 1091 2158 remaneat,
1111 2079 1220 2146 dicetur

116 2199 150 2263 in
167 2205 310 2264 tractatu
326 2199 542 2262 deordinatae
558 2200 719 2278 religiosis.

160 2315 195 2377 3⁰
210 2312 377 2394 Excipitur
388 2310 539 2375 infractio
553 2310 662 2393 legum
672 2309 824 2376 localium
838 2311 956 2394 quibus
968 2311 1162 2396 peregrinus
1171 2329 1221 2376 non

115 2429 247 2510 ligatur.
264 2428 326 2509 Qui
340 2427 426 2492 enim
442 2427 476 2490 in
489 2426 593 2491 aliena
611 2423 745 2491 dioecesi
761 2425 922 2511 ejusmodi
935 2426 1026 2510 leges
1040 2423 1221 2510 transgredi·

117 2551 182 2621 tur,
197 2561 271 2608 cum
284 2541 376 2627 juxta
394 2542 648 2611 communiorem
663 2544 857 2607 sententiam
873 2562 938 2607 non
951 2549 1081 2626 peccet,
1099 2558 1221 2631 nonpo

117 2665 182 2725 test
196 2660 321 2726 ratione
338 2657 450 2724 delicti
466 2657 509 2722 ad
524 2658 668 2723 tribunal
685 2656 849 2725 Ordinarii
862 2659 926 2724 loci
943 2658 1103 2742 pertrahi.

161 2777 196 2840 4⁰
212 2773 402 2842 Ordinarius
425 2774 500 2849 laci,
518 2774 552 2837 in
567 2792 631 2858 quo
654 2774 725 2858 quis
747 2772 894 2858 deliquit,
915 2781 1025 2858 potest
1047 2771 1176 2858 quidem
1190 2769 1223 2837 de

117 2891 237 2959 delicto
250 2890 296 2955 ibi
312 2891 483 2955 commisso
501 2908 697 2973 cognoscere
714 2891 957 2990 etsententiam
973 2890 1078 2968 ferre,
1096 2911 1161 2956 non
1177 2907 1225 2954 au·

116 3018 183 3076 tem
198 3008 239 3074 de
254 3009 432 3073 commissis
446 3007 523 3073 alibi
540 3006 679 3073 delictis.
697 3008 746 3072 Ita
760 3007 961 3073 communior
972 3008 1138 3072 sententia
1151 3004 1224 3094 (vide

117 3125 278 3208 Pirrhing‚
300 3127 334 3190 in
351 3125 403 3189 tit.
423 3127 455 3202 2,
476 3124 534 3190 lib.
557 3122 735 3201 tdecret„
754 3143 787 3188 n.
810 3121 879 3208 27).

164 3244 197 3306 5⁰
213 3238 350 3322 Quando
369 3239 594 3324 delinquense
613 3239 790 3317 territorio,
812 3238 957 3332 nondum
977 3238 1108 3317 citatus,
1132 3256 1228 3324 egres·

117 3377 172 3423 sus
195 3365 255 3436 est,
280 3363 424 3442 potestas
439 3355 602 3424 Ordinarii
623 3357 709 3422 illius
726 3356 790 3422 loci
809 3356 969 3421 limitatur
988 3353 1086 3440 juxta
1101 3355 1138 3424 id
1151 3350 1229 3441 quod

119 3475 274 3540 statuitur
286 3474 383 3552 infra,
402 3473 464 3538 sub
480 3477 514 3538 3³
527 3478 561 3538 et
572 3475 606 3538 4·
620 3473 746 3556 regula.
1176 3540 1180 3547 ,

162 3592 303 3657 Resona
314 3594 443 3656 2·.-si
450 3593 624 3672 deliuquens
635 3597 669 3654 ta
679 3591 916 3667 atanadioeeest,
930 3589 1043 3653 ibidem
1054 3595 1225 3672 reperiatur,

117 3712 164 3772 acl
178 3715 206 3772 si
223 3717 293 3773 onte
311 3715 374 3792 ejus
394 3729 542 3790 opressum
556 3715 698 3773 citatione
721 3713 781 3790 ipsi
797 3713 952 3770 insinuata
969 3715 1147 3788 prouentus
1163 3710 1225 3788 salt,

113 3833 214 3909 potest
232 3829 270 3889 ab
285 3826 448 3891 ordinario
466 3829 552 3890 illius
566 3828 623 3889 loci
636 3831 754 3907 puniri,
768 3831 830 3888 stoc
848 3829 1166 3907 excommunicatione,
1177 3827 1230 3888 siaa

115 3949 285 4024 privatione
296 3943 387 4022 officii
396 3951 450 4005 out
461 3943 607 4022 beneficii,
624 3948 688 4006 sice
695 3962 786 4025 paeon
797 3946 986 4024 peccatorio,
998 3943 1113 4022 olicae,
1126 3958 1230 4024 proro-

120 4066 197 4123 lione
219 4064 334 4124 delicti.
348 4058 540 4141 -Quando
566 4059 759 4144 delinquens
779 4061 813 4124 in
832 4060 906 4123 loco
926 4057 1041 4124 delicti
1059 4061 1225 4143 reperitur,

120 4194 136 4235 a
151 4191 204 4239 res
221 4177 298 4240 satis
316 4183 366 4240 est
381 4174 554 4259 expedita:
576 4172 753 4240 dicendum
772 4175 868 4251 enim,
889 4191 930 4238 co
949 4192 1028 4238 casu
1047 4173 1228 4259 delinquen

122 4311 138 4349 a
152 4297 231 4367 tem,
248 4292 310 4355 etsi
326 4291 404 4356 alias
422 4310 488 4356 non
503 4290 590 4356 foret
609 4288 769 4366 subditus
789 4287 929 4373 ajudice
946 4289 1109 4354 territorii
1125 4289 1158 4355 in
1172 4305 1226 4372 quo

122 4403 304 4489 «deliquit,
328 4407 436 4490 puniri
457 4425 552 4490 poena
573 4406 626 4471 vel
645 4405 807 4490 corporali
828 4405 883 4469 vel
909 4405 1099 4488 pecuniaria
1123 4421 1222 4489 posse,
