2714 4980
561 314 640 363 rsus
662 314 776 361 entus.
805 328 809 335 ·
1159 299 1223 362 ast

108 445 144 503 et
157 445 264 505 certes
278 457 447 505 causarum
461 440 585 524 species
599 440 793 516 restrictam,
812 438 951 506 sednon
971 439 1013 506 ad
1028 447 1156 507 certum
1173 439 1222 507 lo·

108 573 185 622 cum
203 556 271 622 sive
285 557 500 623 territorium.
560 608 564 615 .

150 671 197 738 Ut
215 678 326 737 autem
343 672 646 738 circumlocutiones
669 669 849 736 devitando
867 689 922 736 res
935 671 1121 755 expeditius
1134 674 1225 740 evol·

107 794 215 864 vatur,
227 786 324 854 liccat
338 787 414 853 mihi
429 787 512 853 duas
524 788 597 853 illas
611 788 730 854 classes
744 786 1003 867 ordinariorum,
1019 788 1080 854 sub
1094 790 1223 855 nomine

108 907 339 967 territoriclicm
361 910 395 969 et
417 906 728 968 conterrttcrtalicm
750 900 947 986 designare:
975 902 1021 968 ita
1046 923 1165 989 nempe
1186 913 1224 971 ut

108 1020 401 1087 non-territorialcs
417 1019 569 1087 dicantur
580 1019 720 1106 judices,
731 1038 869 1104 quorum
882 1017 1063 1104 jurisdictio
1078 1021 1119 1087 ab
1137 1024 1225 1089 omni

108 1137 267 1203 territorii
285 1137 476 1203 limitatione
496 1137 602 1203 libera
619 1142 689 1219 cst;
710 1136 925 1202 territoriales
947 1156 1038 1216 vero,
1058 1138 1115 1223 qui
1138 1138 1224 1205 intra

108 1259 212 1319 certos
236 1252 395 1318 territorii
416 1251 498 1318 fines
520 1251 574 1337 jus
595 1251 722 1318 dicunt.
746 1253 797 1316 De
821 1251 968 1336 utrisque
990 1259 1102 1318 autem
1123 1254 1224 1321 resol-

106 1354 213 1444 ,tenda
227 1368 318 1433 venit
330 1369 475 1452 quaestio,
492 1367 656 1453 quomodo
672 1365 817 1451 dignosci
836 1368 938 1451 possit
956 1387 1070 1434 eorum
1091 1368 1124 1434 in
1144 1388 1224 1435 una·

100 1500 234 1569 qumque
251 1503 347 1550 cause
358 1486 587 1567 competentia.

550 1760 731 1810 sementes
755 1762 778 1808 1.

105 1976 244 2034 Quoruodo
257 1977 362 2038 dignosci
376 1986 445 2039 queat
464 1984 542 2026 utrum
557 1978 642 2040 aliquis
658 1977 866 2027 non-territoriclic
880 1975 1020 2026 ordinarios
1031 1986 1163 2039 competens
1177 1979 1208 2029 sit

557 2073 580 2118 in
602 2070 681 2132 aliqua
695 2083 776 2118 causa.

140 2296 287 2381 Quando
307 2297 414 2381 agitur
435 2295 479 2362 de
502 2297 540 2361 iis
563 2295 787 2380 superioribus
811 2297 868 2382 qui
891 2294 1149 2382 jurisdictionem
1170 2293 1226 2359 ha·

95 2416 183 2483 trent
204 2414 429 2480 atcrritoriali
449 2413 746 2499 circumscriptione
761 2413 908 2493 liberam,
928 2413 1023 2480 facile
1042 2420 1093 2479 est
1112 2410 1227 2495 digno·

95 2548 196 2599 scere
212 2535 326 2594 utrum
340 2530 374 2593 in
386 2530 445 2595 tali
459 2530 514 2594 vel
526 2529 585 2595 tali
596 2548 690 2595 causa
706 2537 932 2614 competentes
947 2530 1022 2595 sint.
1037 2526 1224 2595 Videndum

95 2667 224 2732 nempe
238 2652 289 2710 est
302 2651 413 2711 utrum
428 2664 586 2728 personae,
607 2646 693 2711 inter
707 2664 787 2730 quas
806 2665 902 2711 causa
918 2645 973 2711 illc
994 2645 1147 2722 vortitur,
1161 2644 1233 2709 sint·

95 2765 139 2834 dc
157 2760 302 2830 numero
322 2782 446 2842 earum,
463 2764 497 2828 in
511 2781 591 2848 quas
611 2761 693 2829 dicti
710 2763 896 2848 superiores
911 2761 1171 2847 imisdictionem
1192 2761 1225 2827 vi

95 2881 251 2950 muneris
265 2880 315 2946 sui
327 2879 471 2963 habent;
488 2885 524 2946 et
537 2880 671 2964 insuper
683 2886 795 2945 utrum
809 2899 905 2945 causa
917 2880 987 2962 ipsa
1000 2879 1042 2944 sit
1056 2876 1098 2944 de
1114 2878 1224 2961 specie

95 3016 217 3067 earum
233 3014 304 3081 qum
321 2995 511 3062 eorumdem
534 2997 740 3080 superiorum
757 2995 975 3081 jurisdictioni
994 2994 1128 3059 luerunt
1147 2993 1225 3059 sub-

95 3113 208 3200 jectae.
230 3113 308 3193 Quae
327 3110 401 3177 dnae
420 3111 624 3178 conditiones
640 3112 904 3189 siverificentur‚
919 3111 1027 3177 aderit
1039 3118 1224 3194 competen-

95 3233 167 3299 tia:
189 3231 309 3296 sivero
326 3229 428 3295 ambae
447 3230 502 3293 rel
519 3230 678 3296 alterutra
692 3228 857 3306 deficient,
872 3237 907 3295 et
920 3231 990 3313 ipsa
1006 3226 1224 3311 competentia

95 3345 222 3414 deerit.
787 3431 790 3436 Α

143 3459 242 3527 Unde
269 3460 379 3546 quoad
409 3459 570 3545 ejusmodi
591 3459 719 3546 judices
745 3461 909 3527 evanescit
937 3460 1109 3546 multiplex
1138 3459 1223 3524 circe

96 3583 354 3666 competentiam
368 3580 549 3659 difficultas,
569 3599 640 3666 quac
665 3582 771 3647 oritur
795 3601 837 3647 ex
861 3580 1112 3647 circumstantiis
1132 3579 1221 3662 loci3

98 3696 258 3767 domicilii
274 3714 404 3780 nempe,
423 3697 533 3764 etloci
546 3699 657 3783 inquo
672 3697 727 3762 vel
738 3716 794 3763 res
809 3699 880 3775 sita,
900 3698 955 3764 vel
969 3705 1079 3780 gestus
1094 3702 1223 3762 contra·

99 3824 186 3895 ctus,
202 3816 257 3882 rel
271 3823 435 3900 patratum
447 3814 604 3880 delictum
616 3824 677 3879 est.
692 3816 760 3880 lllae
773 3815 859 3881 enim
874 3813 1122 3879 circumstantie
1135 3829 1223 3875 com-

99 3932 282 4017 petentiam
299 3950 365 3996 non
382 3929 536 4007 afficiunt,
553 3931 616 3996 nisi
631 3930 761 4016 quando
773 3930 876 4017 judex
890 3929 1070 3995 intra-lines
1085 3925 1222 4011 alicujus

100 4047 260 4115 territorii
276 4044 395 4131 injure
408 4045 552 4112 dicundo
566 4048 828 4130 circumscriptus
841 4052 901 4111 est.
921 4047 1002 4111 Hinc
1018 4043 1125 4129 quoad
1135 4042 1222 4129 judi·

101 4182 157 4231 ees
171 4162 387 4228 territorialcs
400 4162 602 4246 potissimum
614 4162 813 4230 instituenda
827 4160 992 4228 etsedulo
1006 4159 1221 4247 expendenda

101 4281 194 4347 venit
207 4277 252 4345 de
268 4277 490 4363 dignoscenda
508 4279 725 4364 competentia
742 4279 889 4364 questio.
