2714 4980
125 292 189 368 itt
467 310 654 360 rmcrnrns
676 308 722 358 nn
743 310 893 360 rnnxcns.

124 451 188 529 quo
206 442 302 508 aliter
318 441 405 506 inter
421 438 650 504 contrahentes
671 446 868 504 conventum
889 438 969 522 fuit3
996 437 1093 505 verbi
1115 440 1220 524 gratia,

122 561 150 625 si
161 561 297 644 quisque
311 559 344 621 in
352 557 426 623 loco
444 562 629 620 contractus
644 574 678 619 sc
696 572 928 637 responsurum
943 556 1104 638 promisit,
1121 563 1155 620 et
1165 556 1224 621 loru

121 675 276 740 domicilii
294 690 447 757 expresse
467 672 691 736 renuntiavit:
714 689 789 736 nam
814 678 1000 736 contractus
1030 690 1072 736 ex
1099 689 1226 736 conven-

119 793 209 856 tione
225 791 332 872 legem
352 789 516 871 accipiunt
536 787 661 873 (regula
681 791 860 850 Contractus
880 791 935 864 85,
954 787 988 850 in
1007 784 1058 871 6);
1081 785 1167 852 unde
1180 805 1227 870 po

120 908 180 972 sita
196 904 356 991 ejusmodi
371 905 457 969 inter
474 904 704 969 contrahentes
720 903 948 981 conventione,
971 904 1080 980 Reus,
1099 903 1162 968 etsi
1181 903 1228 968 ab·

123 1040 206 1099 sens,
223 1022 257 1085 in
274 1021 344 1085 loco
361 1025 550 1085 contractus
569 1018 738 1083 conveniri·
755 1019 888 1101 poterit,
907 1024 941 1084 et
958 1020 1020 1084 nisi
1036 1027 1225 1103 compareat,

120 1145 159 1203 ut
173 1145 345 1202 contumax
358 1135 508 1221 judicari.

164 1256 199 1318 2⁰
221 1253 352 1316 Silocus
363 1257 550 1316 contractus
560 1249 602 1314 sit
616 1249 712 1313 simul
724 1247 832 1333 quoad
842 1249 946 1314 Reum
957 1250 1050 1315 locus
1065 1249 1226 1336 domicilii3

118 1370 194 1453 quia
218 1376 297 1433 tunc
319 1369 432 1433 saltem
453 1367 579 1432 ratione
600 1365 755 1430 domicilii
775 1365 899 1432 ibidem
918 1369 1090 1433 conveniri
1104 1370 1226 1453 poterit

117 1485 178 1549 etsi
195 1482 413 1567 absensssed,
431 1489 470 1546 ut
489 1481 638 1560 diximus,
662 1482 695 1544 in
717 1483 779 1549 hoo
800 1484 1004 1566 paragrapho
1027 1486 1228 1567 supponimus

117 1599 284 1666 diversum
299 1618 369 1664 essa
384 1600 492 1664 locum
508 1604 725 1663 contractusa
739 1599 811 1663 loco
825 1598 978 1664 domicilii
992 1601 1066 1665 Rei.

162 1720 199 1782 3⁰
221 1717 253 1781 Si
269 1722 385 1800 agatur
396 1715 438 1780 de
450 1713 621 1782 reddenda
630 1716 755 1780 ratione
771 1714 1068 1795 administrationis,
1081 1717 1137 1802 qui
1147 1734 1227 1781 casu

121 1831 207 1911 inira
222 1830 430 1915 expenditur.

161 1951 196 2012 l·
219 1948 251 2012 Si
269 1948 309 2012 lis
321 1946 362 2012 de
381 1952 554 2012 contractu
570 1955 669 2025 mota,
689 1945 756 2031 jam
766 1946 831 2012 luit
842 1965 904 2030 par
913 1947 1029 2026 Reum,
1046 1954 1161 2030 postea
1171 1947 1226 2011 vita

117 2063 278 2141 iunctum,
296 2069 476 2127 contestata
494 2079 501 2122 :
517 2068 596 2126 tuno
609 2063 732 2126 scilicet
747 2063 848 2145 ipsius
863 2061 977 2140 haeres,
994 2063 1056 2126 etsi
1070 2061 1186 2126 absens
1200 2067 1226 2125 ot

117 2181 194 2245 alibi
208 2178 407 2245 domicilium
424 2177 557 2257 hahens,
576 2180 742 2244 conveniri
760 2187 868 2261 potest
882 2181 917 2243 in
929 2180 1002 2245 looo
1019 2163 1079 2244 nbi
1092 2186 1226 2262 coeptuu

115 2294 182 2380 jam
195 2303 245 2361 est
256 2294 424 2380 judicium.

122 2454 125 2461 ·
164 2415 197 2478 5⁰
219 2412 268 2477 An
290 2413 387 2478 etiam
416 2412 621 2496 aliquatenus
638 2410 853 2495 excipiendus
871 2413 913 2476 sit
934 2430 1037 2490 casus,
1064 2429 1130 2496 qno
1152 2411 1226 2476 lleus

117 2528 203 2595 bona
221 2527 377 2611 possidet,
399 2528 516 2595 sivein
533 2528 606 2594 loco
624 2534 823 2608 contractus,
848 2529 917 2595 sive
933 2529 1023 2607 alibi,
1043 2527 1226 2593 difficultate

116 2648 182 2710 nois
197 2653 304 2711 vacat.
325 2643 534 2710 contendunt
552 2645 726 2710 canonista
740 2652 790 2709 sat
806 2644 1034 2721 communiter,
1055 2645 1091 2708 in
1106 2644 1168 2710 hoc
1183 2662 1226 2708 ca·

117 2781 156 2827 su
180 2760 324 2845 judicem
340 2761 402 2825 loci
422 2761 479 2826 ubi
499 2761 598 2826 initus
613 2769 663 2825 est
676 2769 863 2826 contractus
880 2781 946 2826 non
964 2761 1088 2828 hahere
1102 2761 1226 2846 quideni

114 2878 373 2964 jurisdictionem
400 2878 433 2941 in
461 2895 633 2960 personam
657 2877 800 2942 absentis
821 2878 891 2956 Rei,
916 2877 975 2943 sed
998 2884 1114 2943 tamen
1141 2895 1227 2962 possa

115 2994 227 3060 Actori
240 2992 422 3059 concedere
437 2994 664 3059 immissionem
681 2995 713 3057 in
727 2994 961 3076 possessionem
975 2994 1140 3059 honorum
1151 2993 1227 3079 ejus

116 3108 193 3178 dem
207 3113 276 3178 Rei.
296 3112 345 3176 Ita
364 3111 486 3175 scilicet
500 3115 538 3174 nt
552 3110 633 3175 hanc
658 3111 888 3176 immissionem
899 3111 1000 3194 possit
1014 3111 1087 3194 ipse
1101 3110 1226 3196 exequi

117 3227 240 3292 simira
258 3243 353 3289 suum
363 3225 566 3290 territorium
587 3224 672 3290 hona
694 3225 754 3290 Rei
768 3226 829 3291 sita
843 3228 907 3290 sint
925 3248 933 3291 :
951 3226 1132 3291 sinautem
1158 3224 1228 3290 alibi

118 3343 178 3407 sita
191 3343 265 3419 sint,
285 3340 484 3426 requirendo
502 3341 589 3406 illius
602 3341 666 3406 loci
680 3341 825 3427 jndicem
841 3351 879 3408 nt
894 3341 1045 3408 eamdem
1066 3343 1229 3408 immissio·-

115 3476 193 3524 aem
217 3457 383 3523 decernat.
407 3460 529 3524 Putant
557 3458 637 3525 dicti
666 3461 837 3526 canonistas
862 3460 898 3526 id
921 3469 1036 3544 aperte
1065 3463 1176 3544 colligi
1193 3478 1228 3526 ex

117 3573 273 3640 decretali
296 3580 429 3640 Romano
448 3576 492 3658 (l,
514 3577 566 3640 tit.
588 3579 619 3653 2,
635 3576 692 3642 lib.
717 3579 748 3656 2,
772 3578 807 3641 in
831 3575 876 3662 6),
900 3579 935 3642 in
954 3577 1096 3662 quasin,
1121 3577 1228 3643 statuit

115 3691 322 3757 Innocentius
336 3692 380 3757 Iv
400 3713 407 3757 :
425 3693 640 3756 Controtentes
653 3712 723 3755 vcro
736 3695 867 3756 aliorum
879 3695 1047 3771 dtoeoesum,
1062 3714 1154 3776 super
1166 3713 1228 3757 σαι-

117 3812 261 3872 tractibus
280 3815 369 3872 initis
388 3815 421 3870 tn
441 3810 598 3871 Rhenanus·
618 3812 789 3872 dinamico
808 3813 917 3873 eisdem
940 3809 1012 3896 (aiat
1038 3814 1228 3874 inveniantur

114 3923 235 4009 ididem)
256 3927 376 3989 trahere
388 3942 488 3987 corma
510 3945 541 3988 sc
558 3946 619 3990 non
638 3929 744 3989 debent
762 3923 807 4012 (l)
822 3933 936 3991 invitos
952 3947 963 3989 .·
982 3930 1052 3990 licat
1069 3934 1104 3993 in
1117 3947 1227 4010 posser-

114 4045 226 4104 sionem
238 4043 451 4121 bonorumque
461 4043 504 4104 iot
513 4042 633 4121 noant,
649 4047 741 4104 etiam
751 4061 817 4106 cum
827 4044 903 4106 alibi
913 4048 1031 4125 copiam
1039 4049 1091 4107 sni
1101 4047 1223 4126 factost

150 4315 185 4378 (l)
199 4317 285 4379 Nempe
297 4319 492 4382 Archiepiscopus
502 4319 640 4369 Rhomeusis
652 4326 691 4369 aut
703 4319 777 4381 ipsius
789 4320 907 4380 officiales,
922 4327 947 4368 ut
959 4330 987 4370 ex
999 4316 1155 4386 paragraphis
1170 4330 1224 4385 pru·

116 4410 252 4460 cedentibus
264 4412 368 4474 ciusdem
381 4411 505 4462 decret'alis
515 4421 588 4475 patet.
