2714 4980
418 343 422 349 -
480 313 557 360 rsus
580 312 738 360 securos.
1040 374 1042 380 ἲ
1105 292 1167 359 las

52 442 339 508 confraternitates
351 441 519 518 laicorum,
532 436 712 520 hospitalia,
728 436 875 520 collegia,
895 431 1020 520 aliaque
1029 437 1101 502 loca
1117 438 1170 520 pia

55 579 121 624 non
144 565 295 643 exempta
321 555 362 622 de
383 555 499 639 quibus
518 553 754 631 Tridentinum,
776 555 881 637 capite
901 557 932 632 8,
946 555 1095 620 sessionis
1114 549 1171 626 22'.

56 677 212 757 Quamvis
227 676 311 740 enim
326 672 504 741 Tridentini
526 674 643 737 Patres
661 670 820 757 ejusmodi
833 671 1025 738 visitationis
1042 672 1094 758 jus
1113 675 1173 739 tri-

56 793 161 859 buant
174 794 342 876 Episcopo,
356 791 456 857 etiam
471 798 612 872 tanquam
624 792 711 855 Sedis
724 791 900 871 Apostolicoe
912 792 1057 872 deleqcto,
1075 789 1110 856 id
1125 798 1174 856 ta·

57 929 134 975 men
148 915 223 974 ante
240 908 467 974 Tridentinum
479 907 553 993 jure
571 905 735 972 ordinario
752 912 905 990 poteraut
920 907 1080 990 Episcopi.
1095 909 1173 990 Qnae

57 1033 168 1091 autem
186 1026 351 1108 pertinent
373 1022 415 1090 ad
429 1020 690 1109 jurisdictionem
709 1020 904 1087 ordinariam
923 1022 1082 1106 Episcopi,
1101 1043 1178 1107 per-

57 1143 164 1208 tinent
186 1143 285 1208 etiam
299 1139 341 1206 ad
355 1139 613 1225 jurisdictionem
632 1136 826 1203 ordinariam
842 1139 942 1221 ipsius
953 1139 1092 1218 vicarii,
1122 1160 1178 1205 ex·

59 1259 166 1342 ceptis
182 1256 232 1336 iis,
254 1275 315 1340 pro
333 1255 450 1343 quibus
468 1261 595 1321 constat
613 1255 737 1338 requiri
754 1275 772 1320 a
782 1253 856 1340 jure
875 1254 1014 1337 speciale
1031 1256 1179 1340 Episcopi

58 1372 258 1440 mandatum.
289 1372 421 1458 Requiri
443 1379 553 1466 autem
575 1370 715 1454 speciale
736 1369 924 1435 mandatum
949 1369 1057 1454 quoad
1080 1369 1180 1438 dicto-

57 1509 132 1554 rum
144 1489 292 1554 locorum
309 1507 375 1554 non
393 1495 619 1572 exemptarum
637 1487 864 1565 visitationem,
876 1486 966 1551 nullo
984 1493 1079 1552 textu
1098 1487 1180 1573 juris

57 1613 199 1674 constat.

103 1726 140 1788 2⁰
161 1752 174 1778 α
196 1720 293 1805 Quod
309 1723 336 1788 si
349 1730 460 1787 tamen
475 1719 561 1786 dicta
583 1719 656 1785 loca
679 1720 893 1802 exemptionis
918 1719 1091 1804 privilegio
1109 1720 1186 1788 fue·

61 1871 74 1895 a
94 1842 166 1904 rint
189 1839 325 1918 munita,
344 1856 382 1903 ea
400 1837 470 1903 sine
487 1837 616 1920 speciali
638 1836 787 1920 Episcopi
808 1836 1030 1902 commissione
1049 1837 1181 1904 visitare

60 1986 73 2010 «
91 1974 162 2021 non
174 1954 297 2037 poterit
313 1953 504 2039 (Fagnanus,
522 1951 557 2016 in
575 1956 841 2034 capthamtam,
857 1954 893 2014 de
909 1952 1018 2031 Officio
1036 1954 1178 2034 delmati,

59 2101 73 2126 κ
93 2091 129 2136 n.
149 2068 204 2155 30)
219 2068 378 2155 siquidem
393 2067 566 2133 decretum
579 2065 804 2132 tridentinum
819 2067 902 2153 (loco
915 2066 1038 2153 citato),
1053 2070 1183 2134 tametsi

59 2218 74 2244 a
96 2189 267 2273 loquatur,
285 2194 353 2251 tam
375 2184 417 2251 de
444 2182 609 2249 beneficiis
637 2189 671 2249 et
689 2183 767 2250 locis
795 2186 965 2267 exemptis,
995 2204 1091 2270 quam
1119 2205 1183 2253 nou

59 2335 75 2360 κ
94 2303 259 2385 exemptis
279 2302 327 2389 (ut
339 2308 432 2385 patet
445 2319 486 2365 ex
504 2300 566 2365 illis
582 2300 702 2379 verbis,
717 2306 808 2364 etiam
822 2299 984 2386 ecemptc),
1001 2301 1182 2390 tribuitque

60 2453 74 2477 a
97 2426 279 2506 propterea
293 2418 463 2502 Episcopis
473 2416 527 2503 jus
539 2417 690 2483 visitandi
710 2419 808 2484 etiam
826 2426 981 2504 tanquam
995 2418 1087 2486 Sedis
1102 2421 1184 2506 Apo

60 2570 75 2595 «
97 2537 222 2604 stolicae
236 2534 413 2620 delegatis3
432 2533 541 2620 quoad
555 2535 627 2600 loca
647 2536 826 2600 tamenillis
838 2535 912 2621 jure
931 2536 1094 2603 ordinario
1109 2539 1183 2605 sub-

61 2686 75 2711 «
94 2655 195 2740 iectu,
209 2654 314 2718 noluit
326 2652 399 2718 illos
414 2659 541 2719 arctare
557 2650 601 2716 ad
613 2650 862 2735 procedendum
880 2652 1078 2719 authoritate
1091 2654 1182 2722 dele·

62 2802 77 2829 «
95 2778 185 2856 gata,
206 2767 266 2835 sed
282 2774 410 2834 tantum
428 2766 538 2853 quoad
556 2773 724 2849 exempta,
750 2772 864 2850 utpote
883 2768 916 2831 in
933 2787 1004 2852 quar
1023 2771 1181 2856 Episcopo

63 2918 77 2943 «
97 2887 178 2952 alias
194 2883 247 2970 jus
265 2883 417 2948 visitandi
440 2902 505 2948 non
525 2880 743 2965 competebat.
767 2881 862 2947 Unde
885 2882 952 2968 jam
974 2885 1118 2951 vicarius
1130 2906 1181 2953 re-

61 3035 76 3058 «
94 3008 213 3086 spectu
224 3001 356 3066 illorum
371 3005 607 3083 exemptarum,
628 3001 693 3062 nori
709 2997 831 3080 poterit
846 2999 896 3063 uti
915 2999 1071 3066 facultate
1088 3002 1181 3069 istius

64 3149 78 3175 α
99 3117 242 3195 decreti,
263 3116 323 3180 nisi
336 3116 367 3180 ei
381 3115 565 3199 specialiter
580 3114 621 3179 ab
637 3114 795 3197 Episcopo
803 3113 985 3198 delegetur.
1007 3145 1020 3171 ιι
1047 3116 1179 3204 (Leure-

57 3238 148 3314 nius,
169 3238 347 3299 deVicortts
360 3237 476 3315 Epire,
500 3251 571 3316 cup.
587 3235 618 3310 3,
633 3249 665 3317 q.
687 3229 777 3316 167.)

106 3357 144 3420 3ο
162 3353 213 3417 De
233 3351 375 3416 ecclesiis
404 3350 523 3414 nullius
552 3347 718 3427 dioecesis,
739 3328 836 3414 ‘idem
867 3349 1041 3417 dicendum
1068 3373 1106 3420 ac
1135 3357 1178 3424 de

58 3468 251 3536 memoratis
263 3467 343 3533 locis
362 3467 530 3548 exemptis.
551 3465 632 3530 Cum
646 3483 763 3549 nempe
781 3464 958 3550 Episcopus
971 3469 1102 3538 visitare
1121 3494 1180 3541 ne-

58 3591 173 3672 queat¹
184 3584 246 3648 nisi
257 3601 298 3648 ex
308 3580 399 3648 Sedis
414 3581 604 3666 Apostolicae
620 3580 835 3665 delegatione,
852 3584 1000 3668 sequitur
1014 3588 1146 3655 easdem
1159 3594 1187 3660 a'

58 3699 354 3784 Vicario'generali
374 3717 440 3763 non
463 3717 556 3781 posse
572 3698 711 3778 visitari,
739 3698 855 3764 nisiex
880 3702 1013 3782 speciali
1029 3705 1178 3792 Episcopi

59 3817 298 3886 commissione.
604 3816 606 3821 ’

112 3932 244 3999 «Unde
269 3931 335 4017 jam
360 3932 457 3997 etiam
471 3932 594 3997 lactum
617 3938 677 4010 est,
703 3939 742 3996 ut
759 3931 818 4018 (uti
839 3938 981 3999 testatur
998 3936 1177 4027 Fagnauus)

67 4085 81 4110 ιι
96 4055 196 4119 Sacra
211 4050 426 4134 Congregatic
453 4049 587 4114 concilii
604 4048 794 4127 declaravit,
815 4049 1008 4133 Episcopum
1028 4054 1190 4123 ecclesias

68 4204 81 4227 «ι
98 4176 279 4252 exemptas,
292 4175 349 4233 aut
357 4166 478 4232 nullius
489 4163 647 4243 dioecesis,
662 4163 793 4231 visitare
806 4165 982 4247 volentem,
998 4169 1180 4252 exprimere

68 4285 244 4365 «dehere,
276 4301 312 4348 se
335 4281 370 4348 id
381 4282 491 4348 facere
508 4283 557 4346 uti
580 4279 672 4346 Sedis
701 4279 891 4368 Apostolicae
913 4280 1119 4371 delegatum3
1150 4298 1184 4356 et

67 4433 82 4458 a
97 4419 197 4488 posse
211 4399 309 4465 etiarn
326 4398 398 4463 illas
412 4397 543 4464 visitare
558 4415 619 4481 per
635 4394 800 4462 Vicarium
814 4415 920 4478 suum,
937 4397 998 4466 sed
1016 4419 1098 4484 opus
1113 4423 1184 4473 esse

175 4509 197 4567 l.
1044 4514 1080 4570 28
