2714 4980
468 334 492 373 2
561 336 642 386 rans
662 335 777 384 rurus.
1172 314 1237 387 295

112 467 242 533 mansis
259 459 421 530 terrorem
433 466 609 530 incuteret.
628 465 709 529 ilinc
723 471 758 530 et
769 463 844 549 jure
859 466 1025 543 canonico,
1044 473 1078 531 et
1093 463 1239 549 jurasse.

114 582 314 662 calarinus
330 578 485 658 Romano,
501 582 568 646 sive
580 582 716 646 aliarum
732 583 888 665 gentium,
906 583 1071 664 sapienter
1083 582 1239 648 constitu·

115 706 188 764 tum
212 705 274 776 est,
300 705 420 780 prater
439 694 592 760 domicilii
613 701 647 760 et
669 703 855 761 contractus
875 697 989 780 reique
1010 698 1090 773 sita,
1115 699 1238 763 ratione
1286 774 1289 778 ,

119 815 217 878 etium
243 810 359 876 delicti
386 811 507 877 forum.
539 810 633 892 Quod
658 810 919 896 quomodoque,
941 831 981 877 ex
1005 812 1115 895 legum
1136 813 1240 878 eccle·

119 928 320 994 destiturum
343 927 596 1012 prascriptione,
620 928 785 1004 sortiatur,
807 928 922 1011 patefit
951 928 1163 1012 sequentibus
1188 946 1240 993 re·

118 1043 216 1128 gulis.

121 1194 126 1199 ·
160 1162 303 1227 Renum
328 1163 369 1226 1¹.
395 1195 441 1206 -
462 1164 588 1225 Ratione
610 1162 714 1224 delicti
735 1165 858 1241 quisque
882 1162 1064 1242 reputariter
1083 1163 1240 1242 subjicitur

111 1281 324 1360 jurisdictioni
341 1279 426 1340 illius
450 1278 609 1340 ordinarii
625 1281 658 1338 in
675 1280 759 1357 cujus
782 1281 934 1338 territoria
952 1278 1095 1356 deliquit,
1121 1281 1241 1338 etiamsi

116 1397 196 1458 alias
214 1400 243 1457 ei
255 1414 316 1458 naa
329 1399 372 1457 sit
388 1397 544 1475 subjectus.
570 1429 617 1442 -
639 1392 773 1456 Constat
793 1411 835 1456 ex
854 1390 978 1474 pluries
1006 1392 1105 1458 citato
1130 1391 1237 1476 capite

118 1514 200 1575 lieet
218 1509 291 1597 (20,
313 1508 401 1573 tituli
421 1513 452 1587 2,
469 1509 547 1573 libri
561 1512 580 1573 2
595 1505 835 1592 decretalium),
854 1508 911 1573 ubi
928 1526 1082 1591 expresse
1098 1508 1241 1580 habetur

118 1633 238 1691 ratane
258 1629 374 1707 delicti,
399 1646 450 1689 seu
468 1633 649 1704 contractus,
676 1633 731 1687 aut
753 1627 917 1704 domicilii,
943 1630 1005 1687 sive
1020 1630 1065 1687 rei
1078 1642 1240 1709 quemque

95 1746 301 1826 ,reputariter
315 1742 424 1808 forum
442 1741 561 1807 sortiri.
583 1743 667 1807 ltem
687 1743 792 1824 capite
817 1744 847 1819 1,
870 1742 959 1806 tituli
978 1744 1029 1819 17,
1047 1741 1124 1806 libri
1143 1743 1161 1805 5
1182 1740 1241 1806 de-

117 1859 291 1925 cretalium
310 1859 355 1924 sic
376 1857 566 1924 decernitur
587 1879 594 1923 :
616 1862 661 1922 Dc
679 1860 744 1919 illis
766 1864 937 1938 autumpni
957 1860 995 1921 de
1018 1859 1131 1920 lacaad
1145 1860 1240 1920 lacum

116 1982 176 2040 iter
189 1979 319 2057 saciant,
343 1983 373 2039 et
390 1979 433 2039 ibi
451 1981 576 2058 rapinas
589 1982 619 2038 et
633 1975 871 2056 depraedationes
881 1979 1045 2055 perapunt,
1062 1975 1189 2054 placuit,
1206 1982 1241 2038 ut

117 2095 157 2156 ab
170 2097 259 2156 illius
275 2096 334 2155 loci
347 2095 480 2156 Pratato
502 2096 810 2170 excommunicentum·
825 2108 877 2154 naa
891 2097 961 2153 ante
975 2092 1085 2152 cailla
1096 2090 1241 2171 parocbia

115 2216 239 2288 exeant,
261 2229 350 2291 quam
369 2211 459 2289 dipne
473 2228 537 2289 qua
550 2215 767 2290 perpetrarunt
785 2209 941 2270 emendent
953 2226 963 2268 .·
981 2225 1106 2288 qaorum
1125 2224 1242 2269 exeom-

115 2330 282 2391 municatio
296 2331 422 2406 proprio
436 2318 580 2406 Episcopo
601 2324 803 2407 siqnifiaanda
816 2331 871 2402 est,
890 2342 927 2386 na
944 2342 992 2386 aas
1007 2329 1133 2406 recipiat
1156 2331 1241 2387 ante·

116 2462 210 2526 quam
222 2444 296 2505 illua
309 2444 434 2505 redeant
445 2445 497 2504 abi
509 2447 649 2523 rapinam
657 2444 793 2522 seaeant,
807 2447 837 2503 et
850 2446 951 2503 omnia
962 2444 1051 2521 plene
1073 2443 1238 2504 emendant.

116 2562 205 2626 Item
225 2559 331 2641 capite
357 2559 409 2635 14,
430 2559 519 2623 tituli
541 2562 573 2637 2,
594 2558 669 2624 libri
691 2562 709 2622 2
731 2556 945 2623 decretalium
969 2580 975 2623 :
1002 2561 1170 2623 Postulasti
1187 2579 1242 2642 per

117 2680 227 2742 Saulem
243 2678 442 2758 Apostoliaam
457 2679 584 2755 edoceri,
605 2684 709 2740 atnam
731 2679 868 2740 sacerdos
891 2678 1001 2739 babens
1023 2680 1189 2741 Ecclesiam
1208 2682 1242 2740 in

116 2812 180 2858 ana
193 2796 323 2874 elianam,
344 2800 374 2855 et
387 2796 519 2856 residens
532 2798 566 2856 in
582 2797 696 2872 malem,
717 2794 902 2855 domicilium
920 2811 990 2854 cero
1003 2798 1181 2874 patrimonii
1194 2813 1242 2855 ra·

118 2915 200 2974 tiana
211 2915 246 2973 in
259 2911 334 2989 alia,
352 2911 395 2971 ibi
408 2911 594 2991 delinquens,
609 2912 652 2990 ,ab
666 2929 699 2972 aa
712 2915 745 2973 in
760 2915 843 2992 cnjus
857 2911 974 2972 diaaesi
991 2910 1078 2972 balat
1092 2915 1241 2990 patrimo·

116 3033 204 3090 nium
214 3045 273 3107 pro
287 3027 395 3088 delicta
414 3028 525 3089 ibidem
541 3031 696 3088 commissa
717 3027 822 3089 dabam
838 3027 991 3106 judicari·
1012 3029 1183 3106 prasertim
1207 3030 1241 3088 in

118 3148 220 3206 causis
238 3162 302 3223 qua
313 3142 404 3221 afflati
415 3147 473 3222 sui,
487 3162 541 3204 seu
555 3142 689 3220 beneficii
701 3147 902 3223 privationem
911 3148 1083 3222 capescunt.
1103 3143 1150 3205 Aa
1163 3144 1242 3222 quod

118 3262 251 3322 breuiter
273 3262 493 3340 respondemus,
504 3249 594 3340 vqnod
607 3278 664 3340 par
681 3262 860 3341 Episcopum
878 3264 911 3322 in
929 3264 1013 3341 cajus
1033 3261 1150 3323 diecesi
1164 3262 1241 3324 cleli-
1349 3295 1351 3298 ⁴

116 3379 184 3456 quit
199 3379 347 3451 sententia
361 3375 553 3455 promalpari
563 3380 678 3457 poterit
697 3380 730 3437 in
748 3377 893 3438 eumdem.
916 3377 976 3439 Sed
992 3377 1029 3437 ab
1048 3395 1082 3438 aa
1103 3382 1137 3439 in
1156 3381 1240 3458 cujus

116 3493 238 3555 diaecesi
252 3491 423 3568 beneficiam
437 3494 560 3572 obtinet,
576 3497 635 3554 erit
648 3494 834 3572 panadillual
848 3499 981 3556 enecatio
994 3497 1144 3575 facienda.
1161 3494 1241 3559 Con·

118 3605 236 3673 cordat
257 3604 311 3690 jus
330 3608 509 3672 Romanum
537 3607 732 3694 (authentica
754 3630 812 3692 pua
832 3616 865 3674 in
878 3617 1049 3692 prouincia,
1074 3631 1103 3675 c.
1127 3614 1184 3675 Ubi
1203 3616 1240 3677 de

116 3726 296 3788 criminibus
309 3731 361 3805 api
373 3720 531 3808 oporteat).
551 3727 599 3789 Ex
614 3726 710 3791 biset
726 3727 795 3791 aliis
813 3727 959 3792 textibus
983 3734 1108 3792 certum
1123 3732 1183 3803 est,
1206 3733 1240 3792 et

116 3835 344 3902 edacioribus
362 3854 424 3919 pro
441 3838 585 3920 generali
609 3840 722 3923 regula
746 3839 936 3916 admissum,
955 3818 1100 3924 *ajudice
1120 3839 1183 3904 loci
1205 3840 1239 3905 in

116 3972 184 4040 quo
203 3953 275 4037 quis
294 3951 445 4037 deliquit,
466 3973 559 4037 posse
576 3974 650 4020 eum
662 3944 812 4039 judicari.

140 4067 244 4149 'Qum
266 4069 379 4152 regula
403 4071 583 4153 quemlibet
606 4073 802 4156 generaliter
823 4072 1067 4155 delinquentem
1084 4073 1236 4157 attingit3

116 4205 157 4253 sc
170 4184 310 4270 proinde
324 4186 410 4268 ipsos
421 4188 519 4252 etium
533 4189 668 4255 clericos
680 4211 688 4273 3
702 4189 759 4273 qui
775 4190 801 4254 si
818 4191 851 4253 iu
866 4189 969 4254 aliena
985 4187 1118 4254 dioecesi
1134 4188 1238 4256 delin-

118 4312 234 4391 quant,
252 4322 272 4368 a
285 4300 394 4388 judice
408 4304 626 4373 ecclesiastico
643 4307 707 4371 loal
720 4306 806 4371 illius
819 4305 959 4391 J'udicari
976 4313 1122 4390 possunt.

161 4420 248 4486 item
271 4418 461 4485 extenditur
483 4420 571 4486 dicta
594 4423 754 4506 generalis
775 4423 889 4507 regula
908 4420 951 4490 cd
969 4421 1140 4509 quodlibet
1155 4420 1236 4490 deli·
