2714 4980
123 315 185 377 454
469 329 657 379 mortuns
679 329 724 378 mr
745 329 896 380 mamus.

124 455 202 521 «tia
220 456 306 520 enim
320 453 441 534 docuit,
460 453 549 539 quod
571 454 730 537 Episcopi,
751 456 812 520 etsi
838 438 1019 539 participes
1035 476 1101 522 non
1114 457 1177 521 sint
1189 455 1232 522 de·

119 595 140 636 ·«
153 573 310 638 lictorum
336 572 370 634 in
400 569 502 637 officio
540 571 782 637 commissorum
813 592 831 636 a
858 572 1014 650 Vicario,
1037 580 1172 651 tamen,
1202 593 1233 638 ne

119 688 512 756 'evideantu1·Vicarium
534 689 723 771 imperitum
746 689 799 753 vel
823 688 1014 772 improbum
1043 689 1199 755 tolerasse
1209 697 1234 754 ct

121 804 205 870 nsibi
225 811 412 886 coaptasse,
430 800 550 867 delicta
564 801 767 868 abscondere
783 803 836 868 vel
855 803 971 869 saltem
987 807 1158 870 minorare
1174 823 1234 887 pro

121 927 287 1002 «curant;
302 917 383 984 adeo
393 925 430 982 ut
445 917 600 994 fautores,
621 925 656 982 et
673 918 799 1000 proprii
816 918 948 984 honoris
963 919 1173 997 defensores,
1191 938 1235 1002 po

120 1059 137 1099 a
154 1037 218 1100 tius
234 1054 330 1120 quam
345 1033 472 1119 judices
488 1032 644 1099 censendi
656 1035 730 1098 sint.
752 1058 768 1095 a
793 1035 983 1122 (Monacelli,
995 1037 1074 1102 loco
1092 1034 1211 1120 citato.)

161 1152 248 1235 Quid
263 1171 343 1219 vero
359 1153 385 1215 si
400 1151 547 1215 Vicarius
563 1151 724 1234 generalis
736 1152 887 1236 Episcopi
902 1153 943 1218 sit
954 1153 1134 1237 religiosus
1148 1173 1235 1218 exen-

116 1270 216 1355 ptus?
229 1266 459 1334 Difficuliatem
479 1267 575 1331 solvit
603 1267 798 1332 Monacellus
811 1268 845 1331 in
871 1266 958 1332 hunc
982 1269 1143 1334 modum:
1175 1271 1234 1333 l⁰si

124 1387 304 1470 Episcopus
319 1386 416 1449 talem
435 1384 597 1448 vicarium
613 1383 732 1449 habeat
751 1389 788 1448 dc
814 1389 934 1450 licentia
957 1389 1062 1450 sacra
1082 1390 1235 1469 Conprepe

124 1484 225 1581 tionis,
242 1509 396 1568 censetur
409 1502 497 1583 Papa
512 1502 725 1584 exemptionis
739 1503 944 1587 privilegium
958 1504 1144 1582 sustulisse,
1156 1504 1185 1568 in
1199 1504 1237 1568 his

121 1639 193 1706 quae
208 1618 250 1685 ad
267 1617 489 1703 ejusofficinm
503 1619 670 1701 pertinent
688 1639 694 1684 :
712 1618 800 1684 unde
812 1620 921 1703 puniri
934 1628 1098 1704 poterunt
1111 1621 1181 1686 talis
1194 1620 1236 1685 Vi-

118 1738 196 1802 carii
213 1736 373 1821 generalis
388 1734 518 1813 delicta,
536 1737 570 1799 in
591 1735 694 1801 officio
716 1755 775 1800 suo
794 1738 979 1815 commissa,
1007 1737 1151 1822 perinde
1172 1739 1237 1802 acsi

117 1849 207 1920 foret
224 1854 395 1918 secularis.
415 1855 449 1915 2⁰
475 1852 506 1916 Si
526 1871 607 1916 vero
628 1853 729 1918 talem
747 1854 911 1918 vicarium
931 1853 1054 1920 haheat
1074 1854 1237 1938 Episcopus

116 1975 153 2035 dc
169 1974 290 2033 licentia
307 1976 402 2050 ipsios
417 1974 581 2049 superioris
603 1976 733 2048 tontum,
754 1967 981 2053 distinguenda
1007 1967 1083 2053 ejus
1105 1968 1234 2035 delicta:

115 2089 169 2153 vel
186 2087 271 2152 enim
280 2085 393 2149 turbat
405 2083 664 2169 jurisdictionem
671 2084 910 2168 Archiepiscopi
927 2085 1035 2172 (verbi
1051 2088 1168 2170 gratia,
1183 2105 1236 2150 non

117 2200 320 2270 admittendo
337 2202 588 2284 appellationem
604 2199 646 2265 ad
670 2201 793 2265 curiam
808 2201 1117 2285 Metropolitanam,
1135 2201 1237 2266 inhibi-

116 2322 281 2385 tionemve
297 2317 538 2400 Archiepiscopi
553 2314 817 2401 contemnendo);
841 2325 875 2382 et
889 2325 968 2382 tunc
983 2320 1098 2401 puniri
1112 2319 1232 2402 poterit,

117 2416 357 2518 nonftanquam
376 2432 590 2518 jurisdictioni
618 2433 858 2516 archiepiscopi
885 2432 1068 2519 subjectns,
1095 2434 1155 2500 sed
1176 2442 1236 2499 tan-

116 2552 215 2638 'quam
229 2549 463 2636 jurisdictionis
482 2548 551 2634 ejus
565 2549 797 2632 perturbator:
815 2551 869 2615 vel
880 2550 942 2615 alia
955 2558 1033 2615 sunt
1044 2550 1118 2637 ejus
1130 2551 1236 2617 delicta

121 2668 213 2754 (puta
231 2664 320 2751 qnod
335 2666 511 2730 sententias
524 2665 889 2749 proferatohfavorem,
908 2667 1096 2749 pecuniam,
1118 2675 1153 2734 et
1167 2666 1236 2732 simi·

119 2785 161 2850 lia
183 2783 303 2847 motiva
329 2778 484 2866 sordida);
504 2789 537 2846 et
550 2782 667 2846 instrui
682 2780 813 2866 quidem
838 2789 950 2848 contra
973 2802 1052 2848 enm
1077 2798 1236 2868 processus

120 2899 254 2984 poterit;
271 2897 329 2963 scd
355 2897 464 2982 quoad
487 2905 627 2981 posnam,
647 2898 690 2964 ob
717 2899 931 2982 exemptionis
958 2890 1180 2985 priuilegium,
1202 2894 1235 2961 ad

15 3055 17 3059 -
121 3017 290 3100 proprium
303 3034 398 3080 snum
407 3015 571 3098 religionis
585 3016 790 3099 superiorem
809 3015 1031 3081 remittendus
1046 3025 1110 3082 est.
1129 3017 1235 3103 (ilona-

121 3134 205 3212 calli,
216 3138 309 3217 parte
328 3134 359 3211 3,
381 3132 432 3195 tit.
445 3130 590 3208 ⁴i,form.
605 3133 658 3209 32,
677 3151 711 3194 n.
734 3134 772 3197 13
792 3136 827 3196 et
846 3128 932 3215 seq.)

639 3381 729 3459 §lit

281 3601 341 3650 Num
355 3600 395 3664 qui
408 3601 476 3649 desiit
491 3615 542 3650 esse
554 3602 662 3651 Vicarins
676 3603 792 3665 generalis
803 3603 925 3664 subjaceat
937 3601 1095 3664 syndicatuii

170 3831 317 3899 Vicarius
339 3831 499 3916 generalis
521 3852 586 3897 non
604 3839 713 3914 potest
737 3851 756 3896 a
779 3847 967 3897 successore
984 3831 1137 3916 Episcopi
1157 3828 1233 3914 cujus

116 3951 190 4016 tuit
212 3950 359 4015 vicarius
382 3953 555 4032 spadicam,
581 3947 678 4027 idest,
701 3949 775 4033 cogi
804 3947 847 4014 ad
861 3946 1070 4022 reddendam
1092 3950 1233 4014 rationem

128 4068 413 4134 administrationis
438 4087 502 4133 sna
518 4068 579 4133 suh
597 4067 800 4152 precedenti
821 4067 993 4150 Episcopo,
1010 4075 1046 4133 et
1071 4085 1134 4152 pro
1150 4064 1232 4130 male

129 4184 352 4268 iaetispuniri.
378 4214 390 4239 «
405 4184 610 4268 Respondeo,
628 4187 674 4250 ait
693 4185 883 4262 Laurenius,
907 4182 1001 4250 illum
1023 4185 1164 4251 liberum
1177 4196 1231 4248 esse

134 4323 150 4360 ι(
159 4301 208 4365 ab
223 4300 406 4385 hujusmodi
422 4301 628 4385 obligatione,
648 4303 700 4366 cui
714 4300 886 4386 subjicitur
899 4301 987 4366 solus
1002 4302 1149 4366 Vicarius
1163 4296 1230 4380 capi·

135 4412 157 4478 n'
168 4415 239 4493 tuli,
254 4417 347 4481 etalii
358 4415 508 4482 officiales
522 4416 609 4482 sedis
623 4419 800 4483 vacantis.»
813 4417 1008 4504 (Dthcora'is
1019 4421 1224 4500 Episcopoma,
