2714 4980
126 286 188 355 334
470 303 656 352 raacrarns
678 304 723 351 oa
744 304 891 354 sumens.

125 424 276 497 doctol'es
294 416 601 513 postulassetis
621 428 843 514 juramentum
855 420 897 496 ab
911 429 1032 498 letare
1049 423 1182 520 dudulim
1193 443 1220 501 et

124 557 203 616 tunc
217 545 352 632 prodest
366 546 435 611 Reo
449 553 561 612 contra
576 565 748 630 personam
761 546 932 616 dumtaxat
944 538 1089 634 Actoris3
1105 554 1168 616 noir
1178 556 1223 618 au·-

122 673 192 732 tem
207 666 321 730 'contra
333 660 422 741 alios,
433 661 527 728 verbi
538 661 651 746 gratia,
661 670 773 731 contra
785 656 930 750 judicem
944 667 1001 751 qui
1011 672 1127 734 cunda
1137 654 1225 734 llenm

124 801 166 847 ex
188 779 290 845 officio
303 762 483 862 procedere
504 764 605 845 vellet
628 788 636 844 ¹:
657 778 717 845 sed
736 788 778 844 an
796 781 896 864 possit
914 781 1004 848 Reus
1027 781 1112 850 illud
1133 782 1227 850 llctori

124 893 267 975 deferre,
285 894 554 961 controvertitur:
571 888 706 962 nonnuli
716 896 802 960 enim
816 892 934 980 pututlt
948 894 984 965 id
998 896 1070 964 lleu
1083 908 1149 964 non
1162 888 1227 966 lice:

16 1008 19 1012 ⁴
123 1020 172 1091 re,
185 1014 259 1099 quia
269 1020 343 1078 curn
352 1026 418 1077 non
432 1013 473 1077 sit
488 998 717 1078 dominusvltae
732 1031 797 1077 suae
812 1018 845 1078 et
856 1020 990 1084 suoruln
1002 1016 1224 1097 membrorum,

123 1150 189 1197 non
198 1136 308 1215 potest
317 1128 538 1214 juramentum
545 1124 656 1194 Actori
674 1114 866 1210 deferendo,
883 1142 956 1198 sese
967 1123 1119 1216 periculo
1131 1135 1228 1200 morus

122 1254 179 1313 ant
196 1246 405 1313 mutilationis
420 1250 595 1329 exponere.
620 1236 712 1333 (Vide
728 1246 1026 1333 Schmaltgrneber,
1052 1249 1089 1314 ln
1108 1252 1159 1316 tit.
1181 1252 1225 1329 ll,

122 1363 198 1429 libri
213 1366 232 1427 2
247 1362 437 1440 decret.,'n.
459 1359 549 1446 117.)

170 1484 203 1544 5⁰
224 1479 365 1545 Effectus
374 1478 552 1564 juramenti
562 1477 828 1564 extra-judicialis
847 1482 898 1546 est
914 1477 1036 1546 decula
1050 1486 1154 1547 causa
1167 1500 1226 1548 con·-

121 1598 290 1663 troversae.
312 1595 345 1660 Is
364 1593 450 1660 enim
474 1593 529 1679 qni
551 1592 723 1661 deferente
741 1593 928 1661 adversario
947 1593 1073 1679 juravit
1088 1608 1156 1663 rem
1167 1614 1224 1662 esso

122 1731 224 1791 suam,
241 1708 298 1777 au't
311 1730 345 1776 se
365 1708 551 1775 debitorem
567 1726 633 1774 non
651 1729 740 1788 esse,
768 1713 873 1776 victor
899 1707 1029 1794 etadlt3
1052 1722 1116 1777 net
1136 1714 1225 1778 min'ul

121 1826 259 1908 acquirit
271 1823 363 1908 juris,
384 1830 479 1908 quain
501 1823 528 1887 si
548 1828 623 1888 cuitr
638 1823 828 1890 adversario
850 1827 1074 1909 transegisset,
1097 1830 1153 1894 ’aut
1169 1834 1225 1893 seit

120 1942 257 2006 tentiam
267 1938 453 2024 judicialem
469 1957 529 2022 pro
548 1958 582 2004 se
598 1939 799 2004 obtinuisset.
824 1941 875 2005 Ita
889 1948 928 2006 ut
951 1941 977 2005 si
1002 1938 1122 2007 eadem
1144 1949 1224 2008 causa

120 2054 163 2120 ad
185 2052 328 2140 J'ndicem
344 2061 459 2138 postea
476 2050 674 2137 perferatur,
695 2041 856 2122 debeatis
871 2056 1071 2140 regulariter
1091 2056 1222 2142 judicare

118 2171 211 2256 juxta
238 2172 273 2238 id
298 2170 386 2255 quod
413 2169 558 2255 juratum
586 2176 647 2235 est.
678 2171 741 2253 Qui
765 2178 874 2238 autem
897 2171 1119 2257 juramentum
1143 2171 1223 2240 deta*

120 2288 169 2366 lit,
184 2289 211 2354 si
225 2288 380 2354 damnum
398 2285 473 2352 inde
493 2286 647 2370 patiatur,
670 2285 772 2352 debet
790 2289 851 2353 sibl
876 2289 1061 2374 imputare3
1088 2291 1162 2376 quia
1181 2288 1222 2354 do

120 2403 259 2470 ferendo
276 2403 507 2488 juramentum,
526 2403 686 2468 consensit
700 2411 738 2468 ut
755 2404 793 2468 lis
805 2402 899 2488 Juxta
913 2423 984 2470 rem
1001 2404 1145 2490 juratam
1166 2403 1222 2470 fird-

122 2524 227 2585 retur.

164 2636 315 2717 Qunsrrc
338 2638 382 2700 3¹.
409 2672 455 2685 —
477 2640 551 2717 Qnoe
569 2640 611 2699 sit
631 2654 735 2698 norme
743 2638 1083 2719 joromentljndiciolts
1098 2641 1221 2702 colunto·

118 2756 182 2814 rit?
199 2788 245 2800 -
270 2755 302 2815 1⁰
324 2751 393 2816 Hoc
414 2753 543 2817 nomine
570 2749 759 2834 designatur
775 2751 1009 2835 J'uramentum,
1031 2757 1112 2835 quod
1133 2773 1221 2836 oppro

118 2871 206 2932 tonte
216 2871 496 2952 jndiceporspo'rtl
510 2875 542 2931 in
554 2869 672 2950 judicto
683 2869 791 2947 defert,
810 2888 845 2930 eo
857 2870 964 2950 tepent
982 2875 1010 2932 si
1018 2875 1130 2953 jurare
1141 2876 1218 2946 nortl,

118 2986 226 3067 absque
239 2987 379 3049 alteriori
385 2996 527 3066 processo
541 2988 699 3047 otctortonc
718 2987 863 3048 obtineat.

163 3106 197 3166 2⁰
221 3102 327 3167 Semel
349 3099 493 3166 delatum
517 3099 557 3164 ab
584 3119 649 3164 una
668 3107 762 3183 parte
781 3119 855 3164 cnm
878 3118 1009 3166 assensu
1025 3100 1155 3186 judicis,
1181 3118 1223 3166 nt·

2 3219 4 3224 '
118 3217 189 3301 quit
206 3216 248 3282 ab
267 3217 369 3281 altera
385 3221 478 3299 parte
495 3215 657 3298 recusari;
686 3215 746 3280 nisi
769 3214 859 3280 nlallt
884 3214 967 3281 illud
993 3213 1159 3284 deferenti
1182 3236 1222 3283 re

119 3322 222 3398 ferre.
1161 3390 1166 3399 .

162 3452 197 3514 30
219 3450 267 3516 An
288 3446 386 3513 Actor
402 3448 457 3533 qui
475 3447 555 3513 nihil
575 3445 682 3514 adhuc
702 3448 855 3530 probavit
872 3449 974 3532 possit
989 3448 1060 3516 lleo
1077 3448 1224 3536 juramen

117 3571 188 3632 tum
203 3564 359 3633 deferre?
375 3565 638 3632 controvertitur
651 3562 737 3652 (vide
755 3564 1058 3649 Schmadzgrueber,
1072 3569 1107 3633 in
1118 3569 1168 3633 tit.
1179 3566 1222 3640 ll,

117 3645 525 3765 miradecret.‚n.25).
1102 3657 1104 3663 ’

160 3803 196 3866 40
219 3801 251 3865 Si
262 3800 289 3864 is
300 3800 353 3864 cui
364 3797 585 3882 juramentum
596 3795 758 3877 defertur,
775 3797 897 3883 absque
910 3795 997 3883 justa
1012 3816 1110 3865 cansa
1126 3798 1224 3886 jurare

117 3925 258 3996 recuset,
275 3918 329 3982 vel
339 3915 563 4000 Juramentnm
577 3913 672 3978 alteri
687 3917 774 3998 parti
791 3914 929 3996 referre,
952 3922 1114 4002 tanquam
1129 3914 1226 3983 conri-

116 4041 189 4099 ctns
216 4029 480 4099 condemnandus
499 4037 559 4095 est.
589 4031 716 4096 Dantur
736 4037 846 4095 autem
874 4033 988 4116 aliquae
1009 4031 1107 4117 justa
1136 4036 1225 4100 causa*

115 4134 336 4235 juramentum
349 4145 541 4213 recusandi:
560 4146 655 4213 verbi
674 4147 787 4229 gratia,
806 4149 832 4212 si
848 4145 1023 4228 deferenti,
1048 4151 1103 4217 vel
1116 4150 1160 4216 ub
1174 4146 1226 4214 lori

115 4258 410 4350 incompetentiam,
432 4264 487 4329 vel
506 4263 567 4327 alia
585 4284 626 4327 ex
643 4282 737 4328 cansa
754 4265 837 4329 actio
858 4282 923 4328 non
955 4273 1144 4350 competat:
1161 4265 1186 4330 si
1204 4263 1226 4326 ls

116 4383 169 4448 oui
184 4382 333 4448 defertur
346 4380 413 4467 jain
424 4383 521 4466 plene
526 4378 579 4465 jus
590 4400 684 4449 sunm
696 4381 847 4466 probavit
859 4398 921 4465 per
928 4389 1044 4462 testea,
1060 4391 1125 4449 etc.
1144 4378 1225 4469 (Vide
