2714 4980
493 272 573 322 runs
598 271 756 321 sacunnu.
1121 253 1180 318 471

58 399 306 485 prerogativa
325 399 359 465 4⁰
377 418 420 468 an
437 399 619 465 necessario
637 399 670 462 iu
684 398 829 481 qnalibet
847 397 1026 482 episcopali
1042 396 1131 461 curia
1145 399 1187 461 sit

59 512 332 598 masticandum
356 517 389 581 5⁰
408 534 452 583 an
476 522 510 582 et
536 515 570 581 in
591 513 662 580 aliis
684 513 781 582 curiis
805 512 1045 596 ecclesiasticis;
1071 514 1107 578 6(ι
1129 511 1195 577 ud·'

60 628 213 701 dentium
231 629 363 716 quinam
373 627 523 696 advocati
537 629 934 733 Fiscalcsnuncnpentun

594 878 666 954 51.

445 1097 507 1158 Quid
531 1099 562 1147 cit
582 1099 702 1148 Promotor
716 1095 812 1146 lineolis.
890 1147 891 1150 Ἴ

111 1329 143 1392 1.
166 1326 249 1394 Cum
262 1329 436 1395 Promotor
448 1325 566 1394 fiscalis
587 1344 711 1392 suamc
727 1327 799 1405 nico
813 1325 1111 1395 denominationem
1125 1338 1192 1396 tra·

57 1444 131 1520 bct,
148 1441 417 1527 praemittendum
433 1451 484 1508 cst
505 1441 585 1527 qnid
598 1461 660 1527 per
674 1440 789 1509 fiscum
808 1440 851 1528 (l)
868 1443 975 1527 ipsum
991 1445 1026 1509 in
1045 1444 1121 1529 jure
1138 1464 1191 1512 so-

57 1560 131 1631 leat
143 1557 295 1640 intelligi.
312 1559 510 1642 Designatur
524 1563 634 1623 antem
647 1577 708 1641 per
728 1557 829 1623 hocce
845 1558 1053 1640 vocabulum,
1072 1569 1188 1644 primu,

57 1674 96 1739 in
111 1674 270 1739 strictiori
286 1673 426 1758 quodam
441 1682 475 1740 et
490 1674 596 1739 minus
614 1672 779 1740 ordinario
792 1692 920 1741 sensu«
937 1693 1026 1742 cassu
1043 1696 1103 1742 seu
1117 1696 1193 1749 uteo

63 1811 81 1851 «
98 1789 291 1867 communis,
301 1797 451 1855 constans
464 1788 602 1873 pecunia
616 1789 667 1860 vel
677 1788 738 1855 alia
748 1789 896 1875 quapiam
909 1810 959 1869 rc,
970 1789 1013 1856 ud
1027 1811 1121 1858 usum
1135 1805 1193 1879 pn·

64 1930 81 1966 a
102 1905 239 1982 blicum,
250 1906 305 1973 vel
320 1904 513 1988 dignitatem
528 1905 712 1986 regentium
722 1904 977 1970 conservandam
987 1904 1160 1973 destinata.
1173 1929 1191 1970 u

110 2023 162 2087 Ita
174 2022 355 2087 Leurenius
373 2022 495 2108 (Forum
506 2024 745 2100 ecclesiasticum,
766 2027 847 2086 tom.
869 2023 901 2098 2,
919 2022 1096 2106 quaestione
1112 2027 1191 2102 800,

63 2159 99 2204 ιι.
116 2135 163 2221 7);
179 2144 255 2221 post
280 2138 454 2204 Mullcrum
473 2134 526 2223 (ad
542 2136 665 2216 Strup,
686 2136 720 2199 in
743 2135 775 2199 ff.
793 2139 830 2199 de
851 2141 994 2219 Usncnp„
1012 2158 1044 2202 n.
1067 2135 1132 2222 10).
1152 2139 1190 2205 In

64 2273 135 2340 quo
154 2273 252 2320 sensu
265 2253 354 2319 idem
372 2261 466 2318 sonat
476 2254 586 2318 Fiscus
598 2270 634 2317 ac
648 2255 961 2333 erorinmpnblicnrn.
983 2257 1128 2334 Secundo,
1143 2274 1194 2319 or·

66 2368 196 2435 dinarie
209 2376 332 2448 tamen,
347 2376 381 2434 et
392 2368 524 2452 proprio
531 2366 613 2451 juris
628 2386 734 2445 sensu,
745 2367 854 2432 Fiscus
866 2368 1033 2433 «Sumitur
1048 2375 1192 2452 prototo

68 2505 86 2544 a
105 2486 216 2571 aliquo
229 2485 416 2561 collectim,
430 2503 489 2550 scu
505 2484 718 2549 universitate
730 2501 853 2562 rerum,
872 2485 1083 2566 pecuniarum
1098 2494 1132 2551 et
1140 2486 1193 2573 ju-

67 2626 83 2662 «
102 2603 201 2679 rium,
217 2599 260 2666 ad
272 2600 507 2682 rempublicam
521 2599 738 2682 spectantium
747 2621 755 2682 ;
780 2600 826 2663 ita
840 2608 888 2676 ut,
910 2599 998 2684 quod
1016 2603 1050 2665 in
1063 2605 1192 2684 privato

68 2743 85 2780 e
104 2727 156 2786 est
170 2717 415 2801 patrimonium,
436 2713 519 2781 illud
530 2716 564 2779 iu
572 2714 738 2798 republica
748 2715 789 2781 sit
800 2716 922 2780 Fiscus.
937 2716 1033 2785 Unde
1049 2717 1192 2795 describi

67 2860 85 2897 «
103 2839 218 2925 potest
238 2834 325 2921 (cum
343 2832 519 2909 lauterbo,
541 2828 583 2894 ad
598 2828 631 2895 ff.
652 2833 689 2895 de
703 2834 776 2893 Jnre
794 2831 872 2910 fisci,
894 2829 958 2915 54)
972 2831 1061 2916 quod
1076 2834 1118 2899 sit
1131 2855 1192 2918 po·

67 2977 85 3014 n
103 2958 283 3016 trimontium
301 2951 482 3031 reipublice,
502 2967 548 3010 res
574 2967 673 3010 omnes
687 2955 717 3011 et
724 2952 801 3030 jura
816 2951 857 3010 cd
867 2951 1021 3030 peculiare
1031 2956 1094 3033 nnc
1113 2969 1192 3017 conr-¹

67 3091 85 3130 ιι
106 3071 232 3133 modurn
241 3071 429 3150 pertinentia
441 3063 698 3144 comprehendens,
721 3065 905 3127 utilitatibus
920 3072 949 3126 et
966 3069 1190 3130 necessitatibus

70 3189 234 3271 «publicis
259 3189 449 3247 inserviens:
471 3180 681 3265 lungiturque
708 3180 842 3265 mystice
873 3200 932 3247 seu
956 3183 1095 3251 civiliter
1118 3185 1210 3273 vicej

66 3329 83 3366 «
102 3321 273 3389 personae3
297 3298 375 3365 dum
396 3295 438 3362 de
453 3315 493 3362 cc
513 3296 603 3379 quasi
618 3295 661 3362 de
682 3315 820 3380 persona
837 3299 944 3384 aliqua
960 3300 1125 3386 loquimur
1142 3301 1191 3371 di-

67 3418 230 3486 ocendo:
250 3417 361 3483 Fiscus
389 3412 548 3490 succedit,
576 3413 748 3493 contrabit,
773 3416 902 3494 alienat,
923 3418 1038 3503 litigat,
1063 3421 1190 3506 absque
1317 3488 1323 3500 ,

67 3563 85 3599 a
102 3536 184 3608 iacit
200 3553 262 3618 per
280 3531 456 3599 advocatus
474 3536 508 3596 et
519 3536 749 3613 procuratores
769 3551 855 3600 suos.
876 3563 889 3588 »
913 3534 1120 3621 (Lcnrenius,
1132 3541 1191 3603 Fo-

61 3673 138 3733 rum
151 3653 393 3728 ecclesiasticum,
415 3655 495 3717 tom.
513 3650 546 3724 3,
565 3654 677 3731 quaest.
699 3649 776 3726 460,
790 3669 824 3714 n.
844 3647 888 3733 l.)

114 3771 147 3834 2.
162 3767 245 3833 Hinc
256 3765 323 3850 jam
336 3762 526 3845 intelligitur
538 3759 616 3846 quid
633 3761 696 3832 sint
719 3761 839 3830 fiscane
854 3763 952 3850 jura:
978 3765 1054 3832 sunt
1071 3785 1190 3852 nempe

40 3919 42 3923 ·
60 3887 142 3974 Jnru
155 3884 244 3953 illius
249 3900 387 3966 persone
399 3880 488 3959 ficte,
510 3895 580 3962 quae
600 3878 711 3951 Fiscus
726 3887 875 3946 vocatur.

102 4095 139 4157 (l)
158 4093 251 4141 Fiscus
264 4088 344 4141 latinis
359 4085 453 4148 proprie
466 4090 516 4134 crat
532 4085 720 4145 pastiaticum,
734 4086 881 4148 iunceumuc,
895 4092 935 4135 aut
947 4099 974 4135 ex
989 4087 1036 4136 alic
1049 4085 1121 4137 simili
1137 4101 1191 4136 mu·
1209 4086 1212 4090 ’

65 4189 127 4240 teria
140 4160 288 4237 conlectum:
304 4194 358 4240 ror,
373 4184 400 4228 ut
412 4184 503 4241 putant,
522 4193 536 4226 a
553 4191 627 4239 graeca
643 4164 739 4244 piano<
757 4179 871 4243 (botulus)
886 4179 1010 4230 derivato:
1035 4181 1149 4245 Quodque
1162 4183 1188 4234 iu

63 4283 131 4333 rosis
144 4276 263 4343 ejusmodi
278 4275 359 4338 reponi
373 4274 459 4323 soleret
475 4273 573 4337 pecunia
589 4273 682 4336 publica
699 4287 741 4322 seu
751 4273 873 4336 principis,
894 4273 923 4323 ad
942 4274 1110 4338 designandum
1130 4291 1190 4328 m„

64 4377 130 4428 rium
148 4372 271 4437 publicum
289 4368 412 4420 neuslctu.
