2714 4980
578 279 658 329 PARS
679 279 794 330 amun.

588 528 810 633 suurn

126 825 241 876 urncn
259 823 462 875 ruurmcnuu
485 824 669 875 rrsrnrurro
690 825 781 876 runis
802 826 984 880 rarunlnrs
1008 830 1068 892 s1r,
1094 830 1137 881 an
1156 789 1242 891 vano

421 918 424 925 '
510 941 689 992 nnurnxnr
710 941 861 993 nosrrrvr.
1271 919 1272 922 '

171 1219 674 1307 Procuratorem-injudicio
686 1199 1030 1307 consideraripcssunt
1040 1216 1244 1296 conditiones
1295 1280 1299 1290 .

126 1340 171 1407 ad
186 1341 289 1424 ipsius
303 1346 458 1415 naturam
485 1357 542 1405 seu
563 1336 777 1405 substantiam
799 1340 1013 1423 pertinentes,
1036 1343 1106 1408 siue
1123 1343 1244 1428 quillus

124 1457 248 1535 scilicet
262 1457 304 1524 ab
313 1457 456 1525 essentia
463 1454 579 1540 judicii
592 1453 719 1539 delicit3
733 1461 767 1521 et
783 1455 853 1521 aliae
868 1455 980 1524 forma
995 1457 1038 1524 ad
1048 1461 1246 1529 constbuen

125 1571 208 1639 dum
228 1572 263 1638 in
280 1590 341 1639 auc
355 1590 425 1639 esse
439 1571 572 1655 proprie
589 1569 713 1637 dictum
726 1569 887 1655 judicium
907 1592 972 1639 non
985 1576 1185 1643 neoesuiae.
1202 1577 1244 1643 ln

123 1670 293 1772 proposita
309 1694 420 1755 autem
433 1687 622 1772 questione,
637 1695 746 1752 utrum
751 1681 883 1775 judicic
895 1687 1054 1757 naualis
1059 1687 1149 1779 juris
1162 1687 1242 1774 siret,
1266 1727 1269 1735 ·

123 1802 194 1869 hoec
206 1801 273 1871 duo
286 1800 402 1871 sedulo
413 1809 488 1869 sunt
497 1800 735 1886 distinguenda.
749 1802 997 1872 Advertendum
1010 1809 1243 1892 prater-caius·

122 1919 314 1995 titutionem
333 1917 531 2004 judiciorum
548 1918 725 2004 dupliciter
745 1918 812 1986 dici
832 1940 926 2006 posse
943 1942 984 1989 ex
1003 1922 1078 2008 jure
1099 1925 1243 1993 naturali

122 2053 257 2103 manare
273 2057 280 2101 :
298 2022 353 2101 vel
362 2053 480 2119 nempe
494 2054 535 2100 ec
549 2053 644 2101 sensu
662 2033 752 2120 quod
764 2034 819 2120 jus
837 2037 986 2103 naturale
1000 2039 1192 2121 praescribat
1207 2041 1245 2109 lu

122 2151 215 2217 omui
228 2152 382 2217 societate
398 2150 560 2235 completa
572 2150 698 2217 institui
712 2150 897 2230 tribunalia,
921 2153 967 2219 itu
991 2155 1245 2238 utoregulaniter

123 2265 334 2333 etordinarie
347 2284 409 2350 per
419 2264 541 2350 judicia
551 2246 683 2351 proprie
700 2264 788 2333 dicta
800 2265 925 2351 justitia
941 2267 1118 2354 reddatur3
1136 2270 1246 2341 rel-eo

122 2401 223 2452 sensu
239 2380 340 2469 quod,
353 2389 481 2455 attento
495 2379 616 2447 eodem·
626 2380 702 2467 jure
717 2383 866 2463 natutali,
879 2402 1043 2469 nunquam
1058 2386 1139 2452 etin
1152 2387 1246 2457 nullo

122 2516 204 2565 casu
215 2499 316 2582 possit
331 2496 457 2583 justina
472 2496 569 2563 aliter
583 2495 813 2564 administrari.
827 2499 953 2581 Quibus
968 2504 1168 2584 prenotatis,
1185 2504 1241 2575 ait.

169 2615 368 2683 Prorourro
382 2614 420 2680 1¹.
434 2649 481 2664 -
492 2609 549 2678 Ec
560 2607 638 2702 jare
657 2604 815 2695 naturali,
835 2610 973 2681 deletio
992 2613 1081 2683 croci
1101 2615 1249 2692 walecote

122 2720 275 2819 completo
278 2724 479 2819 judiciorum
486 2725 620 2819 proprie
629 2725 788 2816 dictorum
796 2726 958 2799 institutio
969 2728 1091 2800 induci.
1102 2771 1151 2791 ·-
1162 2736 1250 2809 um·

103 2924 105 2928 .
123 2867 166 2916 ea
179 2847 278 2913 estin
296 2848 450 2933 presenti
469 2855 593 2913 naturae
612 2847 709 2931 lapsa
732 2854 821 2915 statu
838 2847 1004 2915 bominum
1024 2850 1184 2930 conditio,
1202 2856 1243 2921 at

121 2963 236 3029 rnultae
251 2963 326 3039 lites
341 2970 376 3029 et
389 2961 508 3029 delicta
522 2969 765 3046 perpetuo-tum
784 2964 818 3028 in
838 2963 994 3031 societate
1012 2965 1239 3046 ecclesiastica,

121 3086 198 3144 tum
213 3078 248 3143 iu
267 3077 417 3147 civilibus
428 3078 591 3165 precipue
606 3075 816 3145 societatibus
836 3079 1037 3146 exoriantur.
1063 3081 1245 3157 Necessarit

122 3194 202 3265 'tude
216 3194 310 3261 multi
324 3196 531 3278 magistratus
545 3193 602 3280 qui
616 3201 651 3259 et
669 3192 790 3259 delicta
808 3200 981 3260 coerceant
1007 3202 1043 3261 et
1067 3195 1142 3275 lites
1149 3181 1244 3269 sesni«.

122 3318 228 3389 mant
244 3310 369 3383 lterum
384 3306 495 3376 autem
508 3308 550 3376 ob
562 3307 752 3393 praedictam
770 3317 894 3375 naturae
914 3309 1061 3380 humane
1079 3310 1123 3379 ad
1136 3311 1243 3391 deun--

121 3424 292 3512 Quidum
309 3425 462 3511 procliva
477 3423 706 3507 conditionem,
727 3427 786 3493 nisi
805 3424 968 3493 ordinarie
987 3435 1023 3494 et
1045 3429 1239 3513 reguariter

123 3540 206 3609 dicti
217 3542 424 3627 preparatus
436 3539 681 3625 adsuiugantur
695 3542 729 3607 in
743 3540 817 3629 jure
829 3540 973 3613 dicundo
988 3542 1032 3611 ad
1046 3563 1102 3611 aas
1114 3543 1241 3623 formas

122 3656 304 3745 servandas
326 3675 398 3744 qap
418 3655 463 3723 de
484 3655 667 3724 substantia
677 3654 793 3742 judicii
812 3664 899 3738 sunt,
918 3677 1069 3744 persepe
1082 3680 1124 3727 ex
1142 3662 1242 3746 negli-

123 3775 244 3859 gentia,
262 3792 388 3853 errore,
403 3778 460 3839 aut
470 3773 613 3859 partium
628 3772 727 3841 etiam
738 3771 859 3853 studio,
876 3774 912 3840 iu
925 3781 1131 3842 tranversum
1146 3794 1251 3860 agen·

121 3896 192 3971 tur,
204 3897 239 3959 et
249 3909 269 3955 a
281 3888 412 3975 justitie
421 3889 551 3956 tremite
562 3887 774 3957 abenabunt.
785 3891 894 3957 Dictat
903 3909 981 3976 ergo
990 3898 1081 3959 necta
1091 3892 1186 3973 ratio,
1203 3900 1251 3961 et.

120 4008 247 4083 bonum
259 4006 427 4095 publicam
441 4013 556 4093 aperte
571 4007 726 4093 postulat,
752 4006 839 4073 utin
860 4007 948 4073 omni
964 4007 1120 4074 societate
1152 4026 1239 4083 cant·¹

120 4126 224 4210 pletn,
239 4124 277 4191 id
294 4131 355 4206 est,
370 4124 486 4193 sivein
497 4123 657 4205 Ecclesia,
671 4123 739 4191 sive
754 4124 788 4191 in
800 4120 945 4210 qualibet
956 4123 1128 4208 temporali
1140 4143 1239 4210 repu-

121 4241 230 4323 blica,
259 4240 434 4311 tribunalia
462 4241 717 4325 constituantur,
733 4244 768 4306 et
785 4237 913 4326 judices
940 4242 1117 4307 teneantur
1140 4259 1239 4328 supra

121 4361 287 4444 expositas
300 4360 443 4447 quinque
459 4356 660 4427 conditiones
671 4354 717 4429 ad
728 4353 998 4443 propriodictum
1008 4354 1168 4441 judicium
1180 4377 1238 4435 ua-
