2714 4980
560 299 640 352 eins
662 300 777 350 rama.
1160 275 1223 350 ear

107 439 136 498 s·
151 450 256 497 enon
264 435 713 512 ommtotentoneonponn
720 406 921 506 antennam,
932 433 1228 510 uerecundam

107 555 208 632 facere
221 557 325 613 contro
335 568 384 610 eos
400 568 410 610 :
426 550 474 610 oet
485 546 523 633 (st
533 550 612 627 forte
626 549 775 608 malitiose
790 551 900 626 scipsos
911 548 1066 624 occultent,
1080 552 1228 611 neottatto

102 664 267 750 perueniat
286 669 328 729 od
349 660 476 747 eosdem)
497 667 651 726 decernere
676 664 850 743 sociandam
864 667 898 724 tn
908 667 1121 743 possessionem
1141 664 1230 727 bono-

107 806 189 863 rum,
214 806 279 866 qnae
292 791 326 848 e'n
340 787 403 847 olio
419 790 509 846 ctione
528 785 646 846 dioecesi
659 784 790 844 obtinere
806 788 990 844 nosmontnr:
1005 782 1066 845 aen
1085 786 1155 846 tanc
1173 786 1230 848 loct

107 903 292 964 emesenae
304 898 345 964 ca
353 903 607 964 denuntiationem
618 903 750 979 ipsoram
758 901 848 977 societ
862 898 1031 978 hujusmodl
1046 903 1226 966 necaonem.

104 1012 332 1094 Engelautem
343 1019 448 1093 putat,
463 1011 545 1074 hauc
557 1006 747 1073 facultatem
755 1008 906 1073 hotonem
915 1010 947 1072 in
957 1009 1041 1074 hona
1049 1010 1108 1075 Rei
1118 994 1231 1076 absen

108 1127 151 1192 us
165 1126 379 1205 immittendi,
396 1145 467 1210 quae
486 1126 532 1190 ihi
549 1124 741 1190 conceditur
750 1122 852 1208 judici
863 1124 926 1188 loci
937 1125 970 1188 in
983 1126 1231 1209 quo-initusiuit

109 1249 316 1319 contractus,
342 1241 587 1324 intelligendam
612 1259 682 1304 esse
703 1239 891 1318 dumtaxat,
918 1240 1026 1324 quoad
1046 1241 1151 1308 Reum
1174 1244 1231 1328 qui

109 1357 255 1437 abunde,
273 1357 316 1424 ab
329 1358 426 1423 modo
441 1363 636 1422 memoratas
649 1356 760 1421 atissa
776 1356 891 1438 regula
911 1357 1130 1439 exceptiones,
1158 1377 1230 1442 per

110 1473 269 1539 sonaliter
291 1472 440 1556 compelli
460 1479 570 1554 posset
584 1471 627 1536 ad
641 1471 906 1554 comparendum,
929 1480 963 1537 et
983 1479 1157 1539 contumax
1179 1494 1229 1541 es—

110 1597 178 1672 θεῖς
195 1589 338 1674 alloquin
352 1590 386 1653 in
400 1590 471 1673 ipso
486 1589 660 1654 decretalis
670 1592 765 1653 texta
775 1597 923 1671 apertam
938 1591 1230 1658 condhericontra

111 1703 317 1771 dictionem:
345 1704 552 1786 «Quomodo
573 1706 671 1782 enim,
697 1705 814 1787 inquit,
836 1704 987 1770 Pontifex
1013 1706 1046 1769 in
1070 1708 1228 1790 principio

112 1821 226 1886 «dicti
245 1805 440 1905 paragraphi
459 1822 541 1886 dicit
563 1820 792 1886 contrahentes
810 1821 962 1886 absentes
979 1840 1044 1886 non
1063 1827 1157 1905 possa
1180 1826 1230 1889 iu-

111 1938 231 2003 «vitos
252 1939 363 2003 vocari
381 1938 424 2003 ad
441 1939 548 2004 locum
568 1944 756 2003 contractus
772 1938 829 2024 (ita
845 1945 892 2015 ut,
909 1938 1089 2004 secundum
1107 1940 1231 2006 Panor-

111 2056 314 2132 atnitanum,
332 2073 394 2119 nec
409 2054 537 2120 directe
554 2072 616 2120 nec
640 2053 802 2119 indirecte
816 2054 939 2137 possint
958 2054 1031 2138 cogi
1045 2054 1088 2121 ad
1101 2072 1232 2140 compod

112 2168 311 2254 arandum),
328 2177 363 2236 et
377 2170 585 2235 nihilominus
598 2168 774 2254 subjungit,
791 2168 919 2254 quodsi
933 2169 1025 2234 citati
1040 2144 1230 2255 comparere

112 2295 342 2367 «contemnent,
369 2288 475 2352 missio
492 2286 627 2351 inbono
649 2288 792 2370 ipsorum
804 2286 879 2352 fieri
892 2287 1016 2369 possiti
1030 2289 1112 2352 Sane
1128 2295 1231 2354 missia

113 2427 132 2464 o
143 2410 179 2468 tn
194 2405 271 2468 bono
285 2412 335 2469 est
347 2422 443 2487 poena
457 2404 728 2487 contumaciae...;
749 2403 809 2468 sed
819 2403 983 2488 quomodo
995 2410 1169 2471 contumax
1178 2414 1231 2472 est
1285 2443 1289 2453 ·

111 2522 202 2604 oqui
219 2539 409 2604 comparere
423 2536 489 2587 non
500 2521 659 2586 tenetur?
674 2521 736 2585 Vel
749 2519 912 2604 quomodo
924 2527 1087 2585 contemnit
1099 2528 1230 2606 compi-

113 2658 221 2703 «rere
236 2639 293 2722 qui
305 2638 447 2721 legitime
467 2637 598 2703 evocari
612 2656 676 2702 non
688 2636 806 2719 potuit,
820 2656 894 2701 cum
911 2644 1024 2703 utatur
1039 2637 1113 2723 jure
1128 2658 1229 2705 suo.»

112 2754 243 2843 (Engel,
264 2754 298 2818 in
314 2755 368 2820 tit.
386 2757 418 2832 i,
436 2753 494 2818 lib.
512 2756 533 2818 2
549 2752 692 2830 decret,
705 2770 740 2817 u.
760 2749 830 2849 li.)

153 2873 297 2937 lincunt
318 2875 363 2937 3¹.
388 2907 435 2923 -=
457 2875 532 2935 Duc
557 2873 744 2952 precedentes
767 2873 880 2952 repnte
894 2872 1227 2954 applicandoeeentnn't,

106 2996 297 3054 nonientana
308 2989 407 3070 qaoond
419 2993 590 3050 contractos
599 2992 723 3068 proprie
734 2989 841 3066 dictos,
856 2991 908 3050 sed
919 2992 1011 3049 ottone
1027 2989 1125 3068 quood
1133 2995 1235 3070 quost-

104 3079 289 3170 contractae.
313 3138 360 3153 -·-
388 3134 401 3158 «ι
427 3106 507 3169 Nam
525 3108 713 3169 contractus
726 3120 846 3167 nomen
860 3102 991 3168 hicnon
1008 3104 1148 3169 sumitur
1162 3106 1234 3171 stri-

107 3230 208 3300 «cte,
236 3228 336 3304 prout
357 3225 488 3284 tantum
514 3217 673 3302 significat
700 3218 950 3284 conventionem
976 3220 1063 3287 ultro
1086 3221 1232 3306 citroque

108 3361 125 3399 n
138 3334 383 3420 obligatoriam
399 3333 458 3399 sed
471 3335 552 3413 late,
571 3340 670 3416 prout
688 3333 785 3397 etiam
798 3332 949 3410 tutelam,
967 3333 1158 3412 curttelam,
1175 3351 1235 3399 ne-

109 3455 306 3538 ogotiorum
324 3451 517 3535 gestionem,
535 3457 569 3514 et
585 3460 824 3533 quemcumque
840 3449 938 3514 alium
948 3457 1058 3515 actum
1073 3460 1138 3535 quo
1152 3450 1235 3540 obli-

108 3571 229 3656 «gotio
243 3588 305 3654 per
320 3589 355 3634 se
374 3570 430 3633 vel
441 3587 502 3652 par
515 3552 613 3632 alium
628 3565 843 3644 contrahitur,
859 3566 1119 3649 comprehendit.
1137 3569 1235 3655 (hege

109 3690 366 3755 alienaealienae
386 3689 438 3764 to,
457 3684 491 3751 ff.
519 3688 556 3749 de
569 3682 685 3768 tudio.)
702 3682 807 3767 quue
825 3698 941 3749 terum
954 3691 1006 3748 est
1023 3692 1089 3748 non
1107 3692 1235 3751 tantum

110 3830 126 3868 a
140 3803 252 3892 quoad
265 3784 495 3886 obligationem
509 3800 725 3884 principalem
739 3819 782 3865 ex
798 3806 971 3863 contracta
982 3800 1036 3864 vel
1051 3802 1236 3884 quasimod-

110 3929 255 3990 otraatu
272 3926 388 3998 ortam,
414 3917 473 3983 sed
492 3917 592 3982 etiam
610 3914 719 3999 quoad
738 3915 969 3998 obhgationem
991 3913 1232 4002 secundariam

110 4047 224 4127 «puta
240 4037 348 4124 quoad
362 4035 480 4102 damna
494 4040 528 4098 et
542 4036 702 4098 iuteresse
719 4039 856 4115 propter
871 4048 995 4096 moram
1010 4029 1166 4097 debitoris
1177 4052 1236 4100 sua

111 4166 294 4241 «tempore
310 4151 382 4220 non
394 4151 561 4218 solventis.
584 4173 601 4211 u
630 4148 944 4236 (Schmalzgrueher,
961 4150 995 4212 in
1007 4149 1058 4213 tit.
1078 4152 1109 4228 ἓ,
1124 4149 1236 4217 tibris

107 4272 336 4348 decretalium,
350 4290 385 4334 n.
402 4265 472 4352 36.)
488 4267 530 4332 llt
543 4264 720 4332 concordat
731 4265 914 4330 communis
925 4263 1098 4331 doctorum
1111 4275 1239 4334 senten-

108 4392 164 4456 tia}
182 4390 266 4455 ilinc
291 4387 391 4452 eiiam
413 4382 544 4469 quaudo
565 4383 606 4448 lis
626 4386 777 4448 mo'v'etar
791 4379 836 4444 de
853 4383 1016 4462 destructo,
1047 4381 1082 4448 id
1107 4392 1168 4464 cst,
1194 4384 1236 4451 'de
