<?xml version="1.0" encoding="UTF-8"?>
<!DOCTYPE html PUBLIC "-//W3C//DTD XHTML 1.0 Transitional//EN"
    "http://www.w3.org/TR/xhtml1/DTD/xhtml1-transitional.dtd">
<html xmlns="http://www.w3.org/1999/xhtml" xml:lang="en" lang="en">
 <head>
  <title>
</title>
<meta http-equiv="Content-Type" content="text/html;charset=utf-8" />
  <meta name='ocr-system' content='tesseract 3.04.00' />
  <meta name='ocr-capabilities' content='ocr_page ocr_carea ocr_par ocr_line ocrx_word'/>
</head>
<body>
  <div class='ocr_page' id='page_1' title='image "./tractatusdejudi00bouigoog_0356.png"; bbox 0 0 2714 4980; ppageno 0'>
   <div class='ocr_carea' id='block_1_1' title="bbox 542 254 1228 319">
    <p class='ocr_par' dir='ltr' id='par_1_1' title="bbox 542 254 1228 319">
     <span class='ocr_line' id='line_1_1' title="bbox 542 254 1228 319; baseline 0.003 -2"><span class='ocrx_word' id='word_1_1' title='bbox 542 265 621 317; x_wconf 78' lang='lat' dir='ltr'><strong>raus</strong></span> <span class='ocrx_word' id='word_1_2' title='bbox 643 267 802 319; x_wconf 73' lang='lat' dir='ltr'><strong>secunus.</strong></span> <span class='ocrx_word' id='word_1_3' title='bbox 1164 254 1228 319; x_wconf 81' lang='grc'><strong>343</strong></span> 
     </span>
    </p>
   </div>
   <div class='ocr_carea' id='block_1_2' title="bbox 95 392 1232 720">
    <p class='ocr_par' dir='ltr' id='par_1_2' title="bbox 95 392 1232 720">
     <span class='ocr_line' id='line_1_2' title="bbox 95 392 1232 487; baseline 0.01 -29"><span class='ocrx_word' id='word_1_4' title='bbox 95 409 419 485; x_wconf 67' lang='lat' dir='ltr'><strong>personarumque</strong></span> <span class='ocrx_word' id='word_1_5' title='bbox 436 409 490 463; x_wconf 83' lang='lat' dir='ltr'><strong>res</strong></span> <span class='ocrx_word' id='word_1_6' title='bbox 510 392 753 473; x_wconf 74' lang='lat' dir='ltr'><strong>ecclesiasticas,</strong></span> <span class='ocrx_word' id='word_1_7' title='bbox 770 393 974 487; x_wconf 79' lang='lat' dir='ltr'><strong>politicrave.</strong></span> <span class='ocrx_word' id='word_1_8' title='bbox 990 415 1029 470; x_wconf 83' lang='lat' dir='ltr'><strong>ac</strong></span> <span class='ocrx_word' id='word_1_9' title='bbox 1043 395 1232 481; x_wconf 67' lang='lat' dir='ltr'><strong>judicimus</strong></span> 
     </span>
     <span class='ocr_line' id='line_1_3' title="bbox 95 505 1232 606; baseline 0.009 -32"><span class='ocrx_word' id='word_1_10' title='bbox 95 515 229 591; x_wconf 77' lang='lat' dir='ltr'><strong>regunt</strong></span> <span class='ocrx_word' id='word_1_11' title='bbox 246 515 281 587; x_wconf 83' lang='lat' dir='ltr'><strong>et</strong></span> <span class='ocrx_word' id='word_1_12' title='bbox 302 505 541 587; x_wconf 82' lang='lat' dir='ltr'><strong>administrant,</strong></span> <span class='ocrx_word' id='word_1_13' title='bbox 565 509 600 587; x_wconf 82' lang='lat'><strong>2⁰</strong></span> <span class='ocrx_word' id='word_1_14' title='bbox 624 508 783 575; x_wconf 84' lang='lat' dir='ltr'><strong>Strictiori</strong></span> <span class='ocrx_word' id='word_1_15' title='bbox 806 528 903 589; x_wconf 86' lang='lat' dir='ltr'><strong>sensu</strong></span> <span class='ocrx_word' id='word_1_16' title='bbox 927 509 970 606; x_wconf 83' lang='lat' dir='ltr'><strong>ad</strong></span> <span class='ocrx_word' id='word_1_17' title='bbox 1000 509 1232 597; x_wconf 80' lang='lat' dir='ltr'>designandam</span> 
     </span>
     <span class='ocr_line' id='line_1_4' title="bbox 95 623 1229 720; baseline 0.007 -31"><span class='ocrx_word' id='word_1_18' title='bbox 95 623 337 703; x_wconf 65' lang='lat' dir='ltr'>collectionem</span> <span class='ocrx_word' id='word_1_19' title='bbox 351 641 464 689; x_wconf 88' lang='lat' dir='ltr'><strong>earum</strong></span> <span class='ocrx_word' id='word_1_20' title='bbox 477 641 701 707; x_wconf 66' lang='lat' dir='ltr'><strong>damnorum,</strong></span> <span class='ocrx_word' id='word_1_21' title='bbox 720 644 823 708; x_wconf 88' lang='lat' dir='ltr'><strong>penes</strong></span> <span class='ocrx_word' id='word_1_22' title='bbox 840 643 920 720; x_wconf 89' lang='lat' dir='ltr'><strong>quas</strong></span> <span class='ocrx_word' id='word_1_23' title='bbox 938 626 1064 699; x_wconf 86' lang='lat' dir='ltr'><strong>residet</strong></span> <span class='ocrx_word' id='word_1_24' title='bbox 1080 630 1130 694; x_wconf 91' lang='lat' dir='ltr'><strong>rei</strong></span> <span class='ocrx_word' id='word_1_25' title='bbox 1142 626 1229 714; x_wconf 86' lang='lat' dir='ltr'><strong>judi-</strong></span> 
     </span>
    </p>
   </div>
   <div class='ocr_carea' id='block_1_3' title="bbox 95 736 1349 824">
    <p class='ocr_par' dir='ltr' id='par_1_3' title="bbox 95 736 1349 824">
     <span class='ocr_line' id='line_1_5' title="bbox 95 736 1349 824; baseline -0.012 -5"><span class='ocrx_word' id='word_1_26' title='bbox 95 740 210 819; x_wconf 66' lang='lat' dir='ltr'><strong>ttffl&#39;ae</strong></span> <span class='ocrx_word' id='word_1_27' title='bbox 225 736 488 821; x_wconf 62' lang='lat' dir='ltr'><strong>administranda</strong></span> <span class='ocrx_word' id='word_1_28' title='bbox 510 745 666 824; x_wconf 80' lang='lat' dir='ltr'><strong>potestas.</strong></span> <span class='ocrx_word' id='word_1_29' title='bbox 687 743 722 805; x_wconf 77' lang='grc' dir='ltr'><strong>3ο</strong></span> <span class='ocrx_word' id='word_1_30' title='bbox 737 739 788 806; x_wconf 78' lang='lat' dir='ltr'><strong>Ad</strong></span> <span class='ocrx_word' id='word_1_31' title='bbox 802 740 1049 824; x_wconf 76' lang='lat' dir='ltr'><strong>significandam</strong></span> <span class='ocrx_word' id='word_1_32' title='bbox 1063 744 1162 809; x_wconf 88' lang='lat' dir='ltr'><strong>etiam</strong></span> <span class='ocrx_word' id='word_1_33' title='bbox 1180 743 1229 811; x_wconf 86' lang='lat' dir='ltr'><strong>di·</strong></span> <span class='ocrx_word' id='word_1_34' title='bbox 1345 784 1349 792; x_wconf 74' lang='lat'><strong>·</strong></span> 
     </span>
    </p>
   </div>
   <div class='ocr_carea' id='block_1_4' title="bbox 94 852 1230 4422">
    <p class='ocr_par' dir='ltr' id='par_1_4' title="bbox 95 852 1230 1401">
     <span class='ocr_line' id='line_1_6' title="bbox 95 852 1230 944; baseline 0.004 -23"><span class='ocrx_word' id='word_1_35' title='bbox 95 859 234 923; x_wconf 85' lang='lat' dir='ltr'><strong>starum</strong></span> <span class='ocrx_word' id='word_1_36' title='bbox 248 862 462 937; x_wconf 85' lang='lat' dir='ltr'><strong>personarum</strong></span> <span class='ocrx_word' id='word_1_37' title='bbox 479 852 699 934; x_wconf 76' lang='lat' dir='ltr'><strong>residentiam,</strong></span> <span class='ocrx_word' id='word_1_38' title='bbox 721 854 818 934; x_wconf 88' lang='lat' dir='ltr'><strong>idest,</strong></span> <span class='ocrx_word' id='word_1_39' title='bbox 836 857 944 931; x_wconf 85' lang='lat' dir='ltr'><strong>locum</strong></span> <span class='ocrx_word' id='word_1_40' title='bbox 957 858 992 927; x_wconf 92' lang='lat' dir='ltr'><strong>iu</strong></span> <span class='ocrx_word' id='word_1_41' title='bbox 1005 876 1073 944; x_wconf 84' lang='lat' dir='ltr'><strong>quo.</strong></span> <span class='ocrx_word' id='word_1_42' title='bbox 1084 858 1119 925; x_wconf 92' lang='lat' dir='ltr'><strong>id</strong></span> <span class='ocrx_word' id='word_1_43' title='bbox 1134 858 1230 926; x_wconf 87' lang='lat' dir='ltr'><strong>officii</strong></span> 
     </span>
     <span class='ocr_line' id='line_1_7' title="bbox 95 969 1228 1057; baseline 0.004 -21"><span class='ocrx_word' id='word_1_44' title='bbox 95 970 239 1057; x_wconf 63' lang='lat' dir='ltr'><strong>explere</strong></span> <span class='ocrx_word' id='word_1_45' title='bbox 259 971 376 1044; x_wconf 79' lang='lat' dir='ltr'><strong>solent.</strong></span> <span class='ocrx_word' id='word_1_46' title='bbox 395 971 462 1037; x_wconf 84' lang='lat' dir='ltr'><strong>Nos</strong></span> <span class='ocrx_word' id='word_1_47' title='bbox 479 969 532 1037; x_wconf 88' lang='lat' dir='ltr'><strong>hic</strong></span> <span class='ocrx_word' id='word_1_48' title='bbox 553 989 668 1047; x_wconf 79' lang='lat' dir='ltr'><strong>uocem</strong></span> <span class='ocrx_word' id='word_1_49' title='bbox 690 971 781 1051; x_wconf 80' lang='lat' dir='ltr'><strong>illam</strong></span> <span class='ocrx_word' id='word_1_50' title='bbox 803 973 837 1043; x_wconf 94' lang='lat' dir='ltr'><strong>in</strong></span> <span class='ocrx_word' id='word_1_51' title='bbox 856 971 1002 1051; x_wconf 86' lang='lat' dir='ltr'><strong>secundo</strong></span> <span class='ocrx_word' id='word_1_52' title='bbox 1021 991 1130 1053; x_wconf 90' lang='lat' dir='ltr'><strong>sensu,</strong></span> <span class='ocrx_word' id='word_1_53' title='bbox 1155 976 1228 1041; x_wconf 87' lang='lat' dir='ltr'><strong>stri-</strong></span> 
     </span>
     <span class='ocr_line' id='line_1_8' title="bbox 95 1086 1228 1174; baseline 0.006 -24"><span class='ocrx_word' id='word_1_54' title='bbox 95 1087 198 1167; x_wconf 77' lang='lat' dir='ltr'><strong>ctiori</strong></span> <span class='ocrx_word' id='word_1_55' title='bbox 213 1105 344 1171; x_wconf 83' lang='lat' dir='ltr'><strong>nempe,</strong></span> <span class='ocrx_word' id='word_1_56' title='bbox 358 1086 580 1170; x_wconf 80' lang='lat' dir='ltr'><strong>intelligimus,</strong></span> <span class='ocrx_word' id='word_1_57' title='bbox 595 1093 630 1156; x_wconf 90' lang='lat' dir='ltr'><strong>et</strong></span> <span class='ocrx_word' id='word_1_58' title='bbox 645 1107 851 1174; x_wconf 81' lang='lat' dir='ltr'><strong>usurpamus.</strong></span> <span class='ocrx_word' id='word_1_59' title='bbox 872 1089 999 1169; x_wconf 81' lang='lat' dir='ltr'><strong>Dicitur</strong></span> <span class='ocrx_word' id='word_1_60' title='bbox 1015 1097 1125 1163; x_wconf 86' lang='lat' dir='ltr'><strong>autem</strong></span> <span class='ocrx_word' id='word_1_61' title='bbox 1142 1098 1228 1163; x_wconf 79' lang='lat' dir='ltr'><strong>carta</strong></span> 
     </span>
     <span class='ocr_line' id='line_1_9' title="bbox 95 1200 1228 1288; baseline 0.008 -21"><span class='ocrx_word' id='word_1_62' title='bbox 95 1222 112 1267; x_wconf 85' lang='lat' dir='ltr'><strong>a</strong></span> <span class='ocrx_word' id='word_1_63' title='bbox 128 1220 219 1267; x_wconf 88' lang='lat' dir='ltr'><strong>voce</strong></span> <span class='ocrx_word' id='word_1_64' title='bbox 230 1222 347 1280; x_wconf 81' lang='lat' dir='ltr'><strong>curare,</strong></span> <span class='ocrx_word' id='word_1_65' title='bbox 363 1221 403 1268; x_wconf 91' lang='lat' dir='ltr'><strong>eo</strong></span> <span class='ocrx_word' id='word_1_66' title='bbox 415 1201 503 1288; x_wconf 90' lang='lat' dir='ltr'><strong>quod</strong></span> <span class='ocrx_word' id='word_1_67' title='bbox 515 1200 611 1267; x_wconf 88' lang='lat' dir='ltr'><strong>dietae</strong></span> <span class='ocrx_word' id='word_1_68' title='bbox 624 1222 770 1287; x_wconf 78' lang='lat' dir='ltr'><strong>persona</strong></span> <span class='ocrx_word' id='word_1_69' title='bbox 785 1203 938 1288; x_wconf 82' lang='lat' dir='ltr'><strong>prefatas</strong></span> <span class='ocrx_word' id='word_1_70' title='bbox 951 1222 1004 1271; x_wconf 90' lang='lat' dir='ltr'><strong>res</strong></span> <span class='ocrx_word' id='word_1_71' title='bbox 1021 1211 1149 1284; x_wconf 88' lang='lat' dir='ltr'><strong>curent,</strong></span> <span class='ocrx_word' id='word_1_72' title='bbox 1168 1224 1228 1275; x_wconf 89' lang='lat' dir='ltr'><strong>seu</strong></span> 
     </span>
     <span class='ocr_line' id='line_1_10' title="bbox 95 1323 485 1401; baseline -0.005 -17"><span class='ocrx_word' id='word_1_73' title='bbox 95 1335 218 1399; x_wconf 87' lang='lat' dir='ltr'><strong>earum</strong></span> <span class='ocrx_word' id='word_1_74' title='bbox 231 1336 343 1393; x_wconf 86' lang='lat' dir='ltr'><strong>curam</strong></span> <span class='ocrx_word' id='word_1_75' title='bbox 358 1323 485 1401; x_wconf 83' lang='lat' dir='ltr'><strong>gerant.</strong></span> 
     </span>
    </p>

    <p class='ocr_par' dir='ltr' id='par_1_5' title="bbox 94 1430 1227 2435">
     <span class='ocr_line' id='line_1_11' title="bbox 140 1430 1226 1529; baseline 0.003 -29"><span class='ocrx_word' id='word_1_76' title='bbox 140 1430 285 1529; x_wconf 79' lang='lat' dir='ltr'><strong>Quando</strong></span> <span class='ocrx_word' id='word_1_77' title='bbox 305 1440 416 1509; x_wconf 85' lang='lat' dir='ltr'><strong>autern</strong></span> <span class='ocrx_word' id='word_1_78' title='bbox 438 1450 502 1508; x_wconf 80' lang='lat' dir='ltr'><strong>ror</strong></span> <span class='ocrx_word' id='word_1_79' title='bbox 523 1435 617 1507; x_wconf 84' lang='lat' dir='ltr'><strong>curia</strong></span> <span class='ocrx_word' id='word_1_80' title='bbox 634 1435 669 1509; x_wconf 87' lang='lat' dir='ltr'><strong>in</strong></span> <span class='ocrx_word' id='word_1_81' title='bbox 684 1452 782 1519; x_wconf 86' lang='lat' dir='ltr'><strong>supra</strong></span> <span class='ocrx_word' id='word_1_82' title='bbox 798 1433 945 1519; x_wconf 81' lang='lat' dir='ltr'><strong>exposito</strong></span> <span class='ocrx_word' id='word_1_83' title='bbox 959 1435 1115 1507; x_wconf 78' lang='lat' dir='ltr'><strong>strictiori</strong></span> <span class='ocrx_word' id='word_1_84' title='bbox 1129 1455 1226 1503; x_wconf 89' lang='lat' dir='ltr'><strong>sensu</strong></span> 
     </span>
     <span class='ocr_line' id='line_1_12' title="bbox 95 1544 1226 1631; baseline 0.004 -19"><span class='ocrx_word' id='word_1_85' title='bbox 95 1555 291 1631; x_wconf 78' lang='lat' dir='ltr'><strong>usurpatur,</strong></span> <span class='ocrx_word' id='word_1_86' title='bbox 314 1544 639 1630; x_wconf 84' lang='lat' dir='ltr'><strong>contradistinguitur</strong></span> <span class='ocrx_word' id='word_1_87' title='bbox 664 1546 705 1621; x_wconf 88' lang='lat' dir='ltr'><strong>ab</strong></span> <span class='ocrx_word' id='word_1_88' title='bbox 730 1550 814 1619; x_wconf 80' lang='lat' dir='ltr'><strong>autc.</strong></span> <span class='ocrx_word' id='word_1_89' title='bbox 838 1549 920 1621; x_wconf 87' lang='lat' dir='ltr'><strong>Nam</strong></span> <span class='ocrx_word' id='word_1_90' title='bbox 938 1549 1013 1625; x_wconf 85' lang='lat' dir='ltr'><strong>aula</strong></span> <span class='ocrx_word' id='word_1_91' title='bbox 1036 1548 1158 1617; x_wconf 92' lang='lat' dir='ltr'><strong>dicitur</strong></span> <span class='ocrx_word' id='word_1_92' title='bbox 1183 1550 1226 1619; x_wconf 89' lang='lat' dir='ltr'><strong>de</strong></span> 
     </span>
     <span class='ocr_line' id='line_1_13' title="bbox 95 1663 1225 1751; baseline 0.004 -20"><span class='ocrx_word' id='word_1_93' title='bbox 95 1683 215 1747; x_wconf 85' lang='lat' dir='ltr'><strong>earum</strong></span> <span class='ocrx_word' id='word_1_94' title='bbox 240 1681 454 1751; x_wconf 88' lang='lat' dir='ltr'><strong>personarum</strong></span> <span class='ocrx_word' id='word_1_95' title='bbox 479 1663 689 1740; x_wconf 89' lang='lat' dir='ltr'><strong>collectione,</strong></span> <span class='ocrx_word' id='word_1_96' title='bbox 724 1682 797 1749; x_wconf 83' lang='lat' dir='ltr'><strong>quae</strong></span> <span class='ocrx_word' id='word_1_97' title='bbox 826 1683 901 1730; x_wconf 91' lang='lat' dir='ltr'><strong>cum</strong></span> <span class='ocrx_word' id='word_1_98' title='bbox 926 1664 1073 1750; x_wconf 79' lang='lat' dir='ltr'><strong>principe</strong></span> <span class='ocrx_word' id='word_1_99' title='bbox 1103 1675 1137 1733; x_wconf 92' lang='lat' dir='ltr'><strong>et</strong></span> <span class='ocrx_word' id='word_1_100' title='bbox 1163 1668 1225 1735; x_wconf 92' lang='lat' dir='ltr'><strong>sub</strong></span> 
     </span>
     <span class='ocr_line' id='line_1_14' title="bbox 95 1777 1227 1867; baseline 0.004 -23"><span class='ocrx_word' id='word_1_101' title='bbox 95 1780 251 1865; x_wconf 79' lang='lat' dir='ltr'><strong>principe</strong></span> <span class='ocrx_word' id='word_1_102' title='bbox 277 1798 347 1849; x_wconf 86' lang='lat' dir='ltr'><strong>rem</strong></span> <span class='ocrx_word' id='word_1_103' title='bbox 373 1779 535 1863; x_wconf 83' lang='lat' dir='ltr'><strong>politicam</strong></span> <span class='ocrx_word' id='word_1_104' title='bbox 554 1777 800 1858; x_wconf 88' lang='lat' dir='ltr'><strong>administrant,</strong></span> <span class='ocrx_word' id='word_1_105' title='bbox 827 1777 1152 1867; x_wconf 85' lang='lat' dir='ltr'><strong>jurisdictionemque</strong></span> <span class='ocrx_word' id='word_1_106' title='bbox 1172 1803 1227 1849; x_wconf 84' lang='lat' dir='ltr'><strong>ro-</strong></span> 
     </span>
     <span class='ocr_line' id='line_1_15' title="bbox 95 1874 1225 1981; baseline 0.001 -17"><span class='ocrx_word' id='word_1_107' title='bbox 95 1874 273 1975; x_wconf 83' lang='lat' dir='ltr'><strong>lnntariam</strong></span> <span class='ocrx_word' id='word_1_108' title='bbox 300 1902 469 1977; x_wconf 76' lang='lat' dir='ltr'><strong>exercent,</strong></span> <span class='ocrx_word' id='word_1_109' title='bbox 497 1897 550 1962; x_wconf 88' lang='lat' dir='ltr'><strong>rel</strong></span> <span class='ocrx_word' id='word_1_110' title='bbox 581 1895 696 1961; x_wconf 92' lang='lat' dir='ltr'><strong>saltem</strong></span> <span class='ocrx_word' id='word_1_111' title='bbox 721 1913 796 1960; x_wconf 91' lang='lat' dir='ltr'><strong>cnm</strong></span> <span class='ocrx_word' id='word_1_112' title='bbox 823 1896 971 1981; x_wconf 90' lang='lat' dir='ltr'><strong>principe</strong></span> <span class='ocrx_word' id='word_1_113' title='bbox 1002 1895 1043 1962; x_wconf 91' lang='lat' dir='ltr'><strong>ad</strong></span> <span class='ocrx_word' id='word_1_114' title='bbox 1069 1904 1225 1980; x_wconf 89' lang='lat' dir='ltr'><strong>praestan-</strong></span> 
     </span>
     <span class='ocr_line' id='line_1_16' title="bbox 95 2010 1223 2095; baseline 0.004 -20"><span class='ocrx_word' id='word_1_115' title='bbox 95 2010 179 2093; x_wconf 79' lang='lat' dir='ltr'><strong>dum</strong></span> <span class='ocrx_word' id='word_1_116' title='bbox 196 2010 229 2085; x_wconf 89' lang='lat' dir='ltr'><strong>ei</strong></span> <span class='ocrx_word' id='word_1_117' title='bbox 246 2011 401 2093; x_wconf 84' lang='lat' dir='ltr'><strong>bonorem</strong></span> <span class='ocrx_word' id='word_1_118' title='bbox 421 2018 456 2076; x_wconf 89' lang='lat' dir='ltr'><strong>et</strong></span> <span class='ocrx_word' id='word_1_119' title='bbox 478 2010 670 2095; x_wconf 88' lang='lat' dir='ltr'><strong>obsequium</strong></span> <span class='ocrx_word' id='word_1_120' title='bbox 691 2017 883 2093; x_wconf 78' lang='lat' dir='ltr'><strong>versantur3</strong></span> <span class='ocrx_word' id='word_1_121' title='bbox 909 2029 981 2095; x_wconf 82' lang='lat' dir='ltr'><strong>quae</strong></span> <span class='ocrx_word' id='word_1_122' title='bbox 1003 2030 1149 2095; x_wconf 87' lang='lat' dir='ltr'><strong>personae</strong></span> <span class='ocrx_word' id='word_1_123' title='bbox 1166 2034 1223 2079; x_wconf 88' lang='lat' dir='ltr'><strong>ro-</strong></span> 
     </span>
     <span class='ocr_line' id='line_1_17' title="bbox 95 2104 1219 2216; baseline 0.002 -25"><span class='ocrx_word' id='word_1_124' title='bbox 95 2132 218 2205; x_wconf 80' lang='lat' dir='ltr'><strong>aaptur</strong></span> <span class='ocrx_word' id='word_1_125' title='bbox 228 2130 333 2201; x_wconf 71' lang='lat' dir='ltr'><strong>cutm.</strong></span> <span class='ocrx_word' id='word_1_126' title='bbox 351 2127 421 2198; x_wconf 82' lang='lat' dir='ltr'><strong>Vox</strong></span> <span class='ocrx_word' id='word_1_127' title='bbox 435 2133 546 2199; x_wconf 85' lang='lat' dir='ltr'><strong>autem</strong></span> <span class='ocrx_word' id='word_1_128' title='bbox 558 2126 659 2205; x_wconf 88' lang='lat' dir='ltr'><strong>curia,</strong></span> <span class='ocrx_word' id='word_1_129' title='bbox 673 2131 833 2216; x_wconf 78' lang='lat' dir='ltr'><strong>quatenus</strong></span> <span class='ocrx_word' id='word_1_130' title='bbox 847 2124 888 2191; x_wconf 91' lang='lat' dir='ltr'><strong>ab</strong></span> <span class='ocrx_word' id='word_1_131' title='bbox 907 2125 980 2193; x_wconf 87' lang='lat' dir='ltr'><strong>aula</strong></span> <span class='ocrx_word' id='word_1_132' title='bbox 999 2104 1219 2210; x_wconf 78' lang='lat' dir='ltr'><strong>distinguitur,</strong></span> 
     </span>
     <span class='ocr_line' id='line_1_18' title="bbox 94 2240 1222 2328; baseline -0.001 -17"><span class='ocrx_word' id='word_1_133' title='bbox 94 2262 154 2317; x_wconf 83' lang='lat' dir='ltr'><strong>eas</strong></span> <span class='ocrx_word' id='word_1_134' title='bbox 170 2243 342 2319; x_wconf 78' lang='lat' dir='ltr'><strong>dumtaxat</strong></span> <span class='ocrx_word' id='word_1_135' title='bbox 353 2260 509 2327; x_wconf 87' lang='lat' dir='ltr'><strong>personas</strong></span> <span class='ocrx_word' id='word_1_136' title='bbox 523 2240 657 2321; x_wconf 88' lang='lat' dir='ltr'><strong>indicat,</strong></span> <span class='ocrx_word' id='word_1_137' title='bbox 674 2260 745 2328; x_wconf 86' lang='lat' dir='ltr'><strong>quae</strong></span> <span class='ocrx_word' id='word_1_138' title='bbox 762 2241 973 2327; x_wconf 77' lang='lat' dir='ltr'><strong>expedienda</strong></span> <span class='ocrx_word' id='word_1_139' title='bbox 988 2243 1037 2321; x_wconf 86' lang='lat' dir='ltr'><strong>rei</strong></span> <span class='ocrx_word' id='word_1_140' title='bbox 1045 2241 1222 2328; x_wconf 75' lang='lat' dir='ltr'><strong>judiciariae</strong></span> 
     </span>
     <span class='ocr_line' id='line_1_19' title="bbox 95 2357 303 2435; baseline -0.01 0"><span class='ocrx_word' id='word_1_141' title='bbox 95 2357 303 2435; x_wconf 74' lang='lat' dir='ltr'><strong>incumbunt·</strong></span> 
     </span>
    </p>

    <p class='ocr_par' dir='ltr' id='par_1_6' title="bbox 95 2473 1221 3256">
     <span class='ocr_line' id='line_1_20' title="bbox 139 2473 1221 2561; baseline 0.003 -22"><span class='ocrx_word' id='word_1_142' title='bbox 139 2477 181 2553; x_wconf 83' lang='lat' dir='ltr'><strong>In</strong></span> <span class='ocrx_word' id='word_1_143' title='bbox 202 2475 310 2551; x_wconf 88' lang='lat' dir='ltr'><strong>italico</strong></span> <span class='ocrx_word' id='word_1_144' title='bbox 327 2473 482 2555; x_wconf 83' lang='lat' dir='ltr'><strong>idiomate</strong></span> <span class='ocrx_word' id='word_1_145' title='bbox 499 2473 565 2540; x_wconf 93' lang='lat' dir='ltr'><strong>duo</strong></span> <span class='ocrx_word' id='word_1_146' title='bbox 580 2474 705 2561; x_wconf 90' lang='lat' dir='ltr'><strong>pariter</strong></span> <span class='ocrx_word' id='word_1_147' title='bbox 720 2480 896 2538; x_wconf 90' lang='lat' dir='ltr'><strong>occurrunt</strong></span> <span class='ocrx_word' id='word_1_148' title='bbox 915 2474 1073 2549; x_wconf 87' lang='lat' dir='ltr'><strong>vocabula</strong></span> <span class='ocrx_word' id='word_1_149' title='bbox 1089 2485 1168 2553; x_wconf 80' lang='lat' dir='ltr'><strong>corta</strong></span> <span class='ocrx_word' id='word_1_150' title='bbox 1186 2484 1221 2542; x_wconf 89' lang='lat' dir='ltr'><strong>et</strong></span> 
     </span>
     <span class='ocr_line' id='line_1_21' title="bbox 95 2585 1220 2675; baseline 0.002 -22"><span class='ocrx_word' id='word_1_151' title='bbox 95 2595 196 2670; x_wconf 67' lang='lat' dir='ltr'><strong>meto,</strong></span> <span class='ocrx_word' id='word_1_152' title='bbox 221 2607 292 2673; x_wconf 87' lang='lat' dir='ltr'><strong>quae</strong></span> <span class='ocrx_word' id='word_1_153' title='bbox 314 2588 422 2663; x_wconf 85' lang='lat' dir='ltr'><strong>latinis</strong></span> <span class='ocrx_word' id='word_1_154' title='bbox 440 2591 519 2653; x_wconf 77' lang='lat' dir='ltr'><strong>calce</strong></span> <span class='ocrx_word' id='word_1_155' title='bbox 537 2595 572 2653; x_wconf 89' lang='lat' dir='ltr'><strong>et</strong></span> <span class='ocrx_word' id='word_1_156' title='bbox 585 2592 676 2650; x_wconf 84' lang='lat' dir='ltr'><strong>curtoe</strong></span> <span class='ocrx_word' id='word_1_157' title='bbox 697 2587 811 2653; x_wconf 85' lang='lat' dir='ltr'><strong>exacte</strong></span> <span class='ocrx_word' id='word_1_158' title='bbox 831 2585 1100 2671; x_wconf 89' lang='lat' dir='ltr'><strong>correspondent.</strong></span> <span class='ocrx_word' id='word_1_159' title='bbox 1126 2589 1220 2675; x_wconf 86' lang='lat' dir='ltr'><strong>(Vide</strong></span> 
     </span>
     <span class='ocr_line' id='line_1_22' title="bbox 95 2702 1217 2789; baseline -0.004 -14"><span class='ocrx_word' id='word_1_160' title='bbox 95 2703 306 2787; x_wconf 72' lang='lat' dir='ltr'><strong>cardinalem</strong></span> <span class='ocrx_word' id='word_1_161' title='bbox 332 2702 373 2769; x_wconf 95' lang='lat' dir='ltr'><strong>de</strong></span> <span class='ocrx_word' id='word_1_162' title='bbox 400 2704 504 2783; x_wconf 86' lang='lat' dir='ltr'><strong>Luca,</strong></span> <span class='ocrx_word' id='word_1_163' title='bbox 537 2707 569 2769; x_wconf 86' lang='lat' dir='ltr'><strong>Il</strong></span> <span class='ocrx_word' id='word_1_164' title='bbox 593 2707 716 2767; x_wconf 79' lang='lat' dir='ltr'><strong>Dottore</strong></span> <span class='ocrx_word' id='word_1_165' title='bbox 738 2705 860 2785; x_wconf 69' lang='lat' dir='ltr'><strong>coluere</strong></span> <span class='ocrx_word' id='word_1_166' title='bbox 871 2753 882 2784; x_wconf 87' lang='lat'><strong>,</strong></span> <span class='ocrx_word' id='word_1_167' title='bbox 912 2702 971 2768; x_wconf 88' lang='lat' dir='ltr'><strong>lib.</strong></span> <span class='ocrx_word' id='word_1_168' title='bbox 1007 2705 1064 2783; x_wconf 86' lang='lat'><strong>15,</strong></span> <span class='ocrx_word' id='word_1_169' title='bbox 1094 2724 1164 2789; x_wconf 88' lang='lat' dir='ltr'><strong>cap.</strong></span> <span class='ocrx_word' id='word_1_170' title='bbox 1186 2709 1217 2785; x_wconf 86' lang='lat' dir='ltr'><strong>l,</strong></span> 
     </span>
     <span class='ocr_line' id='line_1_23' title="bbox 95 2800 1213 2906; baseline -0.001 -20"><span class='ocrx_word' id='word_1_171' title='bbox 95 2842 129 2899; x_wconf 76' lang='lat' dir='ltr'><strong>n,</strong></span> <span class='ocrx_word' id='word_1_172' title='bbox 154 2817 200 2906; x_wconf 88' lang='lat' dir='ltr'><strong>l.)</strong></span> <span class='ocrx_word' id='word_1_173' title='bbox 217 2820 339 2905; x_wconf 81' lang='lat' dir='ltr'><strong>Lingua</strong></span> <span class='ocrx_word' id='word_1_174' title='bbox 352 2840 431 2897; x_wconf 86' lang='lat' dir='ltr'><strong>vero</strong></span> <span class='ocrx_word' id='word_1_175' title='bbox 445 2820 569 2905; x_wconf 82' lang='lat' dir='ltr'><strong>gallica,</strong></span> <span class='ocrx_word' id='word_1_176' title='bbox 584 2800 685 2904; x_wconf 77' lang='lat' dir='ltr'><strong>magis</strong></span> <span class='ocrx_word' id='word_1_177' title='bbox 697 2838 809 2903; x_wconf 85' lang='lat' dir='ltr'><strong>egena,</strong></span> <span class='ocrx_word' id='word_1_178' title='bbox 827 2820 953 2885; x_wconf 88' lang='lat' dir='ltr'><strong>unicam</strong></span> <span class='ocrx_word' id='word_1_179' title='bbox 970 2839 1084 2886; x_wconf 88' lang='lat' dir='ltr'><strong>vocem</strong></span> <span class='ocrx_word' id='word_1_180' title='bbox 1094 2824 1213 2903; x_wconf 84' lang='lat' dir='ltr'><strong>lacour,</strong></span> 
     </span>
     <span class='ocr_line' id='line_1_24' title="bbox 95 2937 1221 3023; baseline -0.001 -18"><span class='ocrx_word' id='word_1_181' title='bbox 95 2946 168 3005; x_wconf 91' lang='lat' dir='ltr'><strong>tum</strong></span> <span class='ocrx_word' id='word_1_182' title='bbox 187 2956 248 3022; x_wconf 86' lang='lat' dir='ltr'><strong>pro</strong></span> <span class='ocrx_word' id='word_1_183' title='bbox 263 2938 346 3019; x_wconf 88' lang='lat' dir='ltr'><strong>aula,</strong></span> <span class='ocrx_word' id='word_1_184' title='bbox 358 2943 429 3004; x_wconf 91' lang='lat' dir='ltr'><strong>tum</strong></span> <span class='ocrx_word' id='word_1_185' title='bbox 444 2957 504 3023; x_wconf 94' lang='lat' dir='ltr'><strong>pro</strong></span> <span class='ocrx_word' id='word_1_186' title='bbox 518 2937 640 3015; x_wconf 80' lang='lat' dir='ltr'><strong>forensi</strong></span> <span class='ocrx_word' id='word_1_187' title='bbox 649 2938 738 3017; x_wconf 88' lang='lat' dir='ltr'><strong>curia</strong></span> <span class='ocrx_word' id='word_1_188' title='bbox 750 2955 908 3021; x_wconf 87' lang='lat' dir='ltr'><strong>usurpare</strong></span> <span class='ocrx_word' id='word_1_189' title='bbox 923 2938 1061 3021; x_wconf 82' lang='lat' dir='ltr'><strong>cogitur,</strong></span> <span class='ocrx_word' id='word_1_190' title='bbox 1074 2944 1108 3002; x_wconf 91' lang='lat' dir='ltr'><strong>et</strong></span> <span class='ocrx_word' id='word_1_191' title='bbox 1124 2956 1221 3005; x_wconf 84' lang='lat' dir='ltr'><strong>roca·</strong></span> 
     </span>
     <span class='ocr_line' id='line_1_25' title="bbox 95 3050 1214 3142; baseline -0.004 -19"><span class='ocrx_word' id='word_1_192' title='bbox 95 3055 212 3135; x_wconf 79' lang='lat' dir='ltr'><strong>bulum</strong></span> <span class='ocrx_word' id='word_1_193' title='bbox 238 3062 404 3122; x_wconf 78' lang='lat' dir='ltr'><strong>courtisans</strong></span> <span class='ocrx_word' id='word_1_194' title='bbox 419 3051 549 3142; x_wconf 79' lang='lat' dir='ltr'><strong>(aulici),</strong></span> <span class='ocrx_word' id='word_1_195' title='bbox 576 3052 618 3119; x_wconf 90' lang='lat' dir='ltr'><strong>ad</strong></span> <span class='ocrx_word' id='word_1_196' title='bbox 641 3071 780 3137; x_wconf 88' lang='lat' dir='ltr'><strong>pravum</strong></span> <span class='ocrx_word' id='word_1_197' title='bbox 801 3070 931 3133; x_wconf 88' lang='lat' dir='ltr'><strong>sensum</strong></span> <span class='ocrx_word' id='word_1_198' title='bbox 953 3050 1150 3133; x_wconf 88' lang='lat' dir='ltr'><strong>detractum,</strong></span> <span class='ocrx_word' id='word_1_199' title='bbox 1171 3055 1214 3129; x_wconf 89' lang='lat' dir='ltr'><strong>nil</strong></span> 
     </span>
     <span class='ocr_line' id='line_1_26' title="bbox 95 3167 738 3256; baseline -0.009 -19"><span class='ocrx_word' id='word_1_200' title='bbox 95 3170 188 3249; x_wconf 85' lang='lat' dir='ltr'><strong>aliud</strong></span> <span class='ocrx_word' id='word_1_201' title='bbox 196 3169 264 3256; x_wconf 83' lang='lat' dir='ltr'><strong>jam</strong></span> <span class='ocrx_word' id='word_1_202' title='bbox 275 3188 371 3256; x_wconf 89' lang='lat' dir='ltr'><strong>quam</strong></span> <span class='ocrx_word' id='word_1_203' title='bbox 380 3169 566 3245; x_wconf 81' lang='lat' dir='ltr'><strong>adulatores</strong></span> <span class='ocrx_word' id='word_1_204' title='bbox 579 3167 738 3253; x_wconf 84' lang='lat' dir='ltr'><strong>designat.</strong></span> 
     </span>
    </p>

    <p class='ocr_par' dir='ltr' id='par_1_7' title="bbox 95 3282 1216 3957">
     <span class='ocr_line' id='line_1_27' title="bbox 138 3282 1216 3371; baseline 0.002 -21"><span class='ocrx_word' id='word_1_205' title='bbox 138 3287 180 3359; x_wconf 84' lang='lat' dir='ltr'><strong>In</strong></span> <span class='ocrx_word' id='word_1_206' title='bbox 195 3287 345 3371; x_wconf 88' lang='lat' dir='ltr'><strong>praesenti</strong></span> <span class='ocrx_word' id='word_1_207' title='bbox 359 3305 437 3371; x_wconf 81' lang='lat' dir='ltr'><strong>ergo</strong></span> <span class='ocrx_word' id='word_1_208' title='bbox 453 3287 570 3369; x_wconf 88' lang='lat' dir='ltr'><strong>capite,</strong></span> <span class='ocrx_word' id='word_1_209' title='bbox 584 3284 663 3367; x_wconf 86' lang='lat' dir='ltr'><strong>dum</strong></span> <span class='ocrx_word' id='word_1_210' title='bbox 677 3282 868 3368; x_wconf 85' lang='lat' dir='ltr'><strong>inquirimus</strong></span> <span class='ocrx_word' id='word_1_211' title='bbox 881 3282 923 3363; x_wconf 91' lang='lat' dir='ltr'><strong>de</strong></span> <span class='ocrx_word' id='word_1_212' title='bbox 943 3284 1082 3370; x_wconf 86' lang='lat' dir='ltr'><strong>antiquis</strong></span> <span class='ocrx_word' id='word_1_213' title='bbox 1093 3287 1216 3369; x_wconf 88' lang='lat' dir='ltr'><strong>episco-</strong></span> 
     </span>
     <span class='ocr_line' id='line_1_28' title="bbox 95 3399 1215 3490; baseline 0.003 -23"><span class='ocrx_word' id='word_1_214' title='bbox 95 3405 177 3490; x_wconf 85' lang='lat' dir='ltr'><strong>palis</strong></span> <span class='ocrx_word' id='word_1_215' title='bbox 191 3402 287 3481; x_wconf 73' lang='lat' dir='ltr'><strong>curiae</strong></span> <span class='ocrx_word' id='word_1_216' title='bbox 306 3400 429 3481; x_wconf 86' lang='lat' dir='ltr'><strong>formis,</strong></span> <span class='ocrx_word' id='word_1_217' title='bbox 448 3401 603 3486; x_wconf 85' lang='lat' dir='ltr'><strong>indagare</strong></span> <span class='ocrx_word' id='word_1_218' title='bbox 626 3401 836 3487; x_wconf 77' lang='lat' dir='ltr'><strong>intendimus,</strong></span> <span class='ocrx_word' id='word_1_219' title='bbox 856 3399 1019 3486; x_wconf 90' lang='lat' dir='ltr'><strong>quomodo</strong></span> <span class='ocrx_word' id='word_1_220' title='bbox 1040 3403 1215 3470; x_wconf 78' lang='lat' dir='ltr'><strong>coristituta</strong></span> 
     </span>
     <span class='ocr_line' id='line_1_29' title="bbox 95 3517 1214 3613; baseline -0.003 -28"><span class='ocrx_word' id='word_1_221' title='bbox 95 3518 194 3592; x_wconf 65' lang='lat' dir='ltr'><strong>fuerit</strong></span> <span class='ocrx_word' id='word_1_222' title='bbox 220 3536 432 3611; x_wconf 85' lang='lat' dir='ltr'><strong>personarum</strong></span> <span class='ocrx_word' id='word_1_223' title='bbox 459 3518 619 3596; x_wconf 87' lang='lat' dir='ltr'><strong>collectio,</strong></span> <span class='ocrx_word' id='word_1_224' title='bbox 641 3536 712 3613; x_wconf 84' lang='lat' dir='ltr'><strong>quae</strong></span> <span class='ocrx_word' id='word_1_225' title='bbox 740 3537 814 3601; x_wconf 88' lang='lat' dir='ltr'><strong>cum</strong></span> <span class='ocrx_word' id='word_1_226' title='bbox 836 3517 1006 3600; x_wconf 88' lang='lat' dir='ltr'><strong>Episcopo,</strong></span> <span class='ocrx_word' id='word_1_227' title='bbox 1036 3518 1090 3583; x_wconf 89' lang='lat' dir='ltr'><strong>rel</strong></span> <span class='ocrx_word' id='word_1_228' title='bbox 1114 3518 1214 3603; x_wconf 89' lang='lat' dir='ltr'><strong>ipsius</strong></span> 
     </span>
     <span class='ocr_line' id='line_1_30' title="bbox 95 3634 1212 3720; baseline -0.004 -17"><span class='ocrx_word' id='word_1_229' title='bbox 95 3637 286 3713; x_wconf 77' lang='lat' dir='ltr'><strong>auctoritate</strong></span> <span class='ocrx_word' id='word_1_230' title='bbox 311 3643 344 3700; x_wconf 90' lang='lat' dir='ltr'><strong>et</strong></span> <span class='ocrx_word' id='word_1_231' title='bbox 365 3637 506 3715; x_wconf 85' lang='lat' dir='ltr'><strong>nomine,</strong></span> <span class='ocrx_word' id='word_1_232' title='bbox 527 3634 750 3720; x_wconf 86' lang='lat' dir='ltr'><strong>juridicundo</strong></span> <span class='ocrx_word' id='word_1_233' title='bbox 773 3634 1018 3710; x_wconf 86' lang='lat' dir='ltr'><strong>incumbebant,</strong></span> <span class='ocrx_word' id='word_1_234' title='bbox 1037 3653 1107 3712; x_wconf 90' lang='lat' dir='ltr'><strong>seu,</strong></span> <span class='ocrx_word' id='word_1_235' title='bbox 1125 3634 1212 3719; x_wconf 91' lang='lat' dir='ltr'><strong>quod</strong></span> 
     </span>
     <span class='ocr_line' id='line_1_31' title="bbox 95 3749 1213 3841; baseline -0.004 -23"><span class='ocrx_word' id='word_1_236' title='bbox 95 3750 180 3841; x_wconf 70' lang='lat' dir='ltr'><strong>,dem</strong></span> <span class='ocrx_word' id='word_1_237' title='bbox 202 3759 263 3831; x_wconf 90' lang='lat' dir='ltr'><strong>est,</strong></span> <span class='ocrx_word' id='word_1_238' title='bbox 290 3751 453 3837; x_wconf 90' lang='lat' dir='ltr'><strong>quomodo</strong></span> <span class='ocrx_word' id='word_1_239' title='bbox 478 3752 629 3837; x_wconf 84' lang='lat' dir='ltr'><strong>Episcopi</strong></span> <span class='ocrx_word' id='word_1_240' title='bbox 649 3750 793 3835; x_wconf 89' lang='lat' dir='ltr'><strong>tribunal</strong></span> <span class='ocrx_word' id='word_1_241' title='bbox 808 3751 863 3816; x_wconf 87' lang='lat' dir='ltr'><strong>rel</strong></span> <span class='ocrx_word' id='word_1_242' title='bbox 880 3749 1091 3816; x_wconf 89' lang='lat' dir='ltr'><strong>tribunalium</strong></span> <span class='ocrx_word' id='word_1_243' title='bbox 1115 3749 1213 3814; x_wconf 91' lang='lat' dir='ltr'><strong>colle-</strong></span> 
     </span>
     <span class='ocr_line' id='line_1_32' title="bbox 95 3867 495 3957; baseline -0.008 -22"><span class='ocrx_word' id='word_1_244' title='bbox 95 3869 166 3957; x_wconf 72' lang='lat' dir='ltr'><strong>ctio,</strong></span> <span class='ocrx_word' id='word_1_245' title='bbox 188 3867 337 3945; x_wconf 84' lang='lat' dir='ltr'><strong>ordinata</strong></span> <span class='ocrx_word' id='word_1_246' title='bbox 360 3868 495 3945; x_wconf 83' lang='lat' dir='ltr'><strong>inerint.</strong></span> 
     </span>
    </p>

    <p class='ocr_par' dir='ltr' id='par_1_8' title="bbox 95 3985 1212 4422">
     <span class='ocr_line' id='line_1_33' title="bbox 132 3985 1211 4068; baseline -0.007 -16"><span class='ocrx_word' id='word_1_247' title='bbox 132 3986 178 4052; x_wconf 90' lang='grc' dir='ltr'><strong>Π.</strong></span> <span class='ocrx_word' id='word_1_248' title='bbox 198 3988 363 4048; x_wconf 83' lang='lat' dir='ltr'><strong>-Formc</strong></span> <span class='ocrx_word' id='word_1_249' title='bbox 380 3987 556 4068; x_wconf 82' lang='lat' dir='ltr'><strong>episcopalis</strong></span> <span class='ocrx_word' id='word_1_250' title='bbox 571 3989 661 4048; x_wconf 79' lang='lat' dir='ltr'><strong>carice</strong></span> <span class='ocrx_word' id='word_1_251' title='bbox 672 4004 730 4067; x_wconf 83' lang='lat' dir='ltr'><strong>per</strong></span> <span class='ocrx_word' id='word_1_252' title='bbox 747 3990 874 4067; x_wconf 82' lang='lat' dir='ltr'><strong>quinque</strong></span> <span class='ocrx_word' id='word_1_253' title='bbox 891 3989 999 4064; x_wconf 80' lang='lat' dir='ltr'><strong>priora</strong></span> <span class='ocrx_word' id='word_1_254' title='bbox 1022 3985 1140 4047; x_wconf 77' lang='lat' dir='ltr'><strong>secula.</strong></span> <span class='ocrx_word' id='word_1_255' title='bbox 1166 4017 1211 4028; x_wconf 93' lang='lat'><strong>—-</strong></span> 
     </span>
     <span class='ocr_line' id='line_1_34' title="bbox 95 4097 1210 4185; baseline -0.004 -19"><span class='ocrx_word' id='word_1_256' title='bbox 95 4101 154 4184; x_wconf 76' lang='lat' dir='ltr'><strong>Qui</strong></span> <span class='ocrx_word' id='word_1_257' title='bbox 168 4100 368 4185; x_wconf 86' lang='lat' dir='ltr'><strong>antiquitatis</strong></span> <span class='ocrx_word' id='word_1_258' title='bbox 385 4107 594 4165; x_wconf 87' lang='lat' dir='ltr'><strong>monumenta</strong></span> <span class='ocrx_word' id='word_1_259' title='bbox 609 4099 823 4185; x_wconf 85' lang='lat' dir='ltr'><strong>pervolverit,</strong></span> <span class='ocrx_word' id='word_1_260' title='bbox 839 4098 905 4163; x_wconf 92' lang='lat' dir='ltr'><strong>duo</strong></span> <span class='ocrx_word' id='word_1_261' title='bbox 919 4098 1065 4182; x_wconf 88' lang='lat' dir='ltr'><strong>reperiet</strong></span> <span class='ocrx_word' id='word_1_262' title='bbox 1081 4097 1210 4173; x_wconf 79' lang='lat' dir='ltr'><strong>omnnio</strong></span> 
     </span>
     <span class='ocr_line' id='line_1_35' title="bbox 95 4211 1212 4302; baseline -0.005 -17"><span class='ocrx_word' id='word_1_263' title='bbox 95 4225 203 4289; x_wconf 71' lang='lat' dir='ltr'><strong>certa:</strong></span> <span class='ocrx_word' id='word_1_264' title='bbox 226 4219 258 4297; x_wconf 78' lang='lat'><strong>1⁰</strong></span> <span class='ocrx_word' id='word_1_265' title='bbox 272 4216 530 4300; x_wconf 86' lang='lat' dir='ltr'><strong>Presbyterium,</strong></span> <span class='ocrx_word' id='word_1_266' title='bbox 560 4234 618 4298; x_wconf 89' lang='lat' dir='ltr'><strong>seu</strong></span> <span class='ocrx_word' id='word_1_267' title='bbox 643 4213 742 4302; x_wconf 84' lang='lat' dir='ltr'><strong>(quod</strong></span> <span class='ocrx_word' id='word_1_268' title='bbox 766 4213 854 4281; x_wconf 90' lang='lat' dir='ltr'><strong>idem</strong></span> <span class='ocrx_word' id='word_1_269' title='bbox 871 4211 930 4299; x_wconf 88' lang='lat' dir='ltr'><strong>est)</strong></span> <span class='ocrx_word' id='word_1_270' title='bbox 952 4212 1140 4279; x_wconf 89' lang='lat' dir='ltr'><strong>cathedrale</strong></span> <span class='ocrx_word' id='word_1_271' title='bbox 1159 4233 1212 4279; x_wconf 89' lang='lat' dir='ltr'><strong>ca-</strong></span> 
     </span>
     <span class='ocr_line' id='line_1_36' title="bbox 95 4330 1212 4422; baseline -0.002 -24"><span class='ocrx_word' id='word_1_272' title='bbox 95 4334 244 4422; x_wconf 65' lang='lat' dir='ltr'><strong>pitulana,</strong></span> <span class='ocrx_word' id='word_1_273' title='bbox 268 4331 311 4413; x_wconf 82' lang='lat' dir='ltr'><strong>de</strong></span> <span class='ocrx_word' id='word_1_274' title='bbox 340 4333 427 4413; x_wconf 77' lang='lat' dir='ltr'><strong>iacto</strong></span> <span class='ocrx_word' id='word_1_275' title='bbox 449 4341 483 4398; x_wconf 90' lang='lat' dir='ltr'><strong>et</strong></span> <span class='ocrx_word' id='word_1_276' title='bbox 505 4331 548 4406; x_wconf 83' lang='lat' dir='ltr'><strong>de</strong></span> <span class='ocrx_word' id='word_1_277' title='bbox 567 4331 641 4418; x_wconf 89' lang='lat' dir='ltr'><strong>jure</strong></span> <span class='ocrx_word' id='word_1_278' title='bbox 665 4331 763 4413; x_wconf 83' lang='lat' dir='ltr'><strong>inisse</strong></span> <span class='ocrx_word' id='word_1_279' title='bbox 784 4331 951 4400; x_wconf 89' lang='lat' dir='ltr'><strong>consilium</strong></span> <span class='ocrx_word' id='word_1_280' title='bbox 976 4330 1143 4421; x_wconf 81' lang='lat' dir='ltr'><strong>Episcopi3</strong></span> <span class='ocrx_word' id='word_1_281' title='bbox 1176 4338 1212 4396; x_wconf 88' lang='lat' dir='ltr'><strong>et</strong></span> 
     </span>
    </p>
   </div>
   <div class='ocr_carea' id='block_1_5' title="bbox 0 0 1362 4980">
    <p class='ocr_par' dir='ltr' id='par_1_9' title="bbox 0 0 1362 4980">
     <span class='ocr_line' id='line_1_37' title="bbox 0 0 1362 4980; baseline 0 0"><span class='ocrx_word' id='word_1_282' title='bbox 0 0 1362 4980; x_wconf 95' lang='lat' dir='ltr'><strong> </strong></span> 
     </span>
    </p>
   </div>
  </div>
 </body>
</html>
