2714 4980
541 311 620 358 rsus
642 311 801 359 succum.
1171 299 1236 361 365

116 435 242 499 riorum
254 431 454 517 generalium
471 432 544 501 fieri
559 453 578 500 a
593 432 669 520 jure
684 435 928 521 exceptionem3
946 437 991 503 ita
1006 445 1055 516 ut,
1074 437 1153 504 licet
1166 437 1238 505 veri

115 551 182 615 siut
201 549 355 634 delegati,
377 549 599 634 praecludatur
619 551 786 617 tamenab
802 551 879 635 ipsis
904 551 948 618 ad
968 553 1143 638 Episcopos
1162 571 1238 622 suos

113 667 311 752 appellati03
337 686 401 751 qua
432 669 537 751 posita
562 667 752 753 hypothesi,
779 676 850 734 tota
876 670 925 734 ris
950 671 1237 754 argumentationis

114 790 238 849 nostrae
249 801 403 850 corruere
418 781 579 849 censenda
590 783 643 847 sit.
662 785 742 850 Nam
755 782 905 850 decrevit
920 783 1051 869 quidem
1065 786 1120 851 lex
1134 786 1238 852 eccle-

115 899 244 964 siastica
266 915 333 963 non
356 904 470 983 patere
497 917 517 962 a
542 899 670 965 Vicario
693 900 838 984 generali
853 898 897 966 od
917 901 1019 983 ipsius
1042 901 1237 986 Episcopum

115 1015 390 1099 appellationem
408 1013 467 1080 sed
484 1015 580 1080 simul
599 1016 778 1082 declaravit
802 1015 838 1082 id
856 1018 948 1102 sequi
970 1035 1012 1082 ex
1029 1025 1149 1085 notura
1168 1018 1237 1101 ipsa

112 1130 350 1218 jurisdictionis
362 1132 489 1197 Vicario
504 1131 648 1216 generali
667 1135 898 1219 competentis3
910 1153 1002 1201 exeo
1017 1152 1135 1217 nempe
1148 1132 1238 1219 (prod

114 1249 219 1333 ipsius
234 1247 433 1314 auditorium
445 1269 539 1313 onom
559 1258 588 1313 ct
610 1253 690 1314 idem
711 1254 887 1315 censendum
913 1258 955 1315 sit
976 1271 1051 1316 cunr
1075 1249 1238 1317 auditorio

116 1365 287 1449 Episcopi,
316 1373 352 1431 et
379 1365 467 1451 quod
494 1367 660 1450 appellare
688 1366 731 1432 ab
759 1369 830 1450 ipso
861 1366 904 1433 ad
932 1369 1125 1453 Episcopum
1152 1375 1238 1433 esset

116 1483 285 1567 appellere
298 1485 336 1546 ab
349 1485 448 1546 eodem
463 1486 504 1547 cd
522 1486 667 1546 eamdem.
690 1483 776 1567 Ergo
793 1484 919 1568 exlege
934 1485 1004 1567 ipsu
1022 1484 1239 1549 ecclesiastica

117 1604 247 1664 constat
267 1599 388 1663 Vicurii
408 1598 568 1681 generalis
588 1597 847 1683 jurisdictionem
872 1617 943 1664 esse
964 1619 1006 1665 ex
1022 1606 1142 1665 natura
1160 1618 1236 1678 sua,

116 1734 178 1780 seu
194 1715 421 1794 essentialiter,
437 1713 600 1779 diversam
612 1712 798 1798 adelegem,
814 1723 848 1781 et
860 1716 1046 1798 nullatenus
1057 1714 1240 1782 hahendam

117 1849 191 1897 esse
216 1836 370 1915 tanquam
395 1831 631 1914 privilegiatam
657 1830 797 1915 aliquam
827 1829 1057 1916 jurisdictionis
1082 1832 1239 1916 delegatae

112 1948 270 2031 speciem.
296 1950 332 2011 3⁰
357 1947 413 2012 Est
439 1947 552 2030 regula
576 1947 610 2010 in
636 1946 711 2031 jure
738 1946 934 2023 certissima,
964 1946 1152 2032 delegatum
1174 1966 1240 2012 non

113 2082 211 2148 posse
224 2083 352 2129 causam
367 2064 463 2128 alteri
476 2062 641 2147 delegare,
658 2082 717 2129 seu
732 2063 812 2130 dare
825 2062 970 2148 judicem
984 2084 991 2148 ;
1010 2085 1029 2129 a
1045 2083 1109 2150 qua
1125 2065 1240 2148 regula

114 2182 279 2265 excipitur
300 2179 469 2245 dumtaxat
487 2180 666 2263 Delegatus
684 2179 779 2263 Papae
799 2201 806 2244 :
828 2186 955 2246 constat
977 2200 1018 2246 ex
1037 2182 1142 2264 capite
1159 2186 1240 2246 Cau·

114 2319 182 2363 scm
196 2299 262 2385 (62,
284 2302 321 2363 de
335 2295 481 2383 Appeld),
497 2299 608 2382 inquo
623 2299 669 2362 sic
683 2297 823 2364 habetur
842 2319 849 2363 :
866 2319 932 2362 cum
946 2305 1067 2363 nonnisi
1084 2303 1240 2382 delepatoc

114 2436 135 2478 a
150 2421 294 2498 Principe
308 2434 443 2478 caussam
456 2417 558 2477 calcat
569 2416 626 2476 alii
638 2416 787 2496 deleqcre.
805 2414 944 2481 Aliunde
962 2435 1056 2500 posse
1070 2416 1142 2482 dari
1151 2414 1236 2502 judi·

115 2551 189 2597 cem
204 2551 223 2596 a
237 2532 366 2597 vicario
381 2529 524 2614 generali
544 2530 695 2615 Episcopi
716 2529 936 2597 indubitatum
956 2539 1006 2597 est
1023 2532 1113 2615 apud
1126 2532 1239 2600 docto

114 2669 171 2715 res
184 2671 192 2734 3
210 2655 245 2713 et
256 2655 381 2713 constat
392 2667 433 2713 ex
448 2648 553 2731 cupite
564 2651 697 2712 Romano
715 2647 759 2733 (1,
772 2647 860 2713 tituli
874 2649 926 2727 13,
942 2649 1018 2714 libri
1033 2651 1061 2728 l,
1075 2647 1236 2734 inserto),

116 2765 211 2852 cujus
230 2784 358 2831 sensum
378 2767 423 2830 ita
446 2764 579 2848 exponit
600 2765 664 2849 ipsi
689 2765 822 2849 prefixa
846 2765 1006 2831 rubrica:
1033 2767 1240 2832 «Successor

118 2907 135 2944 u
154 2880 305 2948 Officiolis
319 2882 608 2959 excommunicati,
628 2881 926 2947 excommunicatus
944 2902 1009 2948 non
1028 2890 1095 2960 est,
1121 2883 1182 2947 nisi
1198 2883 1232 2947 in

118 3024 135 3063 «
155 2999 290 3064 crimine
309 2996 461 3063 damnato
474 2998 690 3064 communicet
706 3021 712 3064 :
730 2999 786 3063 illa
802 3005 911 3064 cutem
927 3017 997 3083 quae
1014 3005 1159 3077 exercet,
1180 2998 1238 3064 illo

119 3139 137 3178 ι(
156 3115 434 3180 excommunicato
449 3121 614 3192 mouente,
629 3135 694 3180 non
710 3114 830 3193 volent,
846 3114 873 3178 si
885 3113 1067 3199 jurisdictio
1079 3115 1184 3180 solum
1196 3114 1240 3180 ab

119 3256 136 3294 «
154 3251 195 3298 eo
213 3241 346 3316 recepta
360 3231 421 3296 hoo
440 3231 528 3296 facit.
543 3255 559 3292 »
589 3232 636 3295 Ex
655 3250 720 3315 quo
734 3231 882 3315 legitime
897 3232 1114 3311 concluditur,
1133 3230 1240 3299 valida

116 3369 189 3417 esse
201 3367 272 3433 quae
283 3347 368 3412 fiunt
381 3366 442 3430 per
451 3367 526 3413 eum
539 3366 637 3432 quern
648 3347 709 3413 sibi
723 3347 892 3414 substituit
904 3349 1049 3416 Vicarius
1061 3349 1236 3433 generalis,

116 3473 152 3532 et
168 3485 209 3530 ex
224 3465 291 3529 sola
307 3462 532 3549 jurisdictione
554 3483 650 3549 quam
667 3462 757 3528 idem
769 3465 921 3530 ·Vicorius
943 3466 1102 3549 generalis
1125 3465 1156 3531 ei
1180 3465 1241 3529 im-

115 3581 274 3667 pertitur,
290 3579 388 3645 modo
406 3581 476 3663 ipse
491 3580 637 3646 Vicarius
653 3581 813 3664 generalis
828 3581 889 3646 sub
909 3583 1239 3649 excommunicatione

115 3718 184 3765 non
195 3698 332 3782 existut;
348 3717 406 3762 seu
426 3697 495 3761 aliis
513 3696 678 3774 terminis,
701 3702 810 3780 potest
824 3697 970 3763 Vicarius
984 3699 1144 3781 generalis
1159 3698 1239 3765 dare

114 3815 272 3902 judicem.
294 3812 388 3880 Unde
405 3813 522 3878 merito
535 3812 652 3877 inferri
666 3811 801 3878 videtur
815 3831 890 3878 eum
907 3832 976 3878 esse
993 3813 1191 3879 ordinarium
1206 3823 1241 3880 et

115 3949 183 3996 non
213 3928 411 4013 delegatum.
445 3930 520 3993 Haec
550 3937 661 3994 tamen
691 3928 789 3994 tertia
818 3929 967 4012 probatio
999 3927 1150 4009 eliditur,
1180 3950 1241 4014 per

114 4047 304 4131 ‘opinionem
317 4043 405 4129 apud
422 4045 602 4109 canonistas
616 4049 664 4109 sat
682 4053 864 4127 receptum,
879 4063 972 4128 posse
994 4043 1180 4128 delegatum
1199 4046 1240 4112 eh

116 4165 277 4248 Episcopo
291 4164 332 4224 cd
352 4163 612 4225 cnicmsclitctem
630 4180 799 4240 consuram,
826 4161 923 4226 alium
941 4160 1167 4245 subdelegure‚
1180 4164 1242 4229 sal-

115 4283 188 4342 tem
210 4274 259 4362 (ut
270 4274 315 4339 eit
332 4269 634 4356 Schmalzgrueber)
650 4291 691 4337 ex
706 4272 953 4339 consuetudine.
976 4276 1065 4338 Tunc
1081 4274 1166 4339 enim
1184 4295 1241 4359 po-

115 4399 219 4460 testas
230 4389 328 4457 dandi
335 4388 479 4475 judicem
489 4406 555 4453 non
563 4394 717 4472 argueret
727 4389 910 4454 necessario
920 4389 953 4453 in
961 4390 1087 4456 Vicario
1098 4392 1241 4475 generali
