2714 4980
561 299 641 348 ruas
663 300 779 348 enims.
1166 287 1231 353 stc

114 425 343 509 &ceptionem
355 419 489 491 adducti
503 427 772 507 «protocursorem
782 428 980 509 reprobatorit
993 427 1102 494 vocari
1113 428 1229 495 solent.

114 539 188 622 Quo
204 547 399 624 prenotato,
412 541 580 625 queritur.

123 707 129 713 .
161 659 193 722 l.
221 661 379 739 Quousque
398 660 516 721 testum
528 664 570 722 ott
583 662 742 740 reprobare
764 663 874 724 testes?
888 696 935 711 -·-
947 659 987 726 Id
1006 660 1153 728 definivit
1168 665 1234 730 llo·

110 775 227 843 nortus
238 777 288 842 Ill
305 774 356 840 his
367 773 477 841 verbis
496 796 503 841 :
526 774 760 851 «mandamns,
779 785 940 862 quatenns
951 779 1115 862 recipiatis
1130 785 1237 846 testes
1337 844 1341 849 .

113 908 231 975 «quos
245 899 363 957 contra
373 909 528 974 personas
541 891 778 974 productorum
798 912 898 977 snper
919 895 1087 979 principali
1102 896 1238 978 negotio:

112 1015 258 1091 «partes
279 1006 431 1073 duxerint
455 1005 687 1091 producendos
711 1031 718 1074 :
742 1011 870 1095 quossi
893 1029 1005 1075 rursus
1030 1029 1105 1095 pars
1130 1006 1233 1078 altera
1341 1048 1345 1054 ·

112 1124 201 1189 «vel
227 1132 366 1210 utraque
396 1122 540 1190 voluerit
567 1125 762 1208 reprobare,
793 1134 905 1191 contre
931 1127 1003 1192 illos
1026 1127 1232 1210 probationes
1269 1125 1272 1132 ’

111 1239 323 1307 «admittere
346 1243 543 1326 procuretis;
565 1244 610 1308 ita
626 1241 715 1327 quod
734 1244 821 1309 ultra
839 1263 903 1309 non
921 1244 1016 1310 liceat
1028 1244 1174 1328 partibus
1189 1243 1232 1309 ad

111 1356 370 1443 «probationem
396 1360 529 1424 testium
552 1361 695 1443 aspirare
723 1382 730 1424 :
759 1381 801 1425 ne
817 1362 848 1451 si
872 1359 1075 1445 producendi
1100 1369 1232 1446 quartos

111 1483 260 1539 «eontra
284 1475 408 1554 tertios,
433 1477 530 1541 etsie
549 1475 714 1559 deinceps,
731 1477 881 1559 partibus
903 1478 1034 1543 licentia
1051 1477 1227 1556 tribuatur,

111 1592 309 1675 «negotium
326 1591 448 1657 diutius
463 1593 621 1676 protelari
644 1593 808 1676 contingat
827 1615 844 1655 a
863 1593 973 1680 (caput
992 1596 1047 1672 49,
1066 1594 1153 1659 tituli
1174 1596 1228 1670 20,

107 1702 187 1775 libri
209 1702 401 1791 2deeret.).
422 1703 517 1771 Unde
543 1705 622 1771 licet
647 1704 780 1790 quidem
798 1705 977 1791 reprobare
1001 1712 1103 1772 testes
1120 1709 1232 1789 probu-

108 1824 215 1900 torr'os,
234 1826 269 1884 et
283 1820 415 1904 insuper
439 1824 682 1904 probatorius-um
706 1823 940 1904 reprobatorios;
960 1840 1031 1887 non
1049 1829 1159 1887 autem
1182 1841 1231 1894 re·

102 1938 590 2023 probeteriorumreprobetorios.

123 2130 127 2137 .
153 2055 191 2117 2.
204 2057 331 2134 (luisset
341 2058 445 2120 modes
459 2059 624 2120 servandus
635 2062 669 2120 io
680 2058 885 2137 reprobatione
895 2059 1035 2120 testium?
1048 2092 1094 2103 -—
1108 2058 1139 2120 1⁰
1149 2055 1230 2121 Pers

108 2189 181 2256 qum
202 2171 276 2238 vult
294 2172 471 2256 reprobare
492 2179 595 2239 testes
615 2172 820 2256 probatorios
835 2171 935 2238 debet
949 2172 1099 2255 specifice
1122 2172 1230 2254 expri-

109 2308 219 2371 mere,¹
235 2295 308 2354 tum
326 2289 459 2355 erimine
478 2309 537 2355 sen
556 2288 707 2355 defectus
729 2309 811 2374 quos
822 2291 898 2373 ipsis
911 2290 1057 2373 opponit,
1080 2296 1151 2354 tum
1172 2307 1232 2353 no-

108 2406 194 2473 mina
208 2405 413 2484 eorumdem,
428 2412 499 2473 tum
518 2407 617 2473 etiam
629 2409 758 2473 nomine
770 2407 905 2472 testium
919 2425 980 2490 per
993 2425 1076 2491 quos
1089 2405 1230 2473 intendit

107 2519 170 2588 bas·
186 2523 398 2606 exceptiones
415 2524 567 2609 probare.
591 2524 699 2591 Debet
722 2525 822 2607 igitur
845 2525 1038 2608 positionem
1061 2525 1169 2591 facere
1195 2524 1229 2589 in

108 2638 195 2715 bunc
219 2639 353 2706 modum
378 2663 385 2707 ε
410 2664 428 2704 «-
446 2640 586 2708 Intendo
608 2642 748 2727 probare
773 2642 873 2706 talem
891 2647 1008 2707 testem
1029 2660 1098 2707 esse
1119 2639 1230 2724 perju-

111 2777 232 2843 «.rum;
252 2760 326 2842 qnie
337 2760 371 2824 in
384 2759 443 2825 tali
461 2779 556 2825 causa
576 2759 693 2824 falsum
706 2758 894 2842 deposuisse
909 2760 1077 2824 convictus
1097 2759 1175 2841 fnit;
1194 2765 1228 2822 et

110 2873 202 2938 «hoo
215 2872 356 2956 probare
368 2874 441 2941 volo
455 2894 516 2958 per
531 2881 632 2942 testes
650 2877 718 2941 N...
737 2881 772 2940 et
788 2879 857 2942 N...
872 2907 885 2931 »ι
903 2879 979 2941 Esse
995 2877 1040 2941 ita
1052 2875 1229 2940 observan-

108 2987 186 3055 dum
202 2988 245 3055 ab
264 3008 305 3055 eo
319 2990 458 3074 quivult
471 2990 649 3074 reprobare
670 3000 773 3057 testes
792 2993 1008 3076 probatores,
1027 2991 1230 3057 concludunt

106 3112 258 3172 auctores
272 3125 312 3173 ex
325 3106 430 3189 capite
442 3112 640 3172 presentium
658 3109 701 3195 (2,
719 3109 807 3174 tituli
825 3113 875 3188 10,
894 3109 1012 3186 libna,
1028 3107 1118 3194 ino).

147 3225 184 3286 2⁰
201 3221 267 3302 Qui
282 3229 392 3286 autem
409 3223 480 3287 vult
494 3223 673 3306 reprobare
690 3224 953 3307 probatoriorum
970 3226 1223 3310 reprobatoriosa

101 3337 208 3407 debet
226 3339 360 3422 insuper
372 3345 470 3405 antea
481 3341 702 3425 juramentum
714 3346 843 3407 maletto
857 3352 1028 3427 praestare3
1045 3343 1157 3422 idest,
1174 3343 1225 3429 ju-

99 3472 178 3520 rene
198 3473 234 3518 se
249 3452 291 3519 ad
307 3454 389 3520 hane
408 3455 676 3541 reprobationem
691 3477 755 3523 non
779 3458 961 3541 procedere
978 3461 1147 3539 malitiose,
1168 3480 1226 3526 seu

96 3571 144 3643 ed·
158 3570 393 3638 retardandum
414 3592 517 3638 cnusae
537 3573 789 3657 expeditionem.
809 3576 941 3642 Constat
956 3597 996 3642 ex
1012 3577 1110 3642 modo
1131 3579 1226 3642 citata

96 3687 265 3754 decretali
275 3693 484 3770 Proeseotium,
504 3689 537 3754 in
553 3690 629 3756 fine.
642 3692 699 3756 Ast
715 3691 876 3777 ejusmodi
888 3693 1120 3779 juramentum,
1130 3696 1163 3757 in
1175 3713 1233 3758 cu*

96 3807 156 3871 riis
175 3804 276 3870 etiam
293 3806 527 3885 ecclesiasticis,
549 3807 718 3874 obsolevit.

143 3924 209 3990 Ill.
235 3925 288 3988 Ao
296 3929 395 4004 possit
414 3927 657 4007 pectorepectore
677 3932 764 3989 testes
786 3947 805 3988 a
824 3947 855 3990 se
866 3929 1108 4007 productosl-
1126 3935 1156 3993 1ῠ
1171 3931 1226 3995 ast

96 4039 219 4125 regula
237 4038 434 4122 generaliter
452 4038 608 4117 admissa,
635 4061 700 4106 non
722 4061 815 4124 posse
840 4061 914 4107 eum
936 4042 1018 4108 tales
1036 4051 1137 4108 testes
1154 4052 1225 4109 tan-

97 4176 204 4244 quam
218 4155 375 4222 inhabiles
389 4157 580 4240 reprobare.
597 4161 631 4222 2⁰
647 4160 738 4224 Duos
752 4165 862 4223 tamen
877 4159 918 4224 ab
934 4159 994 4223 hac
1010 4160 1121 4243 regula
1138 4162 1225 4227 enci-

100 4270 247 4358 piendos
265 4290 336 4337 esse
353 4291 445 4337 casus
463 4272 509 4338 ait
524 4272 813 4356 Schmnlngrueber
830 4274 873 4360 (in
894 4275 945 4339 tit.
970 4278 1023 4353 io,
1039 4275 1115 4340 libri
1131 4279 1152 4341 2
1168 4277 1226 4342 dc-

100 4397 205 4469 oret„
224 4407 258 4451 n.
284 4385 356 4472 140)
376 4409 382 4453 :
400 4392 515 4468 Primo,
537 4390 563 4453 si
588 4409 682 4454 causa
697 4388 895 4472 reprobandi
913 4390 955 4456 de
971 4411 1058 4460 novo
1073 4403 1223 4477 exurgat,
