2714 4980
490 323 569 369 rens
591 323 751 372 simonos.
1115 309 1177 374 len

58 450 206 515 sentiunt
229 445 396 512 doctores.
419 443 514 531 (Vide
530 445 690 532 Pirrhing.
713 448 749 513 iu
762 450 815 514 til.
836 452 889 527 50,
906 449 983 514 libri
997 453 1017 514 3
1033 448 1176 527 decret,

58 585 94 631 u.
110 562 181 649 Β.)

103 683 305 748 Puorosmo
323 681 375 744 Vt
387 716 433 731 -
447 681 473 744 l
488 684 623 762 peierati
641 683 704 763 leqe
721 701 781 762 qne
795 684 912 745 clericis
922 690 953 745 et
967 684 1116 764 reliqioris
1131 688 1182 748 ie·

59 801 222 864 tcrdteitrrr
231 802 403 863 notariatus
412 797 560 879 effidem,
573 801 756 879 concipiendus
769 805 839 862 suot
852 818 949 861 ccmo
958 799 1182 877 fidei--Nam

57 915 92 979 in
118 911 282 999 ejusmodi
303 913 407 978 causis
430 930 524 996 posse
549 911 710 997 quidquid
733 911 775 978 ad
792 913 1024 980 tabellionatus
1044 911 1184 979 officium

58 1031 206 1115 pertinet
226 1047 287 1112 per
310 1027 448 1094 clericos
469 1035 504 1094 et
525 1029 692 1112 religiosos
708 1030 831 1112 peragi,
853 1047 1007 1113 expresse
1029 1027 1182 1096 decrerit

58 1147 212 1213 Clemens
222 1146 267 1210 lv
279 1145 313 1209 in
325 1163 425 1230 supra
436 1145 633 1229 transcripto
645 1145 752 1229 capite
769 1146 965 1226 Utosficium.
983 1145 1063 1226 Qun
1073 1152 1184 1211 tomen

57 1263 228 1330 concessio
235 1261 366 1326 limitari
378 1259 589 1345 intelligendu
603 1267 665 1338 est,
684 1267 785 1343 prout
796 1262 830 1324 iu
843 1261 913 1343 ipso
922 1267 1018 1326 textu
1031 1260 1186 1344 exprimi-

57 1387 126 1458 tur,
144 1377 367 1462 adreligiosos
381 1380 519 1459 paidom
536 1383 681 1441 cesentio
699 1380 807 1440 secolo
826 1379 1040 1441 tabellionatus
1049 1377 1186 1458 officiare

55 1497 228 1558 monemur
238 1501 488 1573 eteecrcaeront·
504 1498 539 1558 et
550 1491 593 1557 nd
610 1493 748 1560 clericos
760 1493 933 1558 seculares
943 1494 1186 1576 offiaomtpsem

55 1611 218 1675 latentes.

101 1727 305 1793 Psorosrmo
329 1726 398 1792 ΥΡ.
421 1762 468 1779 -·-
492 1727 518 1790 Α
538 1728 672 1809 emuli
690 1728 753 1807 lere
771 1745 830 1807 quo
851 1727 970 1788 clericis
986 1727 1182 1790 interdicitur

52 1847 230 1908 wtoriotus
248 1843 394 1924 minem,
406 1844 804 1924 superlinendum
817 1847 871 1923 qai
883 1861 903 1904 α
917 1843 994 1905 Sede
1007 1844 1182 1923 Apostolico

52 1963 277 2024 mturiicrcoti
286 1967 369 2024 mni.
389 1995 436 2009 --
450 1959 525 2024 llaec
536 1959 700 2025 conclusio
714 1966 765 2024 est
783 1965 874 2024 certa
888 1963 923 2024 et
943 1965 1037 2023 entra
1052 1965 1184 2025 coutro-

53 2075 200 2141 versiam
219 2075 335 2158 positn.
354 2075 448 2142 Ratio
467 2081 576 2140 autem
592 2094 656 2161 qua
667 2075 785 2140 nititur
798 2074 931 2140 omuino
945 2092 1015 2139 rem
1035 2073 1180 2141 evincit:

53 2193 121 2258 lroc
136 2192 209 2275 ipso
223 2210 341 2275 nempe
354 2190 444 2278 quod
463 2193 550 2276 Papa
567 2192 723 2257 clericum
741 2191 881 2276 aliquem
897 2191 1059 2257 nomnium
1079 2180 1182 2266 creat,

52 2309 155 2393 eique
182 2309 363 2374 notariatus
383 2306 562 2375 exercendi
583 2314 781 2392 potestatem
794 2306 893 2384 facit,
919 2302 1184 2389 derogatquoad

51 2426 164 2510 ipsum
185 2425 330 2508 generali
344 2426 468 2510 regule
488 2443 554 2510 qua
573 2422 703 2490 aliunde
727 2424 826 2489 atnli
847 2421 1033 2488 exercendo
1047 2439 1184 2488 munere

50 2541 302 2628 prohiberetur.

99 2660 188 2726 Item
202 2658 237 2723 iu
250 2659 340 2724 curia
358 2678 490 2725 romanu
513 2665 648 2742 possunt
662 2657 774 2724 elerici
794 2657 993 2724 notariatum
1010 2675 1180 2723 exercerer

51 2794 96 2842 ex
115 2793 159 2840 eo
182 2773 272 2859 quod
296 2775 343 2840 ita
363 2774 436 2841 fieri
457 2775 627 2860 permittat
644 2775 795 2840 Summus
809 2773 986 2839 Pontifex:
1009 2800 1024 2829 s
1042 2773 1183 2838 Possunt

55 2918 73 2949 α
92 2890 206 2970 etiam,
224 2891 270 2958 ait
284 2892 440 2970 Ferraris,
458 2891 568 2957 elerici
580 2909 651 2956 esse
667 2890 786 2958 notarii
795 2891 892 2974 Papae
907 2896 965 2954 aut
978 2889 1011 2953 in
1026 2888 1118 2953 curia
1127 2906 1182 2954 ro·

56 3038 71 3064 a
85 3026 196 3073 mona.
210 3006 401 3094 (mgnanus,
413 3008 447 3071 in
458 3014 557 3091 caput
566 3011 652 3072 Sicut
662 3015 691 3071 te
701 3012 734 3087 8,
747 3007 800 3072 tit.
814 3011 858 3071 Ne
867 3008 970 3069 clerici
975 3008 1023 3068 rel
1030 3004 1179 3083 merocli,

56 3155 72 3180 α
89 3143 128 3189 ιι.
139 3125 186 3189 60
202 3132 237 3190 et
251 3125 305 3202 68,
322 3131 357 3189 et
368 3122 521 3202 Barbosa‚
537 3123 632 3202 ibid,
652 3143 685 3188 n.
706 3120 751 3208 7.)
769 3125 850 3191 Nam
865 3124 953 3206 Papa
961 3120 1176 3200 admittendo,

57 3272 72 3299 c
93 3239 152 3306 vel
162 3237 302 3305 officium
316 3239 378 3307 hoc
391 3240 569 3307 tribuendo
583 3241 721 3320 clericis,
737 3239 871 3306 ridetur
883 3259 939 3306 eos
953 3238 1122 3305 habilitare
1136 3236 1179 3305 ad

57 3388 72 3417 ι
90 3354 180 3422 illud
191 3355 426 3422 exercendum.
445 3386 459 3412 ι·
485 3355 545 3441 (nd
557 3375 671 3423 vocem
686 3360 831 3435 Clericus,
855 3362 917 3424 art.
934 3359 966 3434 3,
983 3375 1017 3421 n.
1039 3353 1109 3439 66.)

102 3474 304 3540 Pnorosruro
324 3473 408 3538 Ἥ.
430 3508 466 3523 ·-
485 3477 607 3538 Attente
615 3479 687 3557 jere
701 3479 849 3537 commoni
870 3478 993 3556 swapilo,
1014 3473 1180 3555 prohibitio

54 3590 210 3672 pennulis
220 3608 279 3670 pre
293 3591 410 3653 clericis
426 3593 619 3653 interdicitur
634 3596 804 3653 mloriotrcs
816 3589 961 3672 officinm,
983 3589 1181 3669 inlelltqcndu

57 3711 136 3769 osset
153 3710 246 3771 etiem
256 3707 355 3787 quood
369 3711 485 3769 cariore
501 3709 730 3769 ecclesiasticam
744 3714 775 3769 et
784 3725 891 3768 corsos
900 3706 1124 3769 ecclesiasticas.

105 3822 187 3887 Nam
202 3821 236 3886 iu
257 3823 354 3886 citata
372 3820 532 3887 decretali
551 3826 592 3886 llt
607 3824 737 3903 officium
750 3821 875 3887 clericis
893 3827 928 3886 et
944 3819 1102 3903 religiosis
1118 3836 1180 3902 per

59 3936 197 4003 modum
220 3937 422 4022 exceptionis
443 3938 634 4004 conceditur
657 3938 837 4004 notariatus
857 3934 1013 4015 officium,
1031 3936 1066 3999 in
1080 3939 1179 3999 censis

59 4052 234 4119 dumtaxst
247 4054 332 4133 fidei,
348 4042 430 4119 et'iis
439 4060 566 4119 tantum
579 4054 708 4120 clericis
723 4060 757 4118 et
769 4053 926 4137 religiosis
940 4052 996 4136 qui
1010 4057 1107 4116 antea
1120 4067 1179 4115 uo·

60 4169 217 4234 laniatum
236 4177 455 4236 exercuerunt
480 4191 487 4235 :
514 4189 593 4254 ergo
611 4168 742 4254 dejure
761 4169 923 4233 communi
940 4165 1078 4232 officium
1095 4163 1179 4232 illud

62 4285 96 4349 iu
108 4286 238 4351 certeris
248 4287 362 4364 causis,
376 4287 475 4351 etiam
486 4286 725 4364 ecclesiasticis,
743 4292 815 4350 erat
832 4283 958 4349 clericis
972 4281 1123 4348 omnihus
1135 4281 1180 4347 in·

63 4399 253 4471 terdictunr.
278 4402 425 4492 Alioquin
443 4403 531 4472 enirn
544 4402 715 4492 privilegio
727 4399 835 4494 quoad
849 4400 986 4473 clericos
1001 4416 1064 4492 pro
1077 4397 1183 4471 nunu
