2714 4980
549 334 628 382 PARS
650 334 762 381 PRIMA.

552 567 685 634 CAPUT
703 569 744 633 11.

425 812 471 860 DE
487 810 600 861 GAUSIS
613 810 870 862 emmeramus.

136 1043 327 1129 spirituales
344 1044 500 1111 dicuntur
513 1064 616 1112 cause
629 1045 692 1111 illae
711 1077 724 1101 «
742 1064 813 1131 qnae
829 1066 870 1112 er
884 1046 1015 1134 objecto
1031 1065 1091 1113 sno
1106 1064 1208 1114 sacra

102 1170 212 1243 «sunt,
228 1181 286 1228 sen
303 1180 375 1248 qua
391 1170 563 1229 versantur
574 1163 660 1229 circa
675 1183 746 1230 rem
762 1182 887 1231 sacram
905 1173 940 1231 et
952 1165 1167 1249 spiritualem.
1188 1194 1202 1221 »

98 1279 409 1366 (Sohmalzgrneber,
427 1283 461 1346 in
472 1280 604 1348 titulum
629 1285 666 1346 de
690 1286 830 1363 Iudiciis,
848 1282 924 1348 libri
940 1286 959 1348 2
977 1281 1203 1363 decretalium,

95 1416 123 1461 n.
144 1394 214 1481 50.)
233 1397 324 1464 Tales
339 1406 414 1464 sunt
429 1417 500 1484 qum
515 1396 556 1464 ad
569 1397 680 1478 iidem,
701 1407 914 1477 sacramenta,
932 1398 1167 1466 absolutionem
1185 1418 1206 1467 a

94 1514 174 1579 votis
193 1519 229 1579 et
245 1513 447 1600 iuramentis,
465 1514 671 1595 saonficinm,
696 1516 950 1595 sacramentalia,
978 1517 1061 1583 ritus
1084 1535 1203 1596 sacros,

94 1649 246 1696 censuras
261 1639 296 1698 et
311 1632 388 1698 alias
401 1651 512 1716 poenas
530 1651 621 1700 mere
635 1634 880 1713 ecclesiasticas,
897 1634 1024 1720 aliaque
1046 1632 1095 1700 bis
1118 1635 1205 1700 dmi-

92 1747 129 1812 lia
143 1747 325 1831 pertinent.

131 1866 354 1951 spiritualium
365 1869 464 1934 etiam
474 1886 646 1934 cansarum
661 1868 790 1934 nornine
803 1869 938 1934 veniunt
950 1868 1023 1947 illae,
1039 1886 1110 1954 quae
1125 1868 1205 1936 licet

92 1982 263 2050 intrinsece
278 1985 465 2068 spirituales
478 2004 543 2050 non
561 1987 634 2064 sint,
654 2004 694 2051 eo
709 1982 798 2070 quod
814 2004 927 2051 earnm
942 1984 1108 2071 objectum
1119 1987 1153 2051 in
1166 2004 1203 2053 se

92 2099 259 2167 dumtaxat
280 2100 520 2169 consideratum
541 2105 582 2168 sit
600 2103 679 2189 qnid
697 2104 890 2188 temporale,
912 2102 1132 2188 spiritualibus
1154 2110 1205 2169 ta-

93 2237 162 2285 nen
188 2216 421 2298 adnectuntur,
444 2227 478 2286 et
504 2222 630 2287 ratione
649 2219 746 2306 hujus
769 2221 955 2288 adnexionis
980 2220 1202 2306 spiritualibus

91 2337 294 2402 annumerari
306 2335 452 2404 debent:
472 2338 653 2424 cujusmodi
666 2347 752 2418 sunt,
764 2339 859 2406 verbi
868 2340 980 2424 gratia,
1000 2357 1103 2404 causae
1115 2342 1202 2406 circa

90 2450 239 2518 redditus
265 2455 509 2534 ecclesiasticos,
538 2457 623 2521 circa
642 2454 800 2536 decimas,
818 2465 882 2523 etc.
906 2456 1027 2522 «Ratio
1048 2462 1108 2535 est,
1126 2457 1201 2543 quia

92 2571 221 2656 «magis
236 2569 370 2655 dignum
383 2572 483 2638 trabit
503 2571 545 2639 ad
565 2592 601 2638 se
625 2573 731 2639 minus
748 2571 882 2657 dignum
910 2573 1070 2660 (arguitur
1093 2574 1200 2656 capite

89 2718 101 2743 a
116 2692 209 2772 Quod
224 2696 258 2753 io
272 2692 373 2754 dubiis
391 2693 423 2771 3,
447 2693 485 2754 dc
503 2695 623 2756 Cooseo.
644 2693 713 2754 eccl.
735 2694 784 2755 vei
801 2687 924 2775 altar.);
939 2698 975 2756 et
997 2707 1051 2755 res
1074 2698 1199 2775 tempo-

87 2836 100 2863 «
115 2807 194 2874 ralis
204 2804 323 2873 desinit
338 2827 408 2874 esse
417 2808 499 2888 talis,
511 2810 749 2894 quamprimum
768 2808 927 2892 spirituali
942 2827 1066 2874 annexa
1082 2808 1196 2886 luerit,

85 2954 99 2980 α
116 2931 220 3010 prout
234 2925 391 2991 elucescit
408 2943 473 2990 non
490 2931 618 2992 tantum
637 2946 677 2992 ex
697 2924 771 3010 jnre
791 2945 883 2992 sacro
900 2925 983 3012 (can.
1011 2929 1047 2990 Sa·
1066 2931 1135 3006 pata
1153 2927 1202 2989 ob·

83 3047 220 3128 «jecerit
235 3050 267 3120 7,
290 3060 376 3107 cans.
394 3046 424 3120 l,
440 3062 472 3128 q.
491 3041 536 3128 3),
555 3042 728 3116 sedetiam
752 3062 792 3109 ex
810 3040 885 3128 jure
901 3040 1086 3126 prophano,
1107 3047 1122 3120 5
1140 3045 1199 3106 So-

83 3189 98 3215 «
112 3181 175 3225 erce
190 3165 222 3240 8,
236 3161 325 3236 inat,
338 3164 374 3225 da
385 3164 454 3225 lter.
471 3163 562 3225 divis.
580 3189 595 3215 ν
616 3159 926 3248 (Schmalzgrueben
937 3157 1109 3225 intitnlum
1130 3163 1141 3224 l
1164 3161 1201 3224 de

75 3278 226 3354 seueras,
242 3274 317 3340 libri
332 3274 589 3353 ldecretalium
608 3294 642 3339 n.
661 3273 729 3359 50.)

126 3394 202 3473 Qua
214 3392 376 3474 premissa
395 3392 437 3458 de
452 3395 555 3458 causis
567 3393 787 3476 spiritualibus
800 3393 944 3472 notione,
962 3391 1014 3471 sit,

126 3512 328 3578 Paoaosnro
344 3512 381 3577 1¹.
398 3546 443 3560 -
458 3514 564 3576 Couaoe
576 3514 751 3594 spirituales
773 3515 814 3576 od
839 3515 938 3593 sorum
963 3514 1196 3575 ecclesiasticum

75 3634 233 3696 exclamas
251 3638 280 3694 et
289 3635 415 3713 proprio
431 3637 505 3713 jure
519 3635 683 3712 perlimat.
705 3664 751 3678 —
765 3629 928 3696 Probatur
938 3635 1049 3712 primo,
1072 3647 1114 3694 aa
1132 3646 1198 3694 una

77 3768 98 3814 e
113 3755 257 3834 quatuor
270 3764 369 3831 supra
382 3745 554 3830 premissis
568 3746 744 3831 principiis.
760 3744 906 3810 Vidimus
923 3764 1041 3829 nempe
1055 3763 1110 3810 eas
1121 3763 1198 3810 oan-

78 3888 133 3934 sas
149 3885 220 3934 esse
235 3866 307 3932 foro
319 3863 539 3932 ecclesiastico
553 3864 785 3943 accensendas,
802 3883 880 3950 quas
900 3882 965 3929 suae
978 3861 1199 3949 jurisdictioni

77 3982 264 4069 subjacere,
278 4001 338 4068 per
356 3980 491 4048 decreta
509 3983 726 4049 universalem
745 3981 945 4066 disciplinam
966 3979 1198 4046 constituentia

79 4101 225 4167 Ecclesia
250 4098 479 4166 declaraverit.
502 4100 600 4186 Atqui
618 4100 652 4166 id
672 4101 812 4166 monime
827 4098 1017 4165 verificatur
1032 4095 1074 4163 de
1095 4097 1199 4164 causis

81 4217 320 4305 spiritualibns;
338 4225 375 4285 nt
400 4218 496 4304 plane
523 4219 626 4305 liquet
645 4238 685 4285 ex
713 4216 923 4304 sequentibus
946 4214 1197 4303 decretisque

82 4334 336 4431 tanquamleges
359 4334 511 4403 Ecclesia
534 4337 703 4424 generales
723 4336 919 4439 auctoritate
934 4334 1115 4422 apostolica
1131 4334 1199 4404 col·

86 4451 166 4520 lecta
176 4460 253 4520 sunt
266 4462 301 4522 et
312 4453 476 4540 publicata
493 4475 500 4520 ε
