2714 4980
130 298 195 365 298
467 306 654 360 rasornros
675 312 720 360 nn
742 308 891 362 romeus.

109 487 116 501 .
128 440 246 506 citatus
259 452 325 503 non
336 444 532 521 compareat,
547 454 613 501 non
622 438 744 522 poterit
759 433 892 522 quidem
905 430 1099 504 ordinarius
1112 435 1226 504 locide-

129 555 197 620 licti
221 555 256 618 in
275 572 446 638 personam
462 552 680 638 delinquentis
694 553 886 636 procedere,
904 555 978 639 quia
996 573 1060 639 per
1075 572 1228 639 egressum

128 687 171 735 ex
185 669 352 735 territorio
366 676 442 732 ante
453 669 649 747 citationem,
658 667 725 754 jam
736 669 831 735 desiit
843 669 1035 755 delinquens
1048 688 1121 736 esse
1133 669 1230 735 subdi·

128 792 184 850 tus
202 785 289 849 illius
307 782 424 868 judicis
442 783 549 869 quoad
564 802 755 869 personam;
771 787 799 850 si
816 764 927 852 tamen
945 786 1034 852 idem
1054 786 1233 871 delinquens

129 898 215 966 bona
228 897 392 982 possideat
405 900 440 962 in
452 899 621 964 territorio
636 899 756 978 delicti,
767 903 888 984 poterit
902 899 973 985 ejus
985 901 1145 966 territorii
1156 894 1233 966 Ordi

128 1015 239 1080 narius
247 1015 476 1080 immissionem
486 1015 520 1078 in
535 1034 574 1079 ea
585 1015 670 1080 hona
682 1014 861 1082 decernere
876 1037 883 1100 ;
900 1024 934 1082 et
944 1017 972 1082 si
985 1014 1150 1102 ejusmodi
1162 1016 1233 1082 bom

130 1131 248 1197 habeat
268 1130 460 1216 delinquens
472 1130 506 1195 in
517 1131 579 1197 alio
597 1133 773 1211 territorio,
790 1135 912 1216 poterit
928 1130 1124 1199 Ordinarius
1136 1132 1233 1199 delicti

129 1244 339 1313 ordinarium
351 1246 437 1310 illius
454 1246 517 1312 loci
531 1247 697 1331 requirere
715 1249 992 1313 utimmissionem
1007 1248 1233 1332 praedictamin

130 1361 199 1427 haec
211 1361 295 1427 bona
310 1361 419 1426 faciat.
439 1361 532 1449 (Vide
545 1363 842 1447 Schmalzgrueber,
857 1364 929 1431 loco
940 1361 1069 1448 citato.)
1083 1366 1119 1428 4⁰
1134 1365 1233 1429 Potest

131 1478 322 1546 Ordinarius
334 1479 400 1543 loci
413 1480 447 1543 in
461 1497 527 1563 quo
537 1488 702 1563 patratum
714 1489 764 1547 est
775 1481 945 1559 delictum,
958 1481 1170 1547 ordinarium
1181 1480 1233 1545 lori

131 1594 174 1660 ad
189 1613 286 1680 quem
299 1597 444 1679 confug't
459 1595 650 1682 delinquens
669 1597 849 1682 requirere,
874 1605 913 1662 ut
928 1596 1174 1682 delinquentem
1193 1615 1233 1661 re

131 1713 241 1778 mittat
254 1711 297 1776 ad
311 1711 456 1778 tribunal
469 1713 627 1777 territorii
642 1712 773 1797 delicti;
791 1721 826 1779 et
839 1713 1031 1780 Ordinarius
1048 1714 1095 1779 sic
1112 1711 1234 1797 requisi·

130 1839 185 1896 tus
197 1837 332 1896 tenetur
344 1829 379 1896 id
393 1837 558 1916 prestare.
575 1832 623 1895 Sit
634 1832 668 1895 in
686 1831 872 1914 exemplum
887 1833 1026 1897 Jonnnes
1040 1831 1178 1903 clericus
1191 1829 1235 1914 qui

132 1949 261 2014 Parisiis
280 1948 427 2033 deliquit,
446 1955 481 2013 et
499 1947 644 2013 nondum
663 1949 782 2013 citatus
794 1947 989 2032 Lugdunum
1012 1948 1120 2031 petiit.
1134 1948 1235 2012 Potest

130 2063 397 2149 Archiepiscopus
410 2066 596 2131 Parisiensis
609 2064 859 2148 Lugdunensem
868 2065 1045 2131 Praesulem
1062 2066 1234 2151 requirere,

131 2189 168 2246 ut
188 2181 326 2247 Parisios
349 2181 496 2246 remittat
520 2180 734 2266 judicandum
760 2182 928 2246 Ioannem.
957 2183 1113 2263 Quamvis
1137 2188 1236 2246 eutem

130 2298 260 2361 nuncin
274 2298 386 2375 Gallia,
395 2304 429 2362 et
442 2297 592 2381 pluribus
604 2298 673 2362 aliis
682 2297 878 2381 regionibus,
890 2298 991 2362 civilis
1000 2303 1146 2380 potestas
1158 2299 1238 2365 auxi-

126 2413 210 2479 lium
222 2415 382 2479 saecularis
393 2413 517 2479 brachii
527 2435 593 2480 non
602 2414 796 2498 praestet,ad
804 2413 998 2498 exequenda
1009 2412 1133 2500 judicia
1145 2417 1239 2481 eccle·

130 2530 266 2608 siastica,
280 2531 402 2614 poterit
412 2530 526 2596 saltem
538 2531 806 2614 Archiepiscopus
818 2528 1042 2614 Lugdunensis
1052 2530 1238 2613 praedictum

129 2648 284 2713 Joannem
298 2647 359 2712 sub
373 2649 517 2712 censuris
530 2653 566 2712 et
580 2648 684 2733 poenis
698 2647 923 2713 ecclesiasticis
933 2647 1144 2729 compellere,
1161 2655 1199 2713 ut
1210 2665 1240 2712 se

129 2782 239 2829 coram
260 2764 405 2829 Parisino
427 2763 600 2830 Ordinatio
615 2765 707 2829 sistat
721 2772 755 2828 et
774 2762 934 2849 judicium
952 2763 1079 2829 subeat.
1096 2765 1176 2829 Eam
1191 2783 1241 2829 au·

129 2889 197 2948 tem
213 2882 449 2965 obligationem,
463 2880 707 2967 delinquentem
721 2883 767 2946 sic
779 2880 966 2948 remittendi
981 2881 1023 2946 ad
1038 2880 1243 2948 ordinarium

130 3001 194 3066 loci
208 2996 328 3076 delicti,
344 3016 405 3081 pro
420 3002 510 3062 certa
530 2996 651 3062 habent
669 2995 891 3081 jurisconsulti
910 2996 1019 3082 quoad
1031 2994 1174 3081 judices,
1193 2997 1243 3083 qui

130 3117 190 3183 sub
213 3115 332 3182 eodem
359 3133 512 3197 supremo
533 3115 680 3197 principe
696 3115 850 3191 existunt,
872 3121 987 3178 attento
1003 3120 1076 3197 jore
1094 3117 1242 3180 Romano:

130 3250 228 3316 porro
245 3232 415 3297 canonistae
432 3250 503 3296 eam
512 3230 594 3315 juris
608 3231 742 3295 Romani
757 3231 1000 3313 dispositionem
1014 3231 1046 3295 in
1060 3229 1138 3316 jure
1153 3251 1245 3298 cano-

129 3349 202 3413 nico
220 3349 330 3432 vigere
350 3346 574 3432 contendunt3
595 3346 753 3432 eoquod,
773 3355 813 3412 ut
838 3349 938 3426 aiunt,
964 3365 1077 3413 omnes
1098 3348 1245 3434 Episcopi

131 3475 166 3532 et
179 3466 232 3530 alii
245 3463 407 3532 Ordinarii
414 3465 449 3528 in
460 3465 612 3544 Ecclesia,
626 3464 689 3529 sub
703 3485 768 3530 uno
782 3483 936 3548 supremo
954 3465 1112 3549 principe,
1128 3486 1244 3552 nempe

131 3582 229 3665 Papa,
245 3581 299 3667 jus
314 3580 435 3646 dicant.
450 3581 546 3663 Quod
563 3580 638 3646 vide
659 3580 839 3645 discussum
854 3579 941 3664 apud
956 3580 1246 3664 Schmalzgrueher

133 3698 177 3785 (in
189 3698 323 3765 titulum
341 3701 373 3776 2,
393 3697 470 3763 libri
494 3700 513 3762 2
529 3696 754 3774 decretalium,
773 3718 805 3762 n.
823 3700 864 3762 63
882 3703 916 3762 et
928 3693 997 3780 61);
1015 3696 1073 3761 ubi
1088 3699 1189 3763 etiam
1200 3716 1246 3764 rc·

126 3816 234 3898 peries
247 3813 290 3880 de
306 3813 405 3880 modo
423 3812 543 3878 dictam
560 3813 780 3878 remissionem
795 3812 928 3896 petendi
943 3819 977 3877 et
996 3814 1196 3898 exequendi.

170 3931 311 3997 Rnoom
332 3932 377 3995 4¹.
398 3963 440 3979 -
450 3933 485 3995 Si
501 3933 683 3994 ordinarius
698 3932 754 3991 loct
769 3931 872 3992 delicti
883 3932 956 3991 velit
970 3935 1003 3992 in
1018 3931 1244 4012 delinquentem

129 4048 262 4125 beneficii
266 4053 440 4134 priuatione
448 4048 697 4124 animadvertere,
712 4047 900 4126 ipsequidem
909 4043 1011 4129 [juxto
1014 4049 1247 4127 probabiliorem

131 4161 320 4248 sententiam)
341 4163 552 4246 poteritisne
581 4181 699 4244 poenam
721 4167 944 4244 pronuntiare;
967 4162 1020 4224 sed
1040 4168 1176 4225 eccecotio
1200 4165 1245 4243 so-

129 4283 235 4343 cienda
250 4289 295 4343 cst
307 4284 344 4343 ab
359 4284 522 4345 ordinario
537 4283 598 4342 loci
607 4286 641 4344 a'o
658 4298 715 4360 quo
729 4283 903 4362 delinquens
928 4279 1103 4357 beneficium
1122 4283 1240 4344 obticet.

132 4431 178 4448 ν-
189 4393 318 4462 adrem
328 4395 404 4462 iecit
418 4401 516 4480 caput
528 4399 695 4461 Postctasti
709 4395 775 4484 (tl,
789 4395 841 4460 tit..
857 4398 888 4474 2,
901 4395 1005 4462 libne
1019 4391 1241 4478 decretalium)
