2714 4980
195 324 234 388 si
538 340 724 390 rnsnrsrus
746 343 792 390 nn
812 342 960 391 sumens,

141 459 143 463 ’
191 480 266 530 rum
277 463 553 531 Tarraconensem
566 465 760 550 Episcopum
774 466 939 533 scribebat
952 467 985 534 S.
1002 467 1132 535 siricius
1146 470 1258 555 Papa:
1275 475 1317 538 cs

191 583 240 647 lis
253 603 322 647 vcro
336 602 396 647 non
407 590 566 666 inconprue
577 586 697 648 dilectio
712 592 764 648 tun
774 588 975 668 Apostolieom
984 590 1091 653 Selom
1101 588 1235 653 molluit
1246 607 1315 654 con·

190 701 358 779 selendum,
376 705 427 781 qui
440 708 508 763 acto
520 705 711 782 poenitentia,
733 708 876 782 tanquam
888 721 976 765 canes
990 722 1025 765 oc
1038 723 1104 766 sues
1121 706 1162 767 acl
1180 709 1312 769 oornltns

188 823 335 900 pristinos
345 820 375 880 et
384 821 425 880 ecl
436 819 594 880 volutabro
605 821 771 898 redeuntes,
789 824 819 881 et
827 821 946 882 militiae
957 821 1119 900 simpulum,
1135 828 1165 884 et
1177 823 1314 886 tuturos

190 937 369 1018 uoluptates,
391 941 421 998 et
434 955 512 999 nouo
532 941 682 1018 conjupiu,
701 943 731 999 et
748 937 891 1000 inlicitos
908 939 1004 1000 denuo
1022 944 1192 1019 oppetivere
1204 957 1313 1003 conca-

191 1055 373 1118 bitus...'lle
389 1056 505 1134 quibus,
528 1059 599 1134 quio
609 1058 678 1136 jum
696 1057 860 1135 suffupium
877 1073 936 1117 non
956 1055 1065 1118 labent
1077 1059 1259 1136 poenitendi,
1276 1059 1312 1121 lu

191 1173 335 1236 clusimus
354 1174 580 1252 lecmnenclnm,
605 1179 641 1234 ut
660 1173 724 1235 solu
742 1177 825 1235 intro
843 1175 1008 1236 Ecclesiam
1021 1173 1162 1252 fidelibus
1175 1181 1312 1240 oronam

182 1294 366 1373 junpontur,
388 1309 481 1351 sacrm
498 1295 709 1372 mysteriorum
724 1291 876 1368 celebrati,
899 1296 1036 1370 quemuis
1049 1309 1108 1354 non
1122 1299 1305 1373 mereantur,

189 1411 358 1469 intersint:
385 1407 575 1469 cleminicec
590 1395 689 1468 nutem
706 1425 814 1468 mensoe
831 1411 966 1470 conuicio
985 1415 1218 1489 sepreqentur...
1234 1403 1316 1489 Quos

117 1580 120 1584 .
191 1529 290 1586 tomen
306 1520 456 1609 (quoniam
475 1525 594 1586 carnali
608 1524 778 1605 scopilitotc
789 1519 968 1607 ecciderunt)
982 1529 1087 1587 ciolici
1100 1542 1234 1605 munere,
1251 1542 1317 1589 cum

190 1642 231 1704 acl
242 1644 401 1705 Dominum
416 1647 556 1723 coeperint
562 1641 727 1723 proficisci,
739 1661 796 1724 per
809 1628 1023 1705 communionis
1033 1640 1166 1723 protum
1179 1645 1317 1709 colennm

190 1761 351 1824 sublevari.
368 1763 464 1840 Oetam
475 1762 605 1841 formum
619 1766 648 1821 et
658 1763 737 1822 circo
748 1762 899 1839 mulieres,
915 1778 981 1840 puoe
991 1779 1022 1822 se
1028 1767 1099 1843 post
1106 1767 1317 1842 punitentium

192 1877 303 1939 talibus
315 1878 534 1958 pollutionibus
551 1878 764 1956 cleoinnerunt,
786 1879 964 1940 seruandam
980 1896 1041 1940 csse
1060 1896 1210 1942 censemus
1225 1879 1314 1965 (Con

191 1995 263 2055 cilio
278 1996 385 2073 Coleti,
408 1998 486 2059 tom.
507 1996 538 2071 2,
563 2011 636 2077 pag.
653 1991 763 2078 1214).
781 1992 873 2060 Anno
890 2012 969 2060 vcro
989 1994 1066 2070 452,
1084 1995 1129 2059 sic
1145 1996 1313 2062 statuebat

191 2110 379 2176 Arelatense
404 2111 600 2177 concilium:
628 2115 778 2176 Punitens
796 2125 982 2193 poscuntque
1006 2113 1145 2193 defuncto
1167 2117 1236 2176 otro
1256 2116 1314 2178 clii

192 2230 301 2291 nubere
315 2235 595 2312 praesumpserit.⁴..,
616 2248 682 2292 cum
697 2232 798 2293 coelem
818 2232 855 2292 ab
877 2231 1015 2293 Ecclesiae
1038 2231 1192 2293 liminibus
1214 2244 1314 2295 arceo·

194 2351 256 2408 tur.
279 2350 342 2408 Hoc
352 2352 444 2408 etium
458 2349 495 2409 cle
512 2352 578 2408 uiro
594 2322 627 2410 in
636 2351 815 2428 punitentia
824 2351 923 2428 posito
932 2348 1051 2427 placuit
1065 2349 1218 2410 obseruari
1230 2346 1314 2435 (con-

195 2461 303 2556 cilium
319 2461 517 2541 transcenso,
541 2464 615 2527 anni
630 2463 707 2540 452,
733 2480 855 2528 canone
876 2459 945 2546 ii).
963 2460 1054 2528 Anno
1073 2463 1149 2540 440,
1169 2460 1213 2528 ad
1232 2463 1313 2530 Rus

193 2580 295 2646 ticum
309 2581 503 2664 Episcopum
519 2578 770 2645 Narbonensem·
786 2578 950 2644 scribebat
971 2587 1100 2645 sanctus
1114 2580 1180 2645 Leo
1195 2580 1310 2665 Papa:

196 2703 389 2763 Contrarium
407 2706 451 2762 est
471 2706 591 2763 omnino
609 2701 813 2762 ecclesiasticis
826 2701 949 2780 repulis,
974 2705 1045 2780 post
1064 2703 1250 2781 poenitentiae
1267 2718 1313 2765 cc

196 2821 304 2880 tionem
322 2818 421 2879 redire
442 2818 483 2880 ool
505 2818 648 2878 militiam
671 2799 853 2878 seculorem.
877 2809 915 2879 In
936 2815 1154 2880 vetustissimo
1167 2815 1258 2884 libro
1275 2821 1312 2883 lc

197 2938 274 2998 Vero
292 2941 321 2997 et
344 2936 424 3015 falsa
439 2938 632 3013 Paenitentia,
656 2933 712 3018 qui
731 2933 805 2998 olim
827 2934 858 2998 S.
878 2931 1056 3017 Augustino
1074 2932 1308 3005 tribuebatur:

196 3051 236 3117 ln
251 3053 299 3114 liis
315 3054 450 3115 omnibus
470 3053 584 3131 clolens,
610 3057 664 3113 aut
685 3053 824 3114 soeculum
845 3053 1043 3132 derelinqunt,
1065 3059 1120 3115 eut
1132 3053 1242 3116 saltem
1256 3050 1312 3118 illu

195 3186 260 3250 puin
273 3173 338 3230 sinc
358 3168 540 3230 admistione
562 3169 638 3230 muli
656 3186 715 3230 non
738 3174 808 3230 sunt
831 3169 1120 3247 administratum
1141 3176 1312 3234 mercatura

195 3291 224 3348 ct
239 3286 391 3348 militie...
413 3285 602 3347 Abstineoto
619 3286 725 3347 multis
745 3286 848 3364 licitis,
871 3290 923 3366 qui
937 3303 992 3366 per
1008 3286 1176 3348 libertatem
1186 3289 1312 3351 arbitrii

194 3402 473 3466 commisitillieita.
499 3398 606 3487 (Apud
619 3401 789 3481 Morinum,
808 3401 880 3467 loco
897 3401 1006 3480 citato,
1024 3419 1098 3486 pag.
1122 3399 1215 3488 302.)
1232 3404 1313 3471 Gon*

158 3534 160 3536 ·
193 3518 302 3584 cilium
319 3515 549 3582 Aurelianense
566 3519 641 3582 anni
665 3520 739 3597 538,
765 3536 886 3583 canone
906 3519 947 3583 25
967 3538 974 3583 :
996 3522 1111 3600 Siquis
1127 3524 1313 3600 penitentie

196 3639 397 3709 bencdictione
416 3641 563 3718 susceptu,
586 3639 627 3700 ecl
647 3639 818 3700 sumlcrem
836 3638 972 3700 hobitum
986 3639 1185 3719 militiamque
1198 3645 1321 3731 reuerti¹

188 3758 426 3838 presumpserit,
459 3760 568 3817 uiatico
593 3773 735 3834 anteesse,
767 3772 858 3836 usqne
884 3757 925 3818 cel
957 3759 1073 3818 emtum
1107 3762 1312 3821 encommnni-

191 3877 307 3936 cottone
326 3875 486 3956 plectetur.
510 3872 657 3959 (Concilio
675 3876 782 3953 Coleti,
799 3877 881 3938 tom.
902 3875 933 3951 2,
951 3890 1026 3956 pag.
1049 3868 1159 3956 1280.)
1177 3871 1312 3939 Omissis

191 3996 321 4068 sutem,
357 3988 527 4055 brevitatis
557 4003 673 4068 eausa,
704 3990 832 4056 coiens
860 3989 919 4056 hac
951 3988 992 4055 de
1017 4008 1053 4056 re
1083 3987 1305 4072 documentis,

163 4118 164 4121 ’
189 4107 333 4192 legitima
356 4106 422 4193 jam
441 4107 557 4173 lectori
579 4106 746 4173 videbitur
768 4106 836 4174 haec
855 4107 1015 4174 conclusio
1034 4129 1041 4174 :
1060 4125 1138 4191 ergo
1163 4107 1311 4176 Ecclesia

62 4261 64 4264 ·
191 4224 253 4290 sibi
280 4230 476 4308 potestatem
502 4223 680 4290 vindicavit
702 4240 764 4310 per
782 4241 895 4308 poenas
918 4225 1103 4308 corporales
1120 4232 1154 4290 et
1179 4230 1311 4311 tempo·

188 4342 275 4407 sales
290 4340 478 4428 coercendi;
497 4341 679 4429 etquidem
692 4361 753 4428 per
767 4359 880 4428 poenas
894 4347 1066 4426 stupendos,
1084 4351 1123 4408 ut
1141 4360 1195 4408 cas
1211 4350 1311 4412 vocat

190 4458 343 4538 Mortuus,
366 4479 383 4524 a
404 4466 521 4544 quarto
533 4461 653 4528 sncuio
670 4475 774 4547 usqrrc
787 4458 829 4526 ad
843 4467 1005 4528 octavumt
1024 4458 1088 4529 seu
1103 4467 1138 4526 et
1157 4466 1310 4527 antesa-
