2714 4980
121 269 190 351 474'
473 297 661 348 morinus
684 299 729 346 nn
749 299 899 347 suorcns.

119 409 250 492 minum·
260 408 436 490 dedictum
461 440 572 488 coram
596 422 752 488 tribunali
774 423 1001 490 eeclesiastico
1015 423 1181 508 persequi.
1196 422 1237 493 u

120 554 185 626 qno
200 540 276 605 satis
292 544 384 623 patet
397 540 511 623 quanti
525 539 681 604 momenti
702 538 743 603 sit
762 538 964 603 commissum
975 537 1043 620 ipsi
1060 555 1189 606 munus.
1205 539 1236 605 ln

120 673 185 742 qno
215 644 309 721 certe
335 652 514 738 capiendo,
540 655 791 738 sinegligenter
810 673 883 720 sese
902 656 1065 738 gesserit,
1092 661 1237 738 atqaeea

120 770 191 857 ejus
205 770 302 853 culpa
317 787 378 854 per
391 767 555 835 dioecesim
572 776 670 854 atque
683 770 718 834 in
732 769 822 835 clero
837 769 943 836 libere
958 776 1156 853 grassentur
1168 769 1237 837 vitia

119 894 155 954 et
168 883 331 964 scandala,
356 884 419 968 ipsi
442 904 552 951 coram
577 902 729 969 supremo
746 883 858 969 judice
880 885 1009 950 Christo
1027 871 1237 969 imputabitur

120 1001 269 1084 collapsa
284 999 471 1083 discipline,
484 1000 748 1066 conculcaturum
763 1001 1060 1067 ecclesiasticarum
1071 1001 1195 1084 legum,
1208 1006 1238 1065 et

118 1113 322 1201 perditarum
334 1113 410 1180 inde
425 1114 604 1180 animarum
620 1115 725 1181 ruina.
745 1113 921 1200 Eligendus
935 1133 1017 1199 ergo
1029 1123 1084 1181 est
1094 1113 1139 1181 ad
1153 1112 1189 1180 id
1198 1114 1237 1183 oi·

119 1230 197 1309 ficii,
217 1250 283 1296 non
303 1228 423 1314 pavidi,
443 1229 503 1296 sed
518 1229 612 1296 fortis
623 1231 720 1296 enimi
739 1233 801 1311 vir,
826 1238 860 1297 et
872 1231 907 1296 in
919 1229 996 1315 jure
1011 1231 1160 1314 peritus3
1185 1233 1236 1316 qui

118 1362 185 1410 non
199 1345 315 1410 timeat
327 1345 511 1428 iniquorum
529 1344 682 1410 invidiam
704 1345 765 1411 sibi
777 1347 962 1430 concitare;
981 1344 1044 1411 sed
1059 1347 1171 1428 potius
1183 1346 1234 1410 ini·

118 1460 275 1544 quitatem
296 1459 369 1526 zelo
392 1467 427 1525 et
443 1460 632 1544 integritate
663 1479 722 1526 sue
744 1467 882 1527 terreat.
905 1462 947 1528 dt
967 1468 1097 1544 prater
1119 1459 1231 1545 dictam

120 1575 290 1640 criminum
302 1573 479 1641 vindictam
495 1575 671 1660 publicam,
694 1577 795 1660 ipsius
819 1578 917 1644 etiam
932 1575 1028 1645 officii
1043 1583 1098 1642 est
1111 1577 1145 1640 in
1158 1573 1236 1660 judi·

120 1695 171 1758 cic
184 1711 286 1777 agere
304 1701 339 1760 et
354 1692 566 1776 respondere,
585 1695 618 1757 in
633 1695 737 1760 causis
751 1713 823 1780 quea
839 1694 925 1762 bona
938 1693 1149 1777 temporalia,
1162 1711 1236 1778 prm

119 1810 290 1893 rogativa's,
310 1818 345 1875 et
361 1810 423 1874 alia
438 1808 514 1894 jura
528 1810 609 1874 Fisci
627 1810 837 1876 ecclesiastici
854 1810 1050 1893 respiciunt.

45 1975 48 1981 .
136 1950 142 1957 ·
164 1924 333 1991 «Fiscalis
349 1925 445 1990 curiae
462 1926 651 2009 episcopalis
670 1925 810 1991 officium
821 1933 872 1991 est
892 1924 948 2012 (ait
961 1923 1182 2011 Pellegrinus)
1194 1944 1238 1994 as·

120 2064 138 2101 a
154 2042 268 2106 sistere
281 2041 409 2106 Vicario
426 2041 585 2125 generali3
601 2041 723 2107 instare
742 2060 804 2125 pro
813 2038 941 2125 juribus
954 2041 1128 2125 Ecclesiam
1148 2059 1236 2128 agera

121 2179 138 2214 a
158 2172 196 2219 ac
207 2152 389 2220 defendere
403 2155 523 2221 fiscalia
541 2176 549 2220 :
570 2163 646 2220 sunt
665 2163 776 2222 autem
791 2151 925 2232 fiscella,
941 2174 981 2220 eo
996 2156 1031 2223 lu
1044 2155 1168 2240 quous
1178 2153 1237 2236 ugi-

121 2293 137 2331 a
158 2278 213 2335 tur
227 2269 269 2335 de
283 2270 413 2354 publico
429 2271 568 2353 pecunia
582 2271 637 2336 vel
653 2269 842 2336 vindicta...
860 2271 1044 2352 Propterea
1061 2277 1173 2354 potest
1189 2288 1237 2353 pe·

119 2408 135 2445 o
155 2390 238 2463 tere,
255 2383 345 2471 quod
362 2383 636 2451 detnrterminus
651 2384 914 2469 adprobandum
933 2383 1117 2451 delictum:
1136 2391 1235 2470 potest

120 2524 137 2559 u
152 2508 266 2583 petere
292 2502 533 2580 remissionem,
555 2502 613 2567 ubi
631 2501 673 2571 de
691 2501 766 2585 jure
792 2498 931 2566 concedi
945 2498 1050 2565 debet
1069 2522 1077 2565 :
1096 2501 1235 2565 similiter

120 2638 136 2674 a
156 2622 266 2700 potest
283 2622 397 2699 petere
417 2617 509 2682 citari
530 2639 537 2682 :
559 2636 685 2682 necnon
709 2616 963 2700 publicationem
991 2614 1067 2681 fieri
1085 2637 1092 2681 :
1112 2615 1234 2700 inquisi-

119 2756 134 2792 «
157 2741 207 2798 tos
229 2752 294 2798 non
312 2731 419 2798 audiri
440 2755 447 2798 :
472 2735 580 2816 repeti
606 2739 737 2798 testes:
765 2735 854 2816 ipsos
887 2739 992 2798 testes
1015 2733 1231 2816 interrogari:

119 2871 135 2908 c
156 2869 230 2915 reos
257 2869 321 2914 non
346 2858 571 2932 comparentes
596 2855 805 2915 contumaces
835 2847 1020 2914 declarari:
1047 2855 1084 2914 et
1108 2847 1232 2914 moden

44 3038 49 3042 .
118 2965 330 3048 «culpabiles
343 2963 565 3031 condemnari.
583 2966 699 3035 Potest
717 2965 863 3031 similiter
878 2966 911 3029 in
925 2963 1079 3033 omnibus
1098 2983 1173 3034 oum
1188 2962 1232 3048 ju·

120 3105 136 3143 a
154 3081 227 3149 dice
239 3082 448 3159 intervenire,
458 3087 492 3147 et
508 3082 631 3149 consilii
641 3082 1043 3164 gratiamtumprasure,
1054 3089 1232 3155 nontamen

120 3222 136 3258 c
150 3197 342 3283 judicare.»
363 3199 417 3285 (De
428 3202 546 3263 Viocra‘o
563 3219 630 3280 pec.
644 3202 794 3281 Episcopi,
807 3204 902 3282 parte
914 3199 946 3275 4,
961 3204 1046 3265 sect.
1069 3202 1100 3275 l,
1119 3218 1153 3268 11·
1170 3194 1229 3280 19.)

161 3319 193 3381 3.
216 3314 267 3380 Ad
282 3317 453 3400 quaesitum
484 3333 526 3381 an
550 3316 723 3383 Promotor
747 3315 870 3382 fiscalis
894 3315 1129 3399 perpetuitatis
1157 3332 1232 3399 pra·

118 3432 263 3515 rogation
279 3430 431 3515 gandeat,
458 3432 589 3499 omniuo
606 3431 759 3515 negative
776 3428 1043 3514 respondendum
1061 3439 1125 3497 est.
1145 3431 1230 3499 Nulla

118 3545 303 3632 anicularis,
318 3554 375 3613 aut
386 3547 545 3631 generalis
552 3546 796 3616 consuetudinis
808 3545 1029 3630 dispositione,
1041 3545 1078 3612 id
1088 3547 1119 3617 ei
1128 3545 1234 3613 tribui

116 3672 182 3731 tur.
205 3661 300 3729 Unde
319 3661 362 3728 ad
385 3671 502 3729 nutum
517 3664 666 3748 Episcopi
690 3663 882 3729 revocabilis
899 3667 969 3740 est,
997 3681 1059 3733 seu
1078 3668 1187 3746 potest
1200 3661 1233 3727 ab

117 3780 274 3865 Episcopo
289 3779 451 3847 remoueri
464 3779 586 3864 absque
607 3797 703 3848 causa
725 3785 760 3847 et
773 3776 1013 3863 figurajudicii.
1041 3777 1083 3851 tt
1097 3778 1234 3849 vicarius

116 3897 276 3982 generalis
300 3914 503 3980 nequaquam
525 3903 634 3979 potest
652 3914 728 3963 eum
747 3894 977 3971 ereuthorare,
1005 3911 1108 3978 quern
1124 3893 1241 3963 conati

116 4013 382 4096 tuitilpiscopus3
399 4013 546 4098 quamuis
568 4013 670 4096 possit
685 4029 857 4079 removere
872 4029 949 4079 aum
965 4027 1066 4094 quem
1078 4010 1150 4094 ipse
1166 4026 1234 4076 con

57 4168 59 4172 >
118 4130 295 4211 aduncam
316 4134 415 4212 prout
429 4128 563 4217 adnotat
576 4129 781 4213 Pellegrinus
797 4128 903 4214 (parte
921 4128 954 4204 i,
974 4133 1056 4195 sect.
1069 4129 1099 4204 1,
1120 4147 1155 4195 n.
1170 4122 1231 4208 20)ἱ

117 4244 172 4336 qni
186 4252 301 4313 auctor
316 4244 413 4316 simul
426 4247 552 4323 asserit,
565 4246 610 4313 ita
621 4253 735 4315 tenero
751 4242 905 4316 doctores
916 4242 1146 4317 conmuniter.

160 4360 290 4432 timo
309 4362 499 4451 ergoubam
521 4361 583 4433 sibi
608 4361 876 4450 promptum.
901 4359 1028 4435 ratim
1052 4357 1149 4433 auct
1174 4356 1228 4432 aui,
