2714 4980
132 283 198 348 496
472 300 658 347 racemus
684 302 727 346 ou
746 300 894 346 suurcus.

129 427 178 488 vel
198 424 334 488 maroeli
349 425 402 501 50,
422 423 479 488 lib.
506 428 525 490 3
547 421 771 508 decretalium)
787 422 917 488 dicatur
932 420 1100 507 ejusmodi
1117 420 1248 488 officium

128 558 198 606 esse
213 541 338 606 clericis
347 539 631 607 interdicendum:
654 543 782 624 «Ergo,
800 540 845 606 ait
866 538 1173 623 schmalzgrueber,
1194 559 1249 623 per

130 656 362 723 «clericatum
393 659 679 741 supervenientem
712 655 796 722 illud
817 675 884 720 non
913 654 1156 740 perdiderunt3
1177 657 1247 721 alias

131 795 149 836 o
165 774 287 840 frustra
303 775 379 858 ipsis
389 773 655 840 interdiceretur.
680 774 775 840 Ratio
795 779 855 850 est,
872 774 946 857 quia
969 774 1191 838 instrumenta
1206 773 1246 837 sic

130 891 310 957 «confecta
328 892 418 957 nullo
439 890 514 975 jure
530 898 607 955 sunt
627 891 769 973 irritata3
791 909 828 954 ac
844 887 984 972 proinde
1000 887 1111 955 valida
1126 891 1247 954 censeri

129 1032 147 1071 «
162 1006 299 1090 debent3
320 1007 500 1090 praesertim
514 1025 713 1072 cumeorum
728 1006 773 1071 ita
789 1004 1016 1070 confectorum
1029 1006 1176 1083 nullitas,
1187 1026 1246 1071 nou

129 1146 146 1185 «
165 1120 360 1201 conficienti,
382 1121 442 1187 sed
466 1122 615 1204 partibus
631 1121 718 1187 inter
741 1141 821 1206 quas
845 1128 972 1204 gestum
994 1121 1166 1204 negotium
1188 1128 1243 1197 est,

130 1262 146 1300 «
166 1236 319 1303 damnosa
333 1237 384 1302 sit.
402 1259 418 1297 u
439 1237 487 1321 (In
499 1235 631 1301 titulum
647 1238 699 1312 50,
717 1236 822 1301 libri3
840 1234 981 1312 decret,
995 1254 1028 1300 n.
1048 1232 1120 1319 60.)
1136 1234 1252 1300 Atvero

127 1353 209 1419 siab
225 1353 385 1436 Episcopo
406 1351 507 1417 fuerit
525 1350 713 1436 prohibitus
729 1355 861 1434 publice,
886 1371 944 1416 seu
959 1370 1023 1434 per
1042 1349 1192 1416 edictum
1208 1371 1248 1416 so·

125 1468 278 1535 lemniter
308 1468 559 1551 promulgatum,
581 1469 674 1533 irrita
693 1469 791 1533 erunt
814 1475 928 1551 postea
958 1466 1114 1532 confecta
1142 1468 1252 1531 iustru-

126 1592 246 1651 menta.
276 1584 400 1667 «Quia,
418 1585 462 1649 ait
477 1583 767 1668 schmalzgrueber
788 1583 899 1670 (citato
916 1581 999 1667 loco)
1019 1592 1115 1666 gesta
1130 1583 1249 1678 ratione

130 1723 149 1765 e
162 1701 286 1785 publici
299 1699 392 1766 officii
409 1706 483 1784 post
495 1699 705 1765 interdictum
720 1700 908 1783 superioris,
925 1718 991 1763 non
1005 1705 1126 1765 tenent
1140 1699 1248 1786 (eapite

124 1812 311 1882 «Veritatis
326 1821 357 1895 8,
378 1822 412 1881 et
435 1818 541 1901 capite
557 1817 664 1895 finali,
690 1821 727 1881 de
744 1819 822 1880 Dolo
844 1824 873 1879 et
891 1813 1109 1900 coutumacia).
1130 1839 1147 1876 »
1169 1815 1248 1881 unt

127 1950 199 1998 mus
211 1936 341 2015 publice,
358 1934 433 2018 quia
445 1935 470 1997 si
492 1932 678 1998 interdictio
690 1953 754 1999 non
770 1933 870 1998 fuerit
888 1932 1031 2015 publica,
1052 1957 1069 1995 o
1084 1938 1180 1999 tenet
1191 1931 1249 2017 qui·

131 2072 147 2111 α
163 2048 239 2114 dem
253 2047 466 2115 interdictum
487 2049 519 2111 in
535 2046 760 2133 prejudicium
786 2049 895 2113 clerici
912 2049 965 2112 eui
984 2048 1113 2114 factum
1138 2054 1198 2126 est,
1217 2053 1248 2111 ut

131 2186 147 2225 «
162 2171 338 2247 propterea
360 2164 482 2247 privari
501 2162 662 2229 beneficio
682 2165 800 2248 possit;
821 2172 911 2247 gesta
933 2170 1048 2229 tamen
1072 2165 1186 2231 valent
1202 2183 1245 2227 ra·

130 2301 146 2342 u
162 2280 250 2344 tione
264 2279 388 2363 publici
403 2256 507 2356 officii,
526 2280 641 2344 saltem
656 2277 764 2364 quoad
780 2287 891 2363 partes
914 2281 1118 2362 ignorantes.
1147 2303 1163 2341 u
1183 2280 1247 2366 (Ita

125 2394 426 2478 schmalzgrueber,
450 2415 528 2459 cum
541 2396 652 2460 multis
666 2395 735 2460 aliis
758 2394 799 2461 ab
820 2396 991 2473 cecitatis,
1009 2396 1087 2462 leco
1098 2394 1242 2470 indicato,

125 2530 157 2574 n.
177 2509 245 2596 62.)
269 2513 423 2593 Quamvis
441 2519 551 2577 autem
571 2519 646 2576 ante
665 2511 786 2576 factam
805 2512 866 2576 sibi
883 2511 924 2576 ab
938 2512 1103 2595 Episcopo
1119 2509 1245 2577 interdi-

125 2627 264 2692 ctionem
279 2626 386 2692 ualide
398 2628 613 2694 instrumenta
623 2624 771 2693 conficiat
787 2626 893 2692 dietus
903 2627 1056 2706 clericus,
1068 2636 1245 2693 nontamen

124 2740 253 2807 conficit
270 2746 361 2821 licite,
380 2753 418 2808 ut
431 2751 547 2809 tenent
562 2745 734 2809 canonista
753 2742 841 2829 (vide
853 2742 1166 2826 Schmalzgrueber,
1179 2744 1243 2810 loco

125 2857 235 2942 citato)
256 2880 263 2925 ε
285 2858 327 2924 ad
358 2860 560 2924 illioeitatem
586 2861 672 2925 enim
696 2857 815 2924 sufficit
842 2860 1023 2925 notariatus
1054 2862 1242 2927 exercitium

124 2974 291 3056 prescribi
308 2995 327 3038 a
344 2994 466 3041 canone
486 2977 611 3041 clericis
625 2974 901 3041 interdicendum.

51 3181 53 3184 .
170 3091 332 3157 Probatur
344 3094 376 3155 2·
389 3111 464 3176 pars
476 3093 711 3175 propositionis,
731 3091 772 3156 de
785 3067 911 3158 notario
923 3092 1050 3158 seilicet
1063 3094 1243 3179 quireligio

124 3222 200 3271 nem
213 3204 397 3288 profitetur.
418 3229 435 3267 u
452 3207 708 3271 instrumentum
727 3226 745 3270 a
760 3206 909 3289 religioso
923 3206 991 3272 sine
1003 3206 1141 3274 licentia
1155 3209 1240 3275 abba·

128 3322 200 3386 etis
214 3320 465 3400 suiconfectum,
483 3323 553 3405 ipso
565 3321 639 3406 jure
649 3322 775 3387 nullum
789 3329 850 3400 est,
864 3323 906 3387 ob
922 3321 1094 3389 defectum
1109 3332 1241 3408 potesta·

128 3459 145 3500 a
161 3438 221 3520 tis;
237 3439 311 3520 quia
336 3437 541 3521 inreligiosis
559 3435 662 3521 major
678 3440 729 3502 est
743 3437 928 3520 prohibitio,
950 3456 1050 3522 quam
1068 3439 1102 3504 in
1124 3439 1240 3505 clericis

127 3574 144 3616 a<
161 3552 379 3632 sacularibus,
406 3562 443 3619 ut
469 3554 633 3637 colligitur
648 3574 689 3618 eu
719 3554 825 3636 capite
851 3558 912 3620 Sed
929 3575 981 3618 uec
1005 3554 1052 3641 (4,
1073 3556 1164 3622 tituli
1190 3557 1235 3632 50,

127 3669 238 3734 «libri
258 3673 276 3736 3
301 3669 540 3756 decretalium).
559 3695 575 3732 »
603 3672 654 3737 lta
681 3669 833 3736 laudatus
858 3670 1154 3755 Schmalzgrneber
1172 3689 1237 3737 cum

125 3787 286 3852 communi
297 3786 468 3852 doctorum
483 3788 644 3865 sententia
663 3787 745 3874 (loco
759 3788 869 3865 citato,
884 3807 917 3852 n.
938 3786 1004 3872 59).

166 3905 205 3970 In
219 3903 331 3980 Gallia,
352 3923 427 3968 cum
437 3905 492 3970 lex
510 3903 669 3969 hodierna
683 3924 748 3968 non
764 3910 916 3987 agnoscat
933 3902 1114 3989 quidquam
1130 3906 1237 3970 immu-

121 4021 185 4085 tari
195 4021 229 4084 in
240 4021 359 4085 notarii
374 4026 547 4104 potestate,
563 4038 654 4085 exeo
666 4019 755 4104 quod
768 4017 824 4084 fiat
836 4021 973 4085 clericus
985 4021 1042 4086 vel
1053 4020 1232 4096 monachus,

120 4133 270 4199 valerent
287 4134 419 4222 quidem
446 4138 479 4201 in
506 4136 578 4202 foro
595 4136 681 4201 civili
705 4138 922 4202 instrumenta
948 4137 1112 4219 confecta,
1141 4141 1234 4205 sivea

121 4247 240 4313 clerico
258 4258 332 4333 post
345 4251 522 4316 solemnem
540 4250 806 4317 interdictionem
827 4254 986 4336 Episcopi,
1006 4255 1076 4321 sive
1094 4276 1114 4320 a
1133 4273 1234 4320 mona·

124 4361 185 4430 cho
203 4364 325 4450 absque
340 4368 469 4434 lieentia
482 4369 531 4434 sui
556 4367 699 4453 prelati,
723 4377 757 4434 at
779 4386 858 4433 vero
873 4368 1017 4438 invalida
1033 4375 1232 4437 remanerent
