2714 4980
123 278 186 343 264
476 296 664 346 rnncrnrus
686 299 731 345 nn
753 297 901 344 Jumcus.

122 427 303 486 constater
318 419 424 503 capite
441 424 540 499 Tuum
555 421 598 508 (3,
620 425 657 487 dc
672 416 939 504 ordinemque).
956 419 1039 485 Sunt
1051 427 1087 486 et
1097 419 1151 492 alii
1160 437 1228 488 non·

121 537 204 603 nulli
219 554 321 613 casus,
332 537 366 600 in
377 537 496 621 quibus
507 557 659 604 connexe
675 558 777 605 causae
791 536 893 604 dividi
907 538 1042 621 possint,
1051 545 1087 605 et
1101 557 1121 603 a
1136 535 1229 603 diver

121 653 164 719 sis
175 650 341 736 judicibus
353 651 472 731 dirimi,
487 672 567 738 quos
580 652 656 720 vide
673 654 836 738 expositos
849 652 939 736 apud
951 651 1229 738 schmalzgrneher

124 766 234 854 (citato
251 765 348 852 loco).

167 887 200 950 3.
225 883 407 970 Aliquando
430 887 540 952 evenit
555 895 593 952 ut
616 887 715 953 certis
735 889 882 971 personis
906 886 1111 954 concedatur
1132 887 1228 954 forum

121 1002 374 1086 privilegiatum.
392 1003 432 1068 Vi
446 1003 570 1068 scilicet
585 1003 682 1089 hujus
700 1005 880 1088 privilegii,
898 1004 1001 1090 judex
1024 1004 1082 1090 qui
1102 1005 1227 1089 aloquin

122 1117 156 1181 in
176 1114 337 1201 ejusmodi
354 1135 525 1199 personae,
544 1119 675 1203 quando
691 1118 734 1184 ad
750 1118 909 1205 judicium
932 1121 1128 1194 trahuntur,
1144 1118 1226 1204 juris·

123 1232 299 1300 dictionem
316 1254 381 1299 non
395 1234 543 1313 haberet,
563 1254 642 1319 erga
660 1235 793 1302 easdem
810 1237 1063 1321 competentiam
1083 1236 1223 1322 acquirit;

123 1358 158 1416 et
180 1351 252 1415 vice
275 1369 370 1415 versa
383 1349 488 1435 judex
511 1350 709 1430 ordinarius,
727 1354 783 1437 qui
803 1354 944 1437 seposito
963 1352 1137 1437 privilegio
1156 1351 1220 1430 fori,

123 1466 228 1533 dictas
259 1485 414 1550 personas
437 1465 584 1551 judicare
609 1477 735 1551 posset,
764 1469 807 1536 oh
835 1455 1007 1536 obtentum
1033 1469 1221 1553 privilegium
1267 1503 1270 1508 ·

125 1583 377 1667 competentiam
396 1584 527 1649 amittit.
549 1583 599 1650 Ad
620 1583 876 1668 dignoscendum
897 1592 1008 1651 autem
1031 1592 1144 1650 utrum
1162 1584 1221 1650 talin

122 1697 225 1784 judex
234 1699 268 1762 in
281 1699 339 1764 tali
350 1717 457 1776 eausa,
474 1701 725 1782 competentiam
740 1700 783 1766 ob
797 1699 956 1785 ejusmodi
970 1700 1172 1784 privilegium
1183 1719 1220 1766 ac·

124 1814 294 1900 quisiven‘t
311 1815 366 1880 vel
378 1815 531 1893 amiserit,
554 1816 716 1883 videndus
734 1814 1037 1900 ipsiusmetindulti
1051 1821 1156 1893 tenor,
1172 1833 1218 1880 nec

125 1936 234 2014 potest
247 1929 290 1996 de
306 1950 345 1997 ea
358 1950 396 1996 re
408 1931 495 1997 tradi
508 1933 668 2017 generalis
682 1934 807 2018 regule.

577 2271 710 2340 CAPUT
731 2274 788 2340 lv.
873 2316 876 2320 -

126 2547 289 2628 Quouono
321 2567 474 2617 n1cuoscr
506 2568 616 2631 ouran
648 2569 763 2618 urnuu
796 2571 872 2632 ouis
904 2567 1097 2618 comeranus
1125 2569 1169 2618 sn
1190 2561 1214 2609 vl

132 2653 134 2658 ’
446 2685 630 2734 curtulum
652 2686 916 2734 rurusnrcrroms.

161 2986 355 3054 *iurisdictio
370 2985 533 3054 ordinarie
546 2986 593 3074 (id
612 2994 673 3064 est,
692 2988 934 3072 magistratibus
947 2988 1002 3054 rel
1020 2987 1222 3073 superioribus

125 3109 314 3188 competens
328 3103 363 3167 vi
381 3103 560 3186 ipsiusmet,
580 3122 645 3188 quo
666 3103 857 3188 funguntur,
878 3102 973 3169 officii
990 3122 1049 3196 seu
1073 3097 1221 3184 muneris),

125 3218 264 3303 duplicis
285 3219 414 3301 generis
436 3225 511 3284 est:
536 3219 597 3284 alia
619 3238 738 3302 nempe
759 3219 917 3284 territorii
936 3218 1073 3304 alicujus
1094 3215 1226 3285 terminis

126 3335 385 3417 circumscripta;
404 3335 465 3398 alia
482 3353 561 3399 vero
577 3333 618 3399 ab
633 3334 720 3400 omni
737 3334 926 3400 territoriali
941 3334 1226 3419 circumscriptione

123 3448 360 3532 independens.
374 3448 574 3528 iurisdictio,
590 3451 686 3517 verbi
698 3451 813 3535 gratie,
830 3452 980 3534 Episcopi
993 3450 1172 3534 tripliciter
1182 3450 1228 3518 de·

124 3567 341 3634 terminatur:
366 3568 532 3651 personis,
559 3568 663 3633 causis
689 3574 725 3632 et
750 3569 839 3650 loco;
865 3575 915 3632 est
940 3585 1060 3650 nempe
1082 3571 1117 3634 in
1138 3575 1230 3634 certa

124 3702 290 3767 personas,
307 3683 463 3748 incertas
481 3702 593 3749 causas
612 3691 647 3749 et
669 3684 755 3748 intra
770 3682 853 3748 fines
871 3681 1050 3749 dioeceseos
1063 3691 1228 3751 coarctata.

123 3801 205 3866 Sunt
220 3808 330 3866 autem
348 3801 402 3866 alii
423 3799 567 3884 prelati,
587 3819 726 3886 quorum
742 3799 925 3886 jurisdictio
947 3799 1130 3884 dupliciter
1150 3801 1232 3868 dum-

122 3925 213 3983 taxat
234 3917 487 3994 determinatur,
512 3918 659 4000 personis
679 3918 803 3983 scilicet
827 3922 862 3984 ‚ct
887 3917 1003 3982 causis.
1030 3917 1128 3982 Tales
1153 3921 1228 3990 suut,

122 4033 218 4100 verbi
230 4034 347 4117 gratia,
364 4034 534 4116 generales
544 4033 699 4099 ordinum
709 4033 934 4116 religiosorum
949 4034 1149 4115 superiores,
1169 4049 1232 4099 oon·

122 4152 328 4235 gregationes
352 4152 502 4218 Romanae
520 4149 751 4229 Cardinalinm,
770 4158 836 4215 etc.
857 4150 898 4214 Hi
913 4166 1032 4233 nempe
1043 4148 1232 4235 jurisdictio·

123 4285 198 4331 uem
216 4265 338 4332 habent
356 4286 417 4350 per
442 4273 545 4332 lotum
562 4265 739 4348 mundum3
755 4265 797 4330 ad
817 4272 924 4330 certas
938 4263 1073 4350 quidem
1090 4275 1231 4348 personet
