2714 4980
465 313 654 363 moranus
675 317 719 364 bn
742 317 890 366 tumens.

453 641 750 780 SECTlO
791 643 901 778 lll.

367 965 425 1039 De
442 965 723 1041 probationibus
735 963 981 1069 judicialibus.

163 1479 341 1546 Commune
355 1488 405 1546 est
424 1481 573 1546 omnibus
584 1480 783 1565 judiciorum
798 1479 979 1562 speciebus,
1001 1479 1088 1543 utin
1104 1479 1144 1543 iis
1157 1494 1222 1560 pro

117 1595 262 1662 bandum
283 1598 324 1662 sit
344 1597 431 1681 quod
451 1605 564 1663 contra
580 1599 683 1663 Reum
698 1596 797 1681 injus
814 1603 967 1661 vocatum
982 1594 1183 1678 intenditur3
1197 1602 1225 1659 et

117 1714 177 1778 nisi
190 1713 225 1778 id
243 1713 441 1780 sufficienter
464 1716 635 1798 probetur,
652 1716 740 1780 Reus
764 1715 842 1779 sita
864 1713 975 1798 judice
1000 1711 1223 1779 absolvendus.

117 1830 197 1894 Hinc
209 1829 252 1894 ad
265 1833 430 1897 notionem
445 1836 483 1896 do
493 1835 622 1895 dediciis
634 1838 667 1895 iu
680 1852 785 1914 penore
798 1831 939 1914 pertinet
951 1830 1049 1894 etiam
1065 1828 1109 1894 de
1122 1827 1227 1911 proba·

115 1946 259 2012 tionibus
277 1946 484 2031 judicialibus
508 1947 713 2031 disceptatio.
736 1949 775 2012 In
793 1967 831 2012 ea
852 1954 962 2012 autem
983 1943 1228 2029 progrediemur

117 2061 178 2128 hoe
192 2063 305 2129 ordine
324 2087 331 2130 :
353 2068 385 2128 1⁰
400 2066 552 2130 Dicemus
568 2063 610 2129 de
627 2063 871 2148 probationibus
886 2063 1068 2146 generatim
1088 2060 1229 2128 conside·

117 2181 211 2263 ratis;
237 2185 272 2244 2⁰
299 2179 341 2245 de
366 2181 556 2262 probatione
575 2200 637 2263 per
654 2188 772 2263 testes;
791 2183 826 2244 3⁰
840 2178 881 2244 de
899 2178 1094 2261 probatione
1109 2197 1171 2261 per
1187 2178 1229 2241 in·

117 2303 314 2380 strumenta;
332 2297 367 2360 4⁰
383 2295 424 2362 de
441 2297 675 2380 supplementis
701 2296 952 2380 probationum,
967 2293 1002 2359 id
1017 2301 1081 2373 est,
1098 2294 1141 2360 de
1156 2311 1228 2379 pru·

117 2413 354 2496 sumptionibus
371 2421 405 2480 et
422 2412 648 2498 jurejurando.

584 2707 717 2774 CAPUT
739 2711 765 2774 Ι.

412 2975 455 3019 DE
477 2973 732 3022 Puounrloumus
755 2975 788 3020 Ill
812 2973 953 3019 Gnnnnu.

161 3237 313 3316 Qunsmo
339 3239 382 3299 1³.
408 3272 454 3284 -
476 3239 557 3316 Quid
572 3243 613 3299 sil
629 3239 778 3318 protetio.
800 3272 845 3282 -
861 3234 1085 3299 Communiter
1104 3230 1233 3299 definiri

116 3353 223 3418 solet:
244 3357 295 3416 Rei
316 3355 414 3415 debite
434 3373 485 3415 seu
505 3360 700 3416 controversus
713 3373 771 3434 per
795 3355 929 3433 lepitimu
951 3357 1131 3432 arqomeota
1152 3353 1232 3431 sueta

116 3473 253 3530 ostensio.
276 3467 366 3531 Hauc
391 3474 541 3531 veterum
561 3465 889 3550 jurisconsultorum
915 3464 1142 3530 definitionem
1169 3482 1233 3529 ear·

116 3590 199 3666 punt
213 3584 321 3668 aliqui,
337 3603 378 3648 ex
396 3604 435 3648 eo
448 3583 535 3668 quod
547 3602 612 3647 non
625 3585 796 3649 conveniat
811 3582 995 3667 probationi
1008 3600 1072 3664 per
1085 3589 1189 3646 testes
1200 3587 1232 3646 et

115 3698 340 3778 instrumenta,
360 3719 434 3764 eum
444 3699 512 3763 haec
522 3707 700 3780 argumento
713 3718 779 3763 non
792 3700 855 3763 sint
869 3721 876 3764 :
894 3697 954 3762 sed
967 3698 1039 3761 loco
1054 3696 1232 3762 verborum

111 3837 168 3898 per
191 3819 325 3897 lepitc'mu
345 3824 532 3898 erqumentu,
558 3817 636 3899 poni
656 3823 766 3900 potest
785 3837 841 3898 per
862 3818 996 3896 leqltimo
1014 3817 1125 3878 credin.
1148 3814 1232 3880 Solet

116 3933 211 3998 aliter
224 3934 322 3998 etiam
345 3932 496 4011 describi,
516 3952 635 4016 nempe
653 3955 660 3998 ε
678 3937 770 3996 Actus
782 3935 954 4015 Judleielis,
973 3953 1029 4013 quo
1045 3953 1103 4014 per
1124 3938 1233 3995 iustru-

115 4057 226 4129 menta,
245 4058 299 4113 out
315 4058 419 4128 testea,
444 4057 497 4112 act
517 4052 623 4112 idoneo
643 4057 831 4130 arqumeotu,
848 4051 949 4130 judici
968 4051 1005 4111 de
1028 4068 1061 4110 re
1081 4055 1136 4111 acl
1154 4051 1232 4129 sacto

121 4167 210 4228 dubio
228 4173 257 4229 et
275 4175 460 4230 controverso
481 4167 519 4245 pit
533 4167 619 4245 fides.
640 4165 733 4252 (Vide
750 4166 832 4230 hanc
850 4166 995 4230 ultimam
1007 4163 1229 4230 definitionem

120 4282 283 4347 evolutam
305 4283 393 4366 apud
418 4283 716 4366 Schmulzgrueber,
739 4284 772 4347 iu
792 4284 843 4347 tit.
869 4287 921 4360 19,
943 4282 1020 4348 libri
1044 4285 1064 4347 2
1089 4281 1227 4360 decret,

117 4415 151 4463 n.
170 4398 216 4484 2.)
