2714 4980
121 291 185 355 422
466 307 656 357 amerinus
676 310 723 356 nn
743 309 892 357 sumens.

120 496 123 503 .
164 436 282 512 Prion,
300 431 429 497 euamsi
446 438 599 497 revocata
612 450 677 497 non
695 432 811 500 fuisset
824 432 963 498 facultas
977 451 997 496 a
1010 430 1231 514 predictccri-

120 547 206 617 mioe
232 547 370 613 occultae
385 545 547 612 haereseos
558 547 759 627 absolvendi,
785 566 882 632 quam
904 547 1056 631 ipsismet
1076 549 1233 633 Episcopis

117 663 278 732 concessit
302 660 490 729 Tridentina
516 663 665 758 synodus
686 664 775 751 (sess.
797 665 851 743 rt,
875 683 947 748 cap.
968 662 1018 749 6),
1040 683 1117 731 eam
1135 671 1234 732 umen

72 788 75 793 ’
116 800 184 849 uon
198 788 330 864 possent
342 780 492 863 Episcopi
505 781 639 847 vicariis
662 782 727 848 suis
745 781 950 864 generalibus
965 782 1174 865 committere
1187 790 1234 848 aut

119 899 294 982 delegare5
313 895 350 963 id
368 897 650 981 scilicetexpresse
666 897 862 982 prohibente
877 897 1234 983 dictasynodohisrcu¹

118 1016 169 1082 bis
186 1037 195 1082 ε
210 1018 296 1081 Idem
310 1022 340 1079 et
351 1019 385 1079 irs
399 1016 520 1079 dareris
530 1021 655 1079 crimine
668 1021 701 1079 la
712 1019 885 1098 eodmusoro
894 1021 1088 1080 censeam
1096 1065 1108 1096 ,
1122 1021 1166 1079 eis
1177 1024 1234 1080 tua·
1273 1069 1276 1075 r

118 1141 195 1214 tum,
209 1152 270 1197 nou
283 1139 385 1195 cutem
399 1151 500 1196 eorum
516 1136 656 1212 Vlcariis,
671 1140 713 1196 stt
722 1139 914 1215 permissum.

120 1254 123 1259 '
163 1250 309 1327 secedo,
328 1245 387 1312 sed
399 1253 586 1312 revocatum
598 1247 697 1313 fuisse
713 1247 832 1313 dictam
852 1247 1058 1325 facultatem,
1078 1248 1233 1332 Episcopi

116 1360 466 1447 aTridentinasynodo
473 1381 669 1442 concessam,
681 1362 937 1446 rideprobatum
948 1381 969 1427 a
981 1361 1232 1431 Benedictqul

120 1478 169 1565 (dc
182 1482 302 1561 Spaodo
319 1481 497 1557 dioecesano,
517 1468 604 1544 libro
623 1483 655 1557 9,
675 1497 747 1562 cap.
765 1475 812 1563 4).

163 1599 276 1674 Tertio,
306 1594 369 1660 sub
392 1593 489 1679 hujus
516 1595 730 1660 revocationis
751 1593 961 1679 dispositione
988 1595 1233 1678 comprehensos

115 1711 216 1776 etiam
227 1710 450 1803 fnisseGalliae
462 1712 649 1794 Episcopus,
661 1711 707 1776 its
720 1717 759 1776 ut
771 1711 875 1794 etipsi
885 1710 1181 1797 (nonobstantibus
1194 1730 1233 1777 ra

117 1827 293 1912 gionmsuae
312 1828 562 1911 particularibus
577 1825 716 1912 juribus)
733 1827 822 1893 dicte
833 1827 992 1895 facultate
1006 1834 1157 1907 careant,
1170 1846 1233 1913 pra

117 1940 269 2008 batidem
283 1942 481 2008 Benedictus
495 1943 567 2009 XIV
586 1943 698 2029 (citato
711 1943 796 2021 loeo,
814 1961 887 2026 cap.
908 1941 953 2028 5).

146 2062 299 2138 warte:
324 2058 520 2141 argumentis
538 2057 664 2123 laudati
681 2056 848 2139 Pantilius
861 2057 949 2125 addi-
965 2056 1036 2142 jam
1051 2066 1165 2142 potest
1186 2079 1234 2125 no-

117 2193 207 2253 vum,
235 2193 276 2239 ex
306 2174 507 2240 Concordato
530 2177 610 2242 1801
636 2174 880 2258 depromptum.
913 2175 996 2240 Cum
1020 2193 1151 2259 nempe¹
1172 2175 1235 2241 Eira

118 2291 206 2372 Papa
221 2290 282 2355 VII
297 2309 408 2355 omnes
418 2290 594 2356 Galliamm
603 2291 761 2357 Ecclesiae
772 2291 903 2374 penitus
921 2291 1115 2369 extinxerit,
1143 2301 1182 2357 ut
1192 2293 1236 2358 aa

118 2423 177 2468 ras
190 2413 318 2470 crearet
341 2413 375 2471 et
400 2406 563 2489 prioribus
589 2406 817 2484 substitueret,
841 2404 896 2490 jus
909 2405 1117 2488 particulare
1133 2405 1235 2490 pr‘ncis

118 2519 181 2584 illis
192 2519 514 2604 Ecclesiispropriam
529 2521 771 2608 (quodcumque
781 2519 917 2586 tandem
927 2520 1010 2586 illud
1024 2521 1105 2602 olim
1118 2518 1233 2605 fuerit),

118 2636 244 2722 pariter
270 2637 435 2703 sublatum
450 2637 514 2703 fuit
533 2646 633 2724 atque
658 2639 851 2703 extinctum.
879 2636 974 2702 Unde
996 2645 1173 2722 nequeunt
1189 2638 1236 2720 bu

67 2795 69 2799 -
120 2753 226 2819 dierni
233 2754 576 2838 GalliarumEpiscopi,
595 2774 637 2821 ex
648 2755 704 2822 illo
717 2752 966 2839 antiquatojure
973 2754 1237 2838 grssicmnnllm

120 2868 187 2934 sibi
197 2869 401 2952 privilegium
416 2869 592 2936 vindicare.
608 2868 701 2957 (vide
714 2868 749 2934 id
770 2869 946 2953 probatum
960 2869 996 2934 in
1009 2888 1088 2937 meo
1105 2877 1238 2938 uncam

120 2987 157 3048 de
173 2989 339 3067 Principiis
345 2992 430 3068 juris
447 2983 607 3071 cononici.)

166 3104 198 3166 2.
212 3104 284 3191 Non
302 3109 409 3185 potest
424 3105 601 3187 Episcopus
614 3104 742 3170 Vicario
761 3124 820 3170 suo
838 3123 904 3169 non
923 3103 1086 3189 Episcopo
1105 3125 1148 3171 ea
1164 3123 1239 3171 com

122 3218 253 3283 mittere
274 3237 344 3302 quae
366 3227 441 3318 sunt
465 3219 588 3284 ordinis
610 3221 810 3307 episcopalis.
829 3222 894 3285 Pro
914 3218 1007 3305 cujus
1024 3219 1239 3288 declaratione

123 3331 346 3399 adnotandum
373 3342 423 3400 est
444 3336 505 3400 alia
526 3355 596 3401 esse
615 3335 738 3401 ordinis
754 3336 943 3420 episcopalis
969 3355 1011 3401 er
1028 3334 1106 3421 jure
1125 3335 1236 3412 divino,

123 3456 159 3517 et
173 3451 234 3516 alla
244 3470 283 3516 er
296 3449 370 3536 jure
385 3451 537 3519 humano.
548 3453 603 3522 *Ea
618 3471 679 3536 pro
696 3453 817 3539 quibus
838 3473 880 3518 er
902 3453 1120 3531 institutione·
1131 3451 1239 3520 amnt

124 3745 222 3809 quilibet
244 3745 408 3797 consessarius.
421 3746 544 3806 absolvere
566 3753 652 3810 potest.
673 3748 769 3809 Tertio,
791 3761 833 3811 uae
847 3747 876 3797 de
890 3747 974 3796 heresi
989 3751 1086 3809 caterae
1097 3748 1239 3814 pronuntiati

124 3819 213 3904 absque
228 3853 326 3890 assensu
345 3838 454 3890 interum
482 3841 536 3904 quie
549 3840 574 3890 id
584 3855 630 3891 non
643 3841 765 3891 constituit
777 3840 901 3891 formalem
912 3840 1030 3892 heresim.
1047 3840 1161 3903 Quarto,
1179 3839 1239 3889 «dit-

128 3935 241 3985 alicultas
255 3937 322 3985 unice
339 3936 401 3984 circa
415 3949 467 3985 eum
479 3943 595 3999 versatur,
611 3937 651 4000 qui
664 3917 763 3986 interius
777 3935 832 3998 fidei
851 3936 950 3985 articulo
966 3924 1119 3999 dissentitur,
1134 3948 1240 3998 suamquc

127 4029 282 4078 «dissensum
296 4031 373 4093 aliquo
386 4031 496 4079 exteriori
510 4032 577 4092 signu
590 4030 680 4092 pendit,
696 4031 753 4092 quin
765 4037 842 4079 tamen
854 4029 942 4078 idcirco
957 4029 1030 4079 luerit
1043 4029 1074 4078 ad
1092 4030 1171 4080 forum
1180 4028 1239 4093 judi·

127 4122 211 4172 sciale
225 4122 374 4172 deductus.»
400 4124 565 4187 (buccellato,
581 4137 605 4172 a.
626 4123 662 4186 b.)
678 4124 811 4172 Generatim
829 4128 907 4171 autem
927 4123 1069 4174 occultum
1080 4122 1168 4184 dicitnr
1183 4119 1239 4186 qaod

124 4229 207 4281 usquc
218 4219 373 4269 notorictate
381 4220 462 4283 juris,
474 4232 555 4283 amoc
571 4220 725 4268 autoretate
741 4217 808 4280 faeti
824 4219 968 4268 innotescit.
986 4219 1121 4269 Notarietss
1131 4219 1193 4282 juris
1202 4217 1239 4267 ills

125 4316 170 4370 est,
185 4324 236 4372 quae
249 4313 371 4365 orituros
384 4314 449 4364 actis
464 4310 637 4376 judicialibus
650 4327 669 4367 .·,
682 4312 810 4363 notorietas
830 4311 894 4374 iacti,
918 4324 971 4374 quie
991 4313 1070 4362 oritur
1086 4325 1117 4363 ex
1141 4311 1238 4377 pollion

124 4405 234 4468 samu.-
