2714 4980
432 359 433 362 =
511 340 591 390 ruas
615 341 774 390 sucnuoa
1133 324 1195 388 517
1312 379 1315 385 .

75 473 193 551 petere
205 452 457 551 Archiepiscopo
471 465 730 552 jurisdictionem
744 467 778 530 in
791 464 1020 550 suffraganeos,
1039 483 1196 532 eorumve

74 569 226 648 officiales
241 590 299 648 aut
312 582 471 662 subditos
486 590 618 666 exceptis
629 589 742 668 injure
759 588 909 666 expressis
920 584 1047 646 casim
1092 587 1096 595 ’
1155 613 1174 628 2*
1196 596 1200 613 ⁴

118 701 266 777 Secundo,
292 699 439 782 quamvis
454 719 472 764 a
488 698 676 764 Tridentino
692 697 825 784 synodo
848 699 882 762 in
898 697 1009 763 multis
1026 696 1201 764 imminuta-

71 813 176 880 fuerit
189 814 471 896 metropolitarum
486 821 642 898 potestas,
660 815 800 897 plurima
816 821 927 887 tamen
941 812 1061 877 intacta
1072 818 1201 878 remanss·

69 936 187 996 serunt
202 948 316 995 eorum
329 927 414 1015 jura,
429 948 491 1013 per
508 948 619 995 sacros
635 948 774 994 canones
787 928 864 1012 ipsis
878 927 1038 993 attributa
1055 926 1107 1014 (de
1123 928 1194 1012 qui·

68 1047 133 1114 bus
152 1064 286 1130 agemus
296 1047 330 1110 iu
346 1054 489 1114 tractatu
509 1046 551 1112 de
564 1043 749 1131 Episcopo);
770 1046 857 1111 inter
870 1064 942 1131 quae
952 1046 1073 1111 eminet
1085 1043 1202 1129 appel·-

67 1140 207 1226 lationes
232 1161 422 1245 recipiendi,
445 1181 504 1227 seu
528 1181 640 1227 causas
663 1162 939 1247 suffraganearum
955 1159 1138 1227 dioeceseon
1158 1161 1193 1226 iu
1276 1154 1279 1160 ’

67 1275 214 1342 secunda
228 1277 381 1342 instantia
400 1275 617 1360 cognoscendi
633 1283 667 1343 et
680 1275 879 1343 terminandi
893 1276 1041 1341 facultas.

114 1367 287 1473 Quomodo
300 1400 410 1458 autem
425 1411 542 1477 gerere
562 1411 596 1457 se
613 1392 733 1458 debeat
744 1393 891 1479 vicarius
903 1391 1062 1476 generalis
1074 1395 1203 1458 metro·-¹

69 1506 277 1590 politanusin
287 1506 501 1591 expediendis
512 1509 767 1592 appellationum
779 1509 893 1586 causis,
908 1515 940 1573 et
950 1526 1021 1593 quae
1032 1505 1200 1593 ejusmodi

69 1622 192 1688 Vicarii
204 1623 467 1691 constitutionem
479 1631 691 1704 concernunt,
706 1597 898 1693 adnotamus
908 1622 970 1690 sub
980 1621 1201 1709 sequentibus

67 1736 291 1822 paragraphis.

589 1975 604 2048 S
624 1972 667 2036 ΙΙ.

64 2218 102 2267 An
116 2216 229 2268 officialis
243 2218 437 2282 metropolitanus
450 2217 526 2281 possit
540 2223 582 2268 aut
593 2217 677 2268 debeat
691 2231 743 2269 esse
759 2217 821 2268 idem
835 2231 862 2267 ac
876 2216 1030 2282 dioeccsanus,
1055 2221 1148 2286 etquid
1162 2223 1185 2272 ia

347 2311 422 2361 forma
433 2310 531 2362 cundem
546 2312 701 2363 consumendi
712 2313 744 2362 sit
756 2310 936 2362 observandum.

111 2559 141 2621 1.
160 2556 257 2638 Quod
268 2556 367 2639 possit
381 2556 850 2641 Archiepiscopusvicariosuo
860 2557 1074 2625 dioeccsanam
1087 2560 1183 2627 simul

58 2681 96 2738 et
126 2672 412 2756 metropolitanam
439 2670 700 2756 jurisdictionem
728 2673 946 2739 exercendam
974 2676 1179 2742 committere

56 2788 201 2854 dubium
214 2796 354 2854 nonest.
906 2782 909 2787 '

103 2908 137 2970 2.
158 2905 191 2968 Si
212 2904 480 2988 archiepiscopus
508 2905 649 2991 aliquem
669 2904 807 2989 deputet
835 2905 869 2970 in
892 2905 1058 2971 Vicarium
1082 2926 1177 2974 suum

53 3023 237 3103 pecoralem,
260 3019 339 3085 nihil
354 3019 605 3086 determinando
625 3020 711 3086 circa
723 3021 824 3106 ipsius
834 3019 1104 3106 jurisdictionem,
1119 3025 1177 3090 tali

54 3136 184 3202 Vicario
208 3141 374 3219 competet
388 3143 459 3200 tota
472 3136 670 3219 generaliter
684 3135 866 3221 jurisdictio
884 3136 1047 3203 ordinaria
1063 3136 1175 3204 Archi-

52 3251 220 3335 episcopi3
237 3269 275 3316 ac
291 3249 430 3334 proinde
445 3269 510 3315 non
523 3257 651 3318 tantum
670 3249 855 3337 jurisdictio
869 3251 1032 3318 ordinaria
1041 3254 1078 3320 iu
1092 3254 1174 3322 dioe-

51 3367 155 3432 oesim
170 3367 348 3450 propriam,
370 3364 429 3431 sed
445 3373 480 3431 et
497 3367 531 3430 iu
546 3365 775 3450 suffraganeas.
792 3367 832 3433 Id
847 3369 933 3434 enim
947 3368 1048 3436 infert
1062 3390 1171 3439 secum

51 3483 174 3550 Vicarii
191 3485 341 3565 peteretis
359 3481 577 3548 denominatio
592 3484 728 3551 relative
744 3484 786 3550 ad
806 3505 882 3552 eum
896 3505 990 3573 aquo
1005 3488 1172 3556 constitui

50 3609 120 3677 tur,
138 3599 412 3664 uisicontrarium
428 3618 582 3683 expresse
596 3598 735 3667 dicatur.
1144 3600 1147 3605 ’
1182 3603 1187 3610 “

96 3718 129 3781 3.
149 3713 237 3796 Quid
251 3733 331 3780 vero
350 3716 377 3781 si
393 3714 677 3799 Archiepiscopus,
697 3716 835 3802 deputet
855 3737 956 3784 unum
971 3718 1187 3805 generaliter

48 3829 94 3897 ad
106 3830 367 3916 jurisdictionem
381 3829 594 3896 dioecesanam
614 3830 795 3913 dumtaxat,
813 3835 954 3902 alterum
978 3856 1059 3904 vero
1075 3837 1170 3906 dum·

45 3953 141 4012 taxat
166 3944 209 4010 ad
227 3945 511 4029 metropolitanam
532 3936 771 4013 exercendam?
793 3948 843 4015 Au
858 3958 998 4038 uterque
1012 3973 1111 4021 verus
1134 3962 1170 4023 et

45 4063 183 4147 proprie
206 4060 315 4127 dictus
333 4062 478 4127 Vicarius
498 4064 657 4146 generalis
680 4065 862 4132 censendus
882 4069 956 4148 erit,
983 4070 1037 4137 vel
1060 4071 1169 4155 potius

44 4187 215 4275 tanquam¹
229 4178 400 4262 delegatus
414 4180 455 4244 sit
477 4178 672 4247 habendus?
685 4180 779 4246 Ratio
800 4181 973 4250 dubitandi
995 4194 1046 4253 est
1069 4206 1167 4272 supra

44 4296 195 4379 exposita
217 4289 366 4362 doctrina
389 4293 431 4360 de
444 4295 581 4361 essentia
599 4295 772 4361 vicariatus
784 4296 953 4380 generalia,
968 4319 1040 4385 quae
1059 4303 1159 4388 exigit

42 4415 84 4479 ut
122 4409 267 4475 Vicarius
308 4408 469 4494 generalis
499 4407 715 4479 exercendam
746 4407 886 4490 habeat,
921 4429 987 4483 uon
1025 4413 1164 4504 aliquam
1262 4422 1273 4431 '
