2714 4980
591 122 672 172 PARS
692 120 807 170 Pttttts.
1220 114 1259 172 77

131 244 339 315 contractus
358 244 614 313 substantialiter
635 250 875 314 immutaverat.
906 248 990 315 Item
1008 242 1152 317 Ecclesia
1177 249 1264 336 judi·

128 361 255 428 cando
271 361 315 428 de
329 372 535 431 sacramento
550 365 755 442 matrimonii,
773 364 835 429 hoc
859 365 930 447 ipso
941 363 1067 449 judicat
1084 365 1128 433 de
1151 368 1264 433 matri·

126 479 251 544 monii
270 479 476 563 legitimitate
494 479 550 546 rel
572 481 741 564 nullitate3
759 485 794 545 et
816 489 1055 566 consequenter
1075 481 1199 568 judicat
1217 482 1261 549 de

122 593 353 678 legitimitate
373 595 475 679 prolis
491 614 532 660 ex
546 594 605 660 toli
626 595 832 661 matrimonio
853 603 933 661 ortae
953 615 960 659 a
979 616 1021 662 er
1034 598 1262 682 illegitimitate

120 720 255 778 autem
281 713 439 778 natalium
456 720 639 798 sequnntur
652 713 765 780 civiles
779 714 911 779 maximi
930 716 1085 781 momenti
1102 715 1259 801 ellectus3

115 827 175 894 ita
195 829 303 894 etiam
324 835 373 907 ut,
393 829 419 894 si
440 835 557 914 agatur
581 828 623 895 de
649 831 796 914 principe
813 831 866 896 cui
885 831 962 896 alias
984 838 1187 918 competeret
1208 832 1262 919 jns

119 943 350 1011 succedendi
363 945 397 1010 in
411 952 549 1030 paterno
564 947 655 1026 solio,
674 948 780 1030 posita
794 947 944 1013 Ecclesia
961 950 1122 1015 sententia
1138 948 1179 1015 de
1193 948 1262 1017 ille·

117 1063 257 1146 gitimo
274 1081 316 1128 ex
327 1081 392 1147 qno
408 1072 500 1129 ortus
514 1071 564 1129 est
580 1064 794 1144 matrimonio,
811 1083 885 1130 eum
904 1084 923 1129 a
937 1066 1139 1132 successione
1151 1067 1260 1135 exclu-

113 1175 290 1244 dendum
309 1199 379 1246 esse
394 1181 464 1264 ipso
478 1180 566 1247 tacto
585 1188 752 1266 sequatur.
770 1183 838 1248 Imo
854 1182 943 1248 nulla
957 1182 1027 1248 lere
1053 1186 1259 1267 pronuntiari

113 1302 277 1380 possunt
293 1295 336 1362 de
359 1297 459 1363 rebus
477 1297 699 1381 spiritualibus
712 1297 836 1383 judicia
854 1298 1081 1379 ecclesiastica,
1102 1318 1173 1385 qnoe
1190 1320 1257 1366 ma-

119 1414 182 1497 gis
200 1413 355 1479 minusve
371 1412 496 1480 duecte
512 1413 652 1499 aliquem
664 1413 818 1481 ellectum
832 1417 865 1480 in
883 1416 1037 1482 societate
1053 1415 1198 1483 seculari
1208 1438 1258 1485 se·

115 1549 214 1595 cum
232 1529 456 1596 non-trahant.
485 1530 566 1595 Cum
581 1550 660 1615 ergo
682 1531 792 1597 civiles
810 1530 997 1618 hujusmodi
1015 1532 1150 1599 effectus
1165 1536 1257 1618 spiri-

114 1647 280 1713 tualium
294 1666 463 1713 causarum
479 1645 625 1715 definitio
643 1649 836 1735 plerumque
852 1649 1023 1733 producat,
1043 1653 1200 1736 quaeritur
1213 1672 1254 1719 an

115 1771 317 1850 propterea
332 1766 494 1830 saecularis
509 1772 654 1849 potestas
669 1766 769 1850 possit
786 1765 828 1831 de
852 1767 890 1831 iis
908 1786 1102 1851 cognoscere
1127 1777 1161 1834 et
1179 1788 1255 1853 pro·

118 1883 304 1948 nuntiare.
318 1883 474 1966 Negative
491 1901 562 1948 esse
579 1880 847 1966 respondendum
860 1882 954 1948 facile
969 1882 1139 1966 probatur,
1152 1886 1255 1970 appli-

122 2001 265 2067 catione
295 1999 528 2082 principiorum
553 2000 620 2065 sive
645 2000 834 2084 regularum
859 2019 938 2085 quas
964 2001 1124 2084 superiori
1149 2002 1253 2086 capite

123 2116 362 2201 praemisimus.
380 2116 515 2200 Nempe,

183 2236 217 2296 1⁰
234 2229 445 2298 Ostendimus
470 2250 524 2297 eas
543 2250 654 2297 causas
673 2230 715 2297 ad
743 2231 852 2298 forum
876 2232 1128 2301 ecclesiasticum
1152 2237 1254 2320 perti·

126 2369 227 2428 nere,
245 2367 326 2434 quas
342 2347 403 2413 sibi
417 2346 544 2432 subjici,
563 2367 625 2432 per
637 2349 728 2433 leges
742 2350 921 2433 generales,
937 2358 972 2416 et
984 2352 1170 2435 generalem
1186 2351 1251 2419 dis·

128 2467 288 2552 ciplinam
307 2465 542 2532 constituentes
557 2464 709 2532 decrevit
722 2467 865 2534 Ecclesia
880 2486 920 2534 eo
937 2467 1026 2554 quod
1044 2470 1168 2536 seilicet
1187 2490 1252 2537 non

128 2584 237 2669 possit
253 2583 395 2648 Ecclesia
416 2582 458 2648 ob
477 2580 620 2648 divinam
639 2581 823 2649 inerrantiae
839 2587 1087 2670 prerogativam
1109 2606 1171 2671 per
1184 2608 1253 2655 mc-

130 2699 212 2766 dnm
228 2699 389 2785 generalis
401 2699 609 2783 legislationis
624 2707 659 2766 et
674 2699 847 2784 dlaciplinae
866 2702 988 2787 aliquid
1003 2723 1177 2770 erroneum
1194 2714 1251 2773 aut

130 2816 293 2902 injustum
307 2821 466 2881 statuere.
484 2816 556 2881 Jam
570 2836 649 2882 vero
671 2814 828 2899 praedicto
846 2815 943 2881 modo
967 2819 1109 2885 Ecclesia
1127 2821 1188 2886 sibi
1204 2831 1252 2889 at·

131 2933 263 3015 tribuit,
280 2940 446 3020 tamqrram
462 2932 523 2998 sibi
539 2934 698 3018 proprias,
715 2951 827 2999 causas
838 2934 1020 3016 spirituales
1037 2955 1158 3018 omnes,
1179 2939 1253 3006 aba·

134 3067 196 3137 qne
226 3051 435 3119 distinctione
467 3071 580 3119 earum
606 3070 677 3136 qnae
707 3053 829 3137 aliquos
850 3051 961 3118 civiles
982 3053 1117 3121 effectus
1140 3076 1250 3126 secum

135 3168 286 3255 trahunt;
309 3172 374 3236 imo
397 3172 454 3237 has
475 3172 571 3238 etiam
586 3172 685 3257 ipsius
708 3171 849 3239 decretis
868 3175 1109 3259 comprehendi,
1136 3197 1176 3243 ex
1196 3198 1252 3247 ec-

136 3302 208 3351 rnm
222 3296 339 3352 tenore
361 3290 492 3354 omnino
507 3289 621 3373 liquet.
637 3290 675 3353 In
698 3308 796 3373 supra
820 3291 919 3356 citato
939 3292 1254 3375 eapite‘Deoeroimus

139 3404 179 3487 (2,
195 3403 285 3469 tituli
299 3407 337 3469 de
353 3408 483 3469 ludicris
505 3408 534 3483 l,
551 3405 627 3471 libri
648 3409 668 3471 2
689 3404 914 3493 decretalium)
933 3410 1160 3478 universaliter
1179 3433 1251 3480 san-
1326 3465 1329 3471 ,

136 3522 220 3587 citur
242 3530 277 3585 ut
305 3525 377 3585 laica·
403 3525 599 3588 ecclesiastico
637 3531 768 3588 tractare
801 3532 921 3607 negotia
956 3546 1016 3590 ooo
1039 3539 1226 3610 presumant
1234 3555 1250 3613 ;

135 3655 203 3724 qnae
229 3638 406 3723 prohibitio
424 3638 605 3706 districtius
632 3641 739 3707 adhuc
764 3644 963 3721 enuntiatur,
991 3643 1070 3709 dum
1092 3644 1247 3715 additur:

135 3762 263 3822 mxime
279 3760 318 3821 de
337 3760 402 3821 illia
415 3777 479 3839 quac
490 3760 665 3840 spiritualia
676 3780 738 3823 aare
751 3767 923 3825 coscucmr.
938 3760 1086 3825 Errasset
1097 3781 1138 3826 ex
1155 3769 1250 3846 parte

136 3871 274 3940 Ecclesia
300 3873 383 3940 banc
413 3874 664 3958 prohibitionem
688 3876 733 3941 ita
762 3876 992 3943 universaliter
1012 3876 1196 3960 sanciendo,
1224 3884 1251 3948 si

137 4007 235 4057 cause
244 3992 358 4076 aliquae
370 3992 564 4076 spirituales,
578 3994 640 4058 illae
653 3994 778 4059 scilicet
788 4012 859 4078 qnae
874 3991 1010 4059 effectus
1020 3993 1131 4061 civiles
1138 4016 1251 4066 secum

137 4109 275 4188 trabunt,
288 4109 363 4196 jure
376 4118 508 4193 possent
523 4112 698 4176 asaecnlari
710 4109 819 4196 judice
834 4109 985 4194 cognosci
1000 4117 1033 4176 et
1048 4110 1166 4181 dirimi.
1180 4117 1249 4184 Imo

139 4228 305 4307 previsum
326 4226 390 4293 tuit
410 4228 444 4291 in
464 4228 525 4293 hoo
549 4225 695 4306 decreto,
725 4224 896 4311 aliqnando
910 4225 1063 4292 accidere
1085 4248 1191 4314 posse,
1212 4241 1250 4302 nt
1331 4295 1334 4299 ,
