2714 4980
119 285 182 347 tta
459 299 646 348 rmcrlrus
668 302 712 348 un
733 300 882 350 ruorcus.

116 428 228 488 autem
241 420 430 506 particulari
444 419 539 486 alicui
554 422 668 493 curia,
685 421 793 500 idest,
815 422 941 508 exejus
957 424 1046 510 stylo
1060 433 1115 491 aut
1128 432 1204 492 sutu-
1289 405 1291 413 ¹

116 539 170 616 tis,
187 537 260 604 fieri
278 544 387 621 posset
401 545 438 602 ut
453 537 566 622 aliquae
580 538 647 602 aliae
664 538 867 604 conditiones
882 541 1140 624 requirerentur.
1285 517 1286 525 ἵ

160 649 276 734 Quoad
290 649 423 715 modum
439 649 646 717 describendi
660 651 805 718 mandati
820 656 1048 736 procuratori,
1063 673 1133 719 curu
1144 652 1206 720 auli·

117 767 276 834 cientibus
300 764 342 832 de
365 765 440 850 jure
466 769 627 832 communi
656 768 912 846 conditionibus,
939 769 1016 836 vide
1043 768 1085 835 ad
1112 770 1205 834 calceu
1286 850 1288 857 A

116 888 274 949 tractatus
294 883 338 969 (ic
358 885 526 946 collectione
542 883 768 968 formatarum).

611 1129 627 1201 t
652 1125 739 1212 vui.

295 1349 328 1394 lte
340 1352 453 1407 potestate
468 1347 636 1407 procuratoris,
652 1352 674 1394 el
687 1345 716 1395 do
729 1353 823 1395 actuum
837 1348 912 1408 ipsius
927 1347 1055 1396 effectibus.

167 1570 196 1632 1.
208 1568 372 1651 Tanquam
385 1565 499 1650 regula
513 1564 673 1648 generalis
684 1564 834 1643 habetur,
845 1564 982 1631 officium
995 1573 1031 1632 et
1042 1571 1249 1649 potestatem

118 1682 340 1768 procuratoris
360 1679 402 1746 ad
420 1681 515 1764 plura
531 1699 595 1744 non
615 1679 758 1757 extendi,
774 1698 871 1765 quam
883 1681 914 1746 ei
924 1681 1027 1747 fuerit
1041 1680 1214 1765 injunctum
1225 1723 1249 1739 .

119 1799 201 1864 Hinc
214 1796 345 1862 domiuo
362 1796 547 1861 nullatenus
561 1793 782 1879 prejudicium,
800 1814 870 1879 quae
885 1815 903 1860 a
919 1801 1131 1879 procuratore
1145 1805 1270 1862 extra

119 1913 202 1980 fines
225 1911 371 1977 mundati
390 1919 604 1994 peraguntur.
629 1912 679 1977 Ita
701 1918 816 1977 tenent
834 1910 985 1978 doctores
1005 1914 1255 1988 communiter,

121 2032 176 2116 qui
192 2031 304 2112 plures
313 2031 346 2093 in
360 2029 584 2112 probationem
596 2027 680 2112 juris
694 2029 829 2093 Romani
842 2036 952 2094 textus
965 2027 1136 2094 adducunt
1150 2028 1266 2116 (vide

121 2146 289 2230 Pirrhing‚
308 2146 341 2210 in
361 2145 494 2211 titulum
510 2148 563 2221 38,
583 2143 657 2210 libri
678 2148 688 2208 l
709 2143 939 2220 decretalium,
959 2149 975 2222 5
991 2141 1036 2228 7).
1057 2144 1123 2210 Sed
1142 2153 1177 2211 et
1190 2151 1267 2211 at‘

121 2267 215 2327 tento
236 2261 307 2325 solo
327 2259 402 2344 jure
425 2259 574 2336 naturali,
598 2278 652 2324 res
673 2265 766 2323 extra
785 2258 921 2323 dubium
940 2259 1104 2326 censenda
1119 2268 1185 2337 est,
1201 2261 1267 2323 ut

122 2383 224 2461 patet.
242 2375 337 2442 Unde
352 2377 387 2440 in
400 2375 471 2442 foro
486 2376 583 2440 etiam
597 2375 814 2440 ecclesiastico
833 2394 894 2458 pro
913 2382 1003 2440 certa
1019 2374 1172 2441 habenda
1188 2378 1259 2442 est

123 2488 210 2558 dicta
224 2490 383 2574 generalis
396 2490 519 2574 regula.
543 2490 687 2555 Dubium
704 2497 814 2573 autem
835 2511 906 2557 esse
927 2496 1047 2574 potest,
1071 2509 1114 2554 an
1131 2490 1166 2555 iu
1183 2485 1260 2557 tali

124 2605 179 2671 ael
203 2605 261 2671 tali
282 2623 357 2671 casu
381 2605 570 2671 mandatum
589 2623 685 2671 suum
709 2614 901 2688 procurator
924 2605 1249 2690 praetergrediatur:

125 2718 214 2787 unde
229 2720 331 2804 magis
342 2720 376 2784 in
389 2721 506 2803 specie,
519 2719 598 2806 quid
610 2720 709 2804 possit
722 2728 854 2786 autnon
868 2722 968 2805 possit
978 2728 1129 2787 remanet
1135 2719 1260 2788 deter⁶

126 2835 326 2903 minandum.

170 2955 203 3020 2.
228 2951 323 3019 Nulla
338 2949 501 3017 censenda
516 2958 567 3016 est
581 2952 803 3034 procuratoris
820 2958 980 3036 potestas,
999 2952 1028 3016 si
1042 2952 1263 3018 constituens

127 3068 263 3163 plenam⁸
279 3066 467 3132 libertatem
492 3066 528 3130 in
553 3065 662 3131 dando
686 3066 836 3134 mandato
860 3087 926 3133 non
949 3066 1112 3132 babuerit.
1139 3067 1263 3149 Quen)

127 3183 363 3249 conclusionem
385 3183 454 3265 ipso
475 3182 614 3247 naturali
633 3181 708 3266 jure
731 3181 863 3247 fundari
880 3182 958 3248 satia
981 3181 1183 3266 potabilem
1199 3183 1270 3248 in·

98 3375 99 3378 Ἴ
128 3316 227 3380 super
237 3298 408 3362 canonista
420 3305 540 3363 eruunt
556 3317 597 3362 ex
609 3297 715 3381 capite
727 3301 872 3362 Accedecs
886 3298 951 3384 (10,
965 3297 1052 3362 tituli
1063 3300 1121 3375 38,
1135 3297 1213 3364 libri
1225 3295 1253 3363 ί

129 3410 367 3497 decretalium),
391 3419 428 3477 ut
450 3413 565 3480 videre
591 3421 642 3479 est
662 3412 751 3498 apud
775 3413 926 3497 Pirrhing
943 3413 987 3500 (iu
1005 3413 1143 3480 citatum
1168 3415 1275 3480 titu‘

129 3531 264 3608 lum38,
280 3530 356 3596 libri
377 3533 389 3595 1
411 3531 634 3609 decretalium,
654 3550 687 3596 u.
708 3528 773 3615 57).

174 3651 207 3714 3.
234 3647 435 3714 Constitutus
450 3646 493 3712 ad
505 3647 590 3726 lites,
608 3655 716 3730 potest
729 3653 934 3712 nontantum
947 3663 1057 3730 agere,
1074 3643 1135 3712 sed
1148 3647 1283 3713 ettam

131 3765 342 3852 respondere:
358 3764 454 3842 idest,
471 3764 635 3830 dontinurn
647 3764 827 3831 defendere
840 3765 897 3830 sia
910 3783 969 3830 reo
979 3764 1282 3831 reconveniatur-

131 3884 200 3951 Imo
218 3884 246 3950 si
260 3883 454 3948 constitutus
471 3882 514 3947 ad
532 3881 705 3977 agendum,
725 3882 867 3948 noluerit
883 3878 1049 3947 domiuum
1065 3878 1288 3946 defendere

131 4020 190 4068 seu
205 4019 266 4085 pro
283 4019 322 4066 eo
338 3998 551 4082 respondere,
570 4000 693 4081 poterit
707 3999 749 4064 ab
767 3997 894 4082 agendo
908 3997 1035 4082 repelli.
1054 3997 1106 4062 Ita
1118 3995 1173 4082 jus
1185 3996 1291 4062 110⁴

132 4135 278 4195 manum,
288 4106 397 4200 quoad
410 4115 470 4181 hoc
484 4116 519 4180 iu
531 4115 604 4181 foro
615 4115 831 4180 ecclesiastico
844 4122 1027 4198 receptum.
1043 4111 1126 4179 Vide
1136 4114 1291 4178 texam

134 4231 221 4316 apud
242 4231 390 4314 Pirrbing
413 4233 496 4317 (loco
516 4231 625 4307 citato,
649 4231 682 4294 n.v
708 4227 774 4312 56).
801 4232 869 4295 lmo
888 4235 1005 4312 putant
1024 4229 1134 4310 plures
1152 4237 1293 4292 cano*
