<?xml version="1.0" encoding="UTF-8"?>
<!DOCTYPE html PUBLIC "-//W3C//DTD XHTML 1.0 Transitional//EN"
    "http://www.w3.org/TR/xhtml1/DTD/xhtml1-transitional.dtd">
<html xmlns="http://www.w3.org/1999/xhtml" xml:lang="en" lang="en">
 <head>
  <title>
</title>
<meta http-equiv="Content-Type" content="text/html;charset=utf-8" />
  <meta name='ocr-system' content='tesseract 3.04.00' />
  <meta name='ocr-capabilities' content='ocr_page ocr_carea ocr_par ocr_line ocrx_word'/>
</head>
<body>
  <div class='ocr_page' id='page_1' title='image "./tractatusdejudi00bouigoog_0285.png"; bbox 0 0 2714 4980; ppageno 0'>
   <div class='ocr_carea' id='block_1_1' title="bbox 118 296 888 363">
    <p class='ocr_par' dir='ltr' id='par_1_1' title="bbox 118 296 888 363">
     <span class='ocr_line' id='line_1_1' title="bbox 118 296 888 363; baseline 0 -7"><span class='ocrx_word' id='word_1_1' title='bbox 118 296 184 358; x_wconf 71' lang='lat'><strong>272</strong></span> <span class='ocrx_word' id='word_1_2' title='bbox 464 309 652 354; x_wconf 77' lang='lat' dir='ltr'><strong>mauranus</strong></span> <span class='ocrx_word' id='word_1_3' title='bbox 674 310 718 363; x_wconf 84' lang='lat' dir='ltr'><strong>nn</strong></span> <span class='ocrx_word' id='word_1_4' title='bbox 739 310 888 358; x_wconf 81' lang='lat' dir='ltr'><strong>runicus.</strong></span> 
     </span>
    </p>
   </div>
   <div class='ocr_carea' id='block_1_2' title="bbox 115 429 1254 754">
    <p class='ocr_par' dir='ltr' id='par_1_2' title="bbox 115 429 1254 754">
     <span class='ocr_line' id='line_1_2' title="bbox 115 429 1254 519; baseline 0.002 -19"><span class='ocrx_word' id='word_1_5' title='bbox 115 429 317 519; x_wconf 82' lang='lat' dir='ltr'><strong>perseveret,</strong></span> <span class='ocrx_word' id='word_1_6' title='bbox 332 430 529 498; x_wconf 82' lang='lat' dir='ltr'><strong>domicilium</strong></span> <span class='ocrx_word' id='word_1_7' title='bbox 543 451 608 497; x_wconf 95' lang='lat' dir='ltr'><strong>non</strong></span> <span class='ocrx_word' id='word_1_8' title='bbox 624 433 759 517; x_wconf 82' lang='lat' dir='ltr'><strong>amittit3</strong></span> <span class='ocrx_word' id='word_1_9' title='bbox 776 435 851 519; x_wconf 89' lang='lat' dir='ltr'><strong>quia</strong></span> <span class='ocrx_word' id='word_1_10' title='bbox 860 452 978 518; x_wconf 84' lang='lat' dir='ltr'>nempe</span> <span class='ocrx_word' id='word_1_11' title='bbox 993 434 1056 500; x_wconf 87' lang='lat' dir='ltr'><strong>boc</strong></span> <span class='ocrx_word' id='word_1_12' title='bbox 1075 433 1175 502; x_wconf 92' lang='lat' dir='ltr'><strong>modo</strong></span> <span class='ocrx_word' id='word_1_13' title='bbox 1190 437 1254 501; x_wconf 84' lang='lat' dir='ltr'><strong>in-</strong></span> 
     </span>
     <span class='ocr_line' id='line_1_3' title="bbox 116 547 1241 634; baseline 0.004 -18"><span class='ocrx_word' id='word_1_14' title='bbox 116 550 278 634; x_wconf 76' lang='lat' dir='ltr'><strong>telligitur</strong></span> <span class='ocrx_word' id='word_1_15' title='bbox 291 549 325 614; x_wconf 91' lang='lat' dir='ltr'><strong>in</strong></span> <span class='ocrx_word' id='word_1_16' title='bbox 337 568 377 615; x_wconf 88' lang='lat' dir='ltr'><strong>ea</strong></span> <span class='ocrx_word' id='word_1_17' title='bbox 394 550 531 614; x_wconf 89' lang='lat' dir='ltr'><strong>materia</strong></span> <span class='ocrx_word' id='word_1_18' title='bbox 549 547 755 613; x_wconf 89' lang='lat' dir='ltr'><strong>habitationis</strong></span> <span class='ocrx_word' id='word_1_19' title='bbox 770 551 974 633; x_wconf 69' lang='lat' dir='ltr'><strong>perpetuitas</strong></span> <span class='ocrx_word' id='word_1_20' title='bbox 988 568 1048 616; x_wconf 88' lang='lat' dir='ltr'><strong>seu</strong></span> <span class='ocrx_word' id='word_1_21' title='bbox 1066 550 1241 620; x_wconf 82' lang='lat' dir='ltr'><strong>stabilitas.</strong></span> 
     </span>
     <span class='ocr_line' id='line_1_4' title="bbox 160 664 1252 754; baseline 0.003 -22"><span class='ocrx_word' id='word_1_22' title='bbox 160 665 256 732; x_wconf 86' lang='lat' dir='ltr'><strong>Unde</strong></span> <span class='ocrx_word' id='word_1_23' title='bbox 270 684 343 732; x_wconf 93' lang='lat' dir='ltr'><strong>cum</strong></span> <span class='ocrx_word' id='word_1_24' title='bbox 358 667 392 730; x_wconf 94' lang='lat' dir='ltr'><strong>in</strong></span> <span class='ocrx_word' id='word_1_25' title='bbox 408 665 466 731; x_wconf 91' lang='lat' dir='ltr'><strong>hac</strong></span> <span class='ocrx_word' id='word_1_26' title='bbox 481 685 518 731; x_wconf 91' lang='lat' dir='ltr'><strong>re</strong></span> <span class='ocrx_word' id='word_1_27' title='bbox 538 664 591 750; x_wconf 90' lang='lat' dir='ltr'><strong>jus</strong></span> <span class='ocrx_word' id='word_1_28' title='bbox 606 665 787 731; x_wconf 89' lang='lat' dir='ltr'><strong>Romanum</strong></span> <span class='ocrx_word' id='word_1_29' title='bbox 806 667 948 733; x_wconf 81' lang='lat' dir='ltr'><strong>Ecclesia</strong></span> <span class='ocrx_word' id='word_1_30' title='bbox 968 674 1146 754; x_wconf 86' lang='lat' dir='ltr'><strong>sequatur,</strong></span> <span class='ocrx_word' id='word_1_31' title='bbox 1164 687 1252 735; x_wconf 78' lang='lat' dir='ltr'><strong>con--</strong></span> 
     </span>
    </p>
   </div>
   <div class='ocr_carea' id='block_1_3' title="bbox 7 780 1240 867">
    <p class='ocr_par' dir='ltr' id='par_1_3' title="bbox 7 780 1240 867">
     <span class='ocr_line' id='line_1_5' title="bbox 7 780 1240 867; baseline 0.003 -18"><span class='ocrx_word' id='word_1_32' title='bbox 7 806 9 812; x_wconf 91' lang='lat'>·</span> <span class='ocrx_word' id='word_1_33' title='bbox 115 781 317 849; x_wconf 92' lang='lat' dir='ltr'><strong>cludendum</strong></span> <span class='ocrx_word' id='word_1_34' title='bbox 329 789 391 860; x_wconf 82' lang='lat' dir='ltr'><strong>est,</strong></span> <span class='ocrx_word' id='word_1_35' title='bbox 409 780 537 866; x_wconf 90' lang='lat' dir='ltr'><strong>dejure</strong></span> <span class='ocrx_word' id='word_1_36' title='bbox 557 782 711 848; x_wconf 90' lang='lat' dir='ltr'><strong>canonico</strong></span> <span class='ocrx_word' id='word_1_37' title='bbox 724 781 768 848; x_wconf 92' lang='lat' dir='ltr'><strong>ad</strong></span> <span class='ocrx_word' id='word_1_38' title='bbox 780 782 1036 867; x_wconf 89' lang='lat' dir='ltr'><strong>comparandum</strong></span> <span class='ocrx_word' id='word_1_39' title='bbox 1049 785 1184 867; x_wconf 84' lang='lat' dir='ltr'><strong>proprie</strong></span> <span class='ocrx_word' id='word_1_40' title='bbox 1195 784 1240 853; x_wconf 92' lang='lat' dir='ltr'><strong>di-</strong></span> 
     </span>
    </p>
   </div>
   <div class='ocr_carea' id='block_1_4' title="bbox 61 897 1263 4473">
    <p class='ocr_par' dir='ltr' id='par_1_4' title="bbox 61 897 1263 4473">
     <span class='ocr_line' id='line_1_6' title="bbox 117 897 1229 984; baseline 0.004 -20"><span class='ocrx_word' id='word_1_41' title='bbox 117 907 206 965; x_wconf 90' lang='lat' dir='ltr'><strong>otum</strong></span> <span class='ocrx_word' id='word_1_42' title='bbox 223 897 418 965; x_wconf 88' lang='lat' dir='ltr'><strong>domicilium</strong></span> <span class='ocrx_word' id='word_1_43' title='bbox 435 898 558 984; x_wconf 86' lang='lat' dir='ltr'><strong>requiri</strong></span> <span class='ocrx_word' id='word_1_44' title='bbox 572 906 606 963; x_wconf 90' lang='lat' dir='ltr'><strong>et</strong></span> <span class='ocrx_word' id='word_1_45' title='bbox 624 897 785 978; x_wconf 77' lang='lat' dir='ltr'><strong>subicere,-</strong></span> <span class='ocrx_word' id='word_1_46' title='bbox 804 900 969 983; x_wconf 91' lang='lat' dir='ltr'><strong>inceptam</strong></span> <span class='ocrx_word' id='word_1_47' title='bbox 989 899 1229 982; x_wconf 82' lang='lat' dir='ltr'><strong>habitationem,</strong></span> 
     </span>
     <span class='ocr_line' id='line_1_7' title="bbox 61 1014 1191 1101; baseline 0.009 -27"><span class='ocrx_word' id='word_1_48' title='bbox 61 1059 70 1074; x_wconf 94' lang='lat'><strong>.</strong></span> <span class='ocrx_word' id='word_1_49' title='bbox 117 1035 192 1081; x_wconf 92' lang='lat' dir='ltr'><strong>cum</strong></span> <span class='ocrx_word' id='word_1_50' title='bbox 205 1015 373 1100; x_wconf 91' lang='lat' dir='ltr'><strong>proposito</strong></span> <span class='ocrx_word' id='word_1_51' title='bbox 388 1015 547 1080; x_wconf 89' lang='lat' dir='ltr'><strong>stabiliter</strong></span> <span class='ocrx_word' id='word_1_52' title='bbox 562 1014 609 1080; x_wconf 93' lang='lat' dir='ltr'><strong>ibi</strong></span> <span class='ocrx_word' id='word_1_53' title='bbox 624 1015 849 1098; x_wconf 86' lang='lat' dir='ltr'><strong>permanendi,</strong></span> <span class='ocrx_word' id='word_1_54' title='bbox 866 1016 927 1081; x_wconf 91' lang='lat' dir='ltr'><strong>nisi</strong></span> <span class='ocrx_word' id='word_1_55' title='bbox 943 1015 1023 1101; x_wconf 88' lang='lat' dir='ltr'><strong>quid</strong></span> <span class='ocrx_word' id='word_1_56' title='bbox 1037 1015 1191 1084; x_wconf 87' lang='lat' dir='ltr'><strong>advocet.</strong></span> 
     </span>
     <span class='ocr_line' id='line_1_8' title="bbox 163 1129 1225 1218; baseline 0.003 -22"><span class='ocrx_word' id='word_1_57' title='bbox 163 1137 279 1212; x_wconf 78' lang='lat' dir='ltr'><strong>Tertio,</strong></span> <span class='ocrx_word' id='word_1_58' title='bbox 300 1129 471 1196; x_wconf 89' lang='lat' dir='ltr'><strong>difficultas</strong></span> <span class='ocrx_word' id='word_1_59' title='bbox 493 1131 617 1209; x_wconf 86' lang='lat' dir='ltr'><strong>oritur,</strong></span> <span class='ocrx_word' id='word_1_60' title='bbox 637 1130 768 1216; x_wconf 90' lang='lat' dir='ltr'><strong>quando</strong></span> <span class='ocrx_word' id='word_1_61' title='bbox 790 1149 856 1196; x_wconf 94' lang='lat' dir='ltr'><strong>non</strong></span> <span class='ocrx_word' id='word_1_62' title='bbox 872 1139 1010 1212; x_wconf 89' lang='lat' dir='ltr'><strong>constat,</strong></span> <span class='ocrx_word' id='word_1_63' title='bbox 1029 1141 1146 1198; x_wconf 90' lang='lat' dir='ltr'><strong>utrum</strong></span> <span class='ocrx_word' id='word_1_64' title='bbox 1168 1135 1225 1218; x_wconf 89' lang='lat' dir='ltr'><strong>quis</strong></span> 
     </span>
     <span class='ocr_line' id='line_1_9' title="bbox 117 1245 1226 1315; baseline 0.003 -3"><span class='ocrx_word' id='word_1_65' title='bbox 117 1247 235 1312; x_wconf 91' lang='lat' dir='ltr'><strong>alicubi</strong></span> <span class='ocrx_word' id='word_1_66' title='bbox 247 1247 387 1312; x_wconf 81' lang='lat' dir='ltr'><strong>existens</strong></span> <span class='ocrx_word' id='word_1_67' title='bbox 401 1245 551 1311; x_wconf 87' lang='lat' dir='ltr'><strong>habuerit</strong></span> <span class='ocrx_word' id='word_1_68' title='bbox 567 1266 670 1311; x_wconf 90' lang='lat' dir='ltr'><strong>necne</strong></span> <span class='ocrx_word' id='word_1_69' title='bbox 685 1248 827 1312; x_wconf 88' lang='lat' dir='ltr'><strong>animum</strong></span> <span class='ocrx_word' id='word_1_70' title='bbox 842 1246 966 1313; x_wconf 89' lang='lat' dir='ltr'><strong>ibidem</strong></span> <span class='ocrx_word' id='word_1_71' title='bbox 982 1248 1148 1315; x_wconf 86' lang='lat' dir='ltr'><strong>stabiliter</strong></span> <span class='ocrx_word' id='word_1_72' title='bbox 1157 1268 1226 1315; x_wconf 90' lang='lat' dir='ltr'><strong>con·</strong></span> 
     </span>
     <span class='ocr_line' id='line_1_10' title="bbox 118 1362 1224 1448; baseline 0.002 -20"><span class='ocrx_word' id='word_1_73' title='bbox 118 1363 276 1428; x_wconf 90' lang='lat' dir='ltr'><strong>morandi.</strong></span> <span class='ocrx_word' id='word_1_74' title='bbox 294 1365 383 1428; x_wconf 83' lang='lat' dir='ltr'><strong>Tunc</strong></span> <span class='ocrx_word' id='word_1_75' title='bbox 398 1381 517 1446; x_wconf 87' lang='lat' dir='ltr'><strong>nempe</strong></span> <span class='ocrx_word' id='word_1_76' title='bbox 533 1363 691 1448; x_wconf 81' lang='lat' dir='ltr'><strong>quaeritur</strong></span> <span class='ocrx_word' id='word_1_77' title='bbox 705 1362 794 1429; x_wconf 89' lang='lat' dir='ltr'><strong>unde</strong></span> <span class='ocrx_word' id='word_1_78' title='bbox 810 1364 917 1448; x_wconf 85' lang='lat' dir='ltr'><strong>colligi</strong></span> <span class='ocrx_word' id='word_1_79' title='bbox 932 1383 991 1430; x_wconf 90' lang='lat' dir='ltr'><strong>seu</strong></span> <span class='ocrx_word' id='word_1_80' title='bbox 1009 1367 1164 1448; x_wconf 76' lang='lat' dir='ltr'><strong>praesumi</strong></span> <span class='ocrx_word' id='word_1_81' title='bbox 1180 1363 1224 1430; x_wconf 80' lang='lat' dir='ltr'><strong>de</strong></span> 
     </span>
     <span class='ocr_line' id='line_1_11' title="bbox 118 1478 1220 1565; baseline 0.002 -20"><span class='ocrx_word' id='word_1_82' title='bbox 118 1478 195 1546; x_wconf 90' lang='lat' dir='ltr'><strong>beat</strong></span> <span class='ocrx_word' id='word_1_83' title='bbox 212 1479 310 1545; x_wconf 91' lang='lat' dir='ltr'><strong>hocce</strong></span> <span class='ocrx_word' id='word_1_84' title='bbox 325 1479 425 1562; x_wconf 92' lang='lat' dir='ltr'><strong>ipsius</strong></span> <span class='ocrx_word' id='word_1_85' title='bbox 441 1478 656 1561; x_wconf 88' lang='lat' dir='ltr'><strong>propositum,</strong></span> <span class='ocrx_word' id='word_1_86' title='bbox 675 1499 694 1544; x_wconf 87' lang='lat' dir='ltr'><strong>a</strong></span> <span class='ocrx_word' id='word_1_87' title='bbox 710 1498 776 1565; x_wconf 91' lang='lat' dir='ltr'><strong>quo</strong></span> <span class='ocrx_word' id='word_1_88' title='bbox 791 1479 915 1562; x_wconf 91' lang='lat' dir='ltr'><strong>pendet</strong></span> <span class='ocrx_word' id='word_1_89' title='bbox 931 1479 1087 1547; x_wconf 89' lang='lat' dir='ltr'><strong>domicilii</strong></span> <span class='ocrx_word' id='word_1_90' title='bbox 1103 1481 1220 1548; x_wconf 83' lang='lat' dir='ltr'><strong>veritas.</strong></span> 
     </span>
     <span class='ocr_line' id='line_1_12' title="bbox 121 1592 1224 1684; baseline 0.008 -31"><span class='ocrx_word' id='word_1_91' title='bbox 121 1619 136 1654; x_wconf 88' lang='lat'>«</span> <span class='ocrx_word' id='word_1_92' title='bbox 150 1595 255 1680; x_wconf 78' lang='lat' dir='ltr'><strong>Aliqui</strong></span> <span class='ocrx_word' id='word_1_93' title='bbox 269 1595 443 1679; x_wconf 87' lang='lat' dir='ltr'><strong>requirunt</strong></span> <span class='ocrx_word' id='word_1_94' title='bbox 457 1592 666 1672; x_wconf 76' lang='lat' dir='ltr'><strong>decennium,</strong></span> <span class='ocrx_word' id='word_1_95' title='bbox 680 1593 722 1659; x_wconf 96' lang='lat' dir='ltr'><strong>ob</strong></span> <span class='ocrx_word' id='word_1_96' title='bbox 736 1602 863 1660; x_wconf 84' lang='lat' dir='ltr'><strong>textum</strong></span> <span class='ocrx_word' id='word_1_97' title='bbox 877 1595 958 1679; x_wconf 83' lang='lat' dir='ltr'><strong>legis</strong></span> <span class='ocrx_word' id='word_1_98' title='bbox 971 1601 1033 1661; x_wconf 81' lang='lat' dir='ltr'><strong>Nec</strong></span> <span class='ocrx_word' id='word_1_99' title='bbox 1052 1603 1115 1680; x_wconf 76' lang='lat' dir='ltr'><strong>ipat</strong></span> <span class='ocrx_word' id='word_1_100' title='bbox 1130 1598 1173 1684; x_wconf 77' lang='lat'><strong>(2,</strong></span> <span class='ocrx_word' id='word_1_101' title='bbox 1185 1615 1224 1662; x_wconf 87' lang='lat' dir='ltr'><strong>co</strong></span> 
     </span>
     <span class='ocr_line' id='line_1_13' title="bbox 120 1707 1225 1798; baseline 0.008 -28"><span class='ocrx_word' id='word_1_102' title='bbox 120 1735 136 1772; x_wconf 89' lang='lat'>«</span> <span class='ocrx_word' id='word_1_103' title='bbox 151 1710 242 1789; x_wconf 89' lang='lat' dir='ltr'><strong>dicis,</strong></span> <span class='ocrx_word' id='word_1_104' title='bbox 261 1713 298 1774; x_wconf 80' lang='lat' dir='ltr'><strong>de</strong></span> <span class='ocrx_word' id='word_1_105' title='bbox 316 1707 452 1794; x_wconf 77' lang='lat' dir='ltr'><strong>Incolis).</strong></span> <span class='ocrx_word' id='word_1_106' title='bbox 471 1708 536 1774; x_wconf 90' lang='lat' dir='ltr'><strong>Sed</strong></span> <span class='ocrx_word' id='word_1_107' title='bbox 556 1709 618 1775; x_wconf 89' lang='lat' dir='ltr'><strong>hoc</strong></span> <span class='ocrx_word' id='word_1_108' title='bbox 638 1711 867 1776; x_wconf 88' lang='lat' dir='ltr'><strong>universaliter</strong></span> <span class='ocrx_word' id='word_1_109' title='bbox 882 1731 999 1777; x_wconf 88' lang='lat' dir='ltr'><strong>verum</strong></span> <span class='ocrx_word' id='word_1_110' title='bbox 1014 1732 1087 1778; x_wconf 88' lang='lat' dir='ltr'><strong>esse</strong></span> <span class='ocrx_word' id='word_1_111' title='bbox 1101 1733 1166 1779; x_wconf 94' lang='lat' dir='ltr'><strong>non</strong></span> <span class='ocrx_word' id='word_1_112' title='bbox 1179 1733 1225 1798; x_wconf 86' lang='lat' dir='ltr'><strong>po</strong></span> 
     </span>
     <span class='ocr_line' id='line_1_14' title="bbox 121 1824 1223 1910; baseline 0.007 -23"><span class='ocrx_word' id='word_1_113' title='bbox 121 1851 137 1889; x_wconf 77' lang='lat' dir='ltr'><strong>a</strong></span> <span class='ocrx_word' id='word_1_114' title='bbox 151 1834 224 1892; x_wconf 92' lang='lat' dir='ltr'><strong>test.</strong></span> <span class='ocrx_word' id='word_1_115' title='bbox 243 1828 323 1892; x_wconf 88' lang='lat' dir='ltr'><strong>Nam</strong></span> <span class='ocrx_word' id='word_1_116' title='bbox 340 1829 382 1903; x_wconf 84' lang='lat'><strong>1⁰,</strong></span> <span class='ocrx_word' id='word_1_117' title='bbox 405 1826 430 1892; x_wconf 93' lang='lat' dir='ltr'><strong>si</strong></span> <span class='ocrx_word' id='word_1_118' title='bbox 452 1826 524 1910; x_wconf 90' lang='lat' dir='ltr'><strong>quis</strong></span> <span class='ocrx_word' id='word_1_119' title='bbox 543 1824 801 1892; x_wconf 87' lang='lat' dir='ltr'><strong>inhabitationis</strong></span> <span class='ocrx_word' id='word_1_120' title='bbox 819 1826 930 1893; x_wconf 90' lang='lat' dir='ltr'><strong>locum</strong></span> <span class='ocrx_word' id='word_1_121' title='bbox 948 1835 1052 1894; x_wconf 88' lang='lat' dir='ltr'><strong>totam</strong></span> <span class='ocrx_word' id='word_1_122' title='bbox 1070 1829 1223 1908; x_wconf 78' lang='lat' dir='ltr'><strong>familiam,</strong></span> 
     </span>
     <span class='ocr_line' id='line_1_15' title="bbox 120 1940 1224 2029; baseline 0.006 -26"><span class='ocrx_word' id='word_1_123' title='bbox 120 1967 135 2006; x_wconf 88' lang='lat'>«</span> <span class='ocrx_word' id='word_1_124' title='bbox 150 1960 327 2028; x_wconf 89' lang='lat' dir='ltr'><strong>rerumque</strong></span> <span class='ocrx_word' id='word_1_125' title='bbox 350 1950 384 2006; x_wconf 91' lang='lat' dir='ltr'><strong>et</strong></span> <span class='ocrx_word' id='word_1_126' title='bbox 405 1940 612 2006; x_wconf 87' lang='lat' dir='ltr'><strong>fortunarum</strong></span> <span class='ocrx_word' id='word_1_127' title='bbox 634 1961 766 2008; x_wconf 89' lang='lat' dir='ltr'><strong>suarum</strong></span> <span class='ocrx_word' id='word_1_128' title='bbox 785 1962 944 2009; x_wconf 89' lang='lat' dir='ltr'><strong>summam</strong></span> <span class='ocrx_word' id='word_1_129' title='bbox 966 1945 1224 2029; x_wconf 80' lang='lat' dir='ltr'><strong>transtulerit3si</strong></span> 
     </span>
     <span class='ocr_line' id='line_1_16' title="bbox 120 2058 1224 2146; baseline 0.006 -28"><span class='ocrx_word' id='word_1_130' title='bbox 120 2084 136 2122; x_wconf 68' lang='grc' dir='ltr'><strong>ι(</strong></span> <span class='ocrx_word' id='word_1_131' title='bbox 150 2059 310 2126; x_wconf 87' lang='lat' dir='ltr'><strong>beneficio</strong></span> <span class='ocrx_word' id='word_1_132' title='bbox 337 2058 571 2136; x_wconf 89' lang='lat' dir='ltr'><strong>ecclesiastico,</strong></span> <span class='ocrx_word' id='word_1_133' title='bbox 602 2058 805 2143; x_wconf 79' lang='lat' dir='ltr'><strong>personalem</strong></span> <span class='ocrx_word' id='word_1_134' title='bbox 842 2059 1053 2127; x_wconf 89' lang='lat' dir='ltr'><strong>residentiam</strong></span> <span class='ocrx_word' id='word_1_135' title='bbox 1079 2061 1224 2146; x_wconf 76' lang='lat' dir='ltr'><strong>exigenti,</strong></span> 
     </span>
     <span class='ocr_line' id='line_1_17' title="bbox 121 2173 1228 2263; baseline 0.005 -26"><span class='ocrx_word' id='word_1_136' title='bbox 121 2199 136 2238; x_wconf 80' lang='lat' dir='ltr'><strong>o</strong></span> <span class='ocrx_word' id='word_1_137' title='bbox 151 2175 321 2242; x_wconf 86' lang='lat' dir='ltr'><strong>deservire</strong></span> <span class='ocrx_word' id='word_1_138' title='bbox 336 2176 489 2258; x_wconf 88' lang='lat' dir='ltr'><strong>coeperit;</strong></span> <span class='ocrx_word' id='word_1_139' title='bbox 510 2175 537 2239; x_wconf 92' lang='lat' dir='ltr'><strong>si</strong></span> <span class='ocrx_word' id='word_1_140' title='bbox 555 2174 624 2238; x_wconf 85' lang='lat' dir='ltr'><strong>aliae</strong></span> <span class='ocrx_word' id='word_1_141' title='bbox 642 2173 839 2259; x_wconf 75' lang='lat' dir='ltr'><strong>conjectura</strong></span> <span class='ocrx_word' id='word_1_142' title='bbox 860 2185 1068 2256; x_wconf 85' lang='lat' dir='ltr'><strong>concurrant,</strong></span> <span class='ocrx_word' id='word_1_143' title='bbox 1085 2197 1158 2263; x_wconf 81' lang='lat' dir='ltr'><strong>qua</strong></span> <span class='ocrx_word' id='word_1_144' title='bbox 1171 2177 1228 2242; x_wconf 84' lang='lat' dir='ltr'><strong>ani·</strong></span> 
     </span>
     <span class='ocr_line' id='line_1_18' title="bbox 121 2290 1229 2376; baseline 0.006 -25"><span class='ocrx_word' id='word_1_145' title='bbox 121 2317 136 2353; x_wconf 86' lang='lat'>«</span> <span class='ocrx_word' id='word_1_146' title='bbox 152 2311 241 2358; x_wconf 90' lang='lat' dir='ltr'><strong>mum</strong></span> <span class='ocrx_word' id='word_1_147' title='bbox 266 2290 389 2376; x_wconf 84' lang='lat' dir='ltr'><strong>ligendi</strong></span> <span class='ocrx_word' id='word_1_148' title='bbox 409 2290 608 2357; x_wconf 91' lang='lat' dir='ltr'><strong>domicilium</strong></span> <span class='ocrx_word' id='word_1_149' title='bbox 632 2293 709 2357; x_wconf 89' lang='lat' dir='ltr'><strong>satis</strong></span> <span class='ocrx_word' id='word_1_150' title='bbox 729 2290 917 2372; x_wconf 83' lang='lat' dir='ltr'><strong>declarant,</strong></span> <span class='ocrx_word' id='word_1_151' title='bbox 944 2291 1145 2360; x_wconf 91' lang='lat' dir='ltr'><strong>domicilium</strong></span> <span class='ocrx_word' id='word_1_152' title='bbox 1164 2313 1229 2361; x_wconf 87' lang='lat' dir='ltr'><strong>oon·</strong></span> 
     </span>
     <span class='ocr_line' id='line_1_19' title="bbox 121 2408 1227 2494; baseline 0.005 -24"><span class='ocrx_word' id='word_1_153' title='bbox 121 2434 138 2470; x_wconf 76' lang='lat' dir='ltr'><strong>o</strong></span> <span class='ocrx_word' id='word_1_154' title='bbox 152 2417 306 2487; x_wconf 86' lang='lat' dir='ltr'><strong>tractum,</strong></span> <span class='ocrx_word' id='word_1_155' title='bbox 320 2410 416 2474; x_wconf 89' lang='lat' dir='ltr'><strong>etiam</strong></span> <span class='ocrx_word' id='word_1_156' title='bbox 423 2427 464 2473; x_wconf 80' lang='lat' dir='ltr'><strong>ex</strong></span> <span class='ocrx_word' id='word_1_157' title='bbox 472 2408 669 2474; x_wconf 82' lang='lat' dir='ltr'><strong>habitatione</strong></span> <span class='ocrx_word' id='word_1_158' title='bbox 677 2411 834 2492; x_wconf 89' lang='lat' dir='ltr'><strong>temporis</strong></span> <span class='ocrx_word' id='word_1_159' title='bbox 840 2410 1009 2489; x_wconf 89' lang='lat' dir='ltr'><strong>brevioris,</strong></span> <span class='ocrx_word' id='word_1_160' title='bbox 1019 2411 1227 2494; x_wconf 75' lang='lat' dir='ltr'><strong>praesumitum</strong></span> 
     </span>
     <span class='ocr_line' id='line_1_20' title="bbox 121 2524 1240 2611; baseline 0.006 -26"><span class='ocrx_word' id='word_1_161' title='bbox 121 2550 137 2587; x_wconf 87' lang='lat'>«</span> <span class='ocrx_word' id='word_1_162' title='bbox 151 2525 272 2590; x_wconf 83' lang='lat' dir='ltr'><strong>Contra</strong></span> <span class='ocrx_word' id='word_1_163' title='bbox 285 2530 395 2590; x_wconf 88' lang='lat' dir='ltr'><strong>autem</strong></span> <span class='ocrx_word' id='word_1_164' title='bbox 411 2527 457 2602; x_wconf 80' lang='lat'><strong>2⁰,</strong></span> <span class='ocrx_word' id='word_1_165' title='bbox 478 2542 585 2609; x_wconf 87' lang='lat' dir='ltr'><strong>neque</strong></span> <span class='ocrx_word' id='word_1_166' title='bbox 604 2544 646 2589; x_wconf 79' lang='lat' dir='ltr'><strong>ex</strong></span> <span class='ocrx_word' id='word_1_167' title='bbox 667 2524 833 2592; x_wconf 88' lang='lat' dir='ltr'><strong>habitione</strong></span> <span class='ocrx_word' id='word_1_168' title='bbox 852 2544 923 2611; x_wconf 84' lang='lat' dir='ltr'><strong>quae</strong></span> <span class='ocrx_word' id='word_1_169' title='bbox 940 2525 1098 2593; x_wconf 84' lang='lat' dir='ltr'><strong>decennio</strong></span> <span class='ocrx_word' id='word_1_170' title='bbox 1113 2527 1240 2592; x_wconf 87' lang='lat' dir='ltr'><strong>diutur-</strong></span> 
     </span>
     <span class='ocr_line' id='line_1_21' title="bbox 121 2639 1241 2726; baseline 0.007 -26"><span class='ocrx_word' id='word_1_171' title='bbox 121 2665 137 2702; x_wconf 88' lang='lat'>«</span> <span class='ocrx_word' id='word_1_172' title='bbox 150 2643 223 2707; x_wconf 88' lang='lat' dir='ltr'><strong>nior</strong></span> <span class='ocrx_word' id='word_1_173' title='bbox 238 2641 338 2705; x_wconf 87' lang='lat' dir='ltr'><strong>fuerit</strong></span> <span class='ocrx_word' id='word_1_174' title='bbox 353 2639 550 2706; x_wconf 90' lang='lat' dir='ltr'><strong>domicilium</strong></span> <span class='ocrx_word' id='word_1_175' title='bbox 568 2642 780 2706; x_wconf 88' lang='lat' dir='ltr'><strong>constitutum</strong></span> <span class='ocrx_word' id='word_1_176' title='bbox 797 2651 887 2707; x_wconf 85' lang='lat' dir='ltr'><strong>recte</strong></span> <span class='ocrx_word' id='word_1_177' title='bbox 907 2643 1128 2726; x_wconf 87' lang='lat' dir='ltr'><strong>praesumitur‚</strong></span> <span class='ocrx_word' id='word_1_178' title='bbox 1146 2642 1241 2708; x_wconf 85' lang='lat' dir='ltr'><strong>siha-</strong></span> 
     </span>
     <span class='ocr_line' id='line_1_22' title="bbox 122 2757 1225 2844; baseline 0.004 -25"><span class='ocrx_word' id='word_1_179' title='bbox 122 2782 138 2819; x_wconf 86' lang='lat'>«</span> <span class='ocrx_word' id='word_1_180' title='bbox 152 2757 317 2824; x_wconf 87' lang='lat' dir='ltr'><strong>bitationis</strong></span> <span class='ocrx_word' id='word_1_181' title='bbox 338 2777 432 2823; x_wconf 88' lang='lat' dir='ltr'><strong>causa</strong></span> <span class='ocrx_word' id='word_1_182' title='bbox 449 2765 660 2841; x_wconf 90' lang='lat' dir='ltr'><strong>temporanea</strong></span> <span class='ocrx_word' id='word_1_183' title='bbox 681 2758 785 2823; x_wconf 92' lang='lat' dir='ltr'><strong>solum</strong></span> <span class='ocrx_word' id='word_1_184' title='bbox 813 2758 929 2838; x_wconf 83' lang='lat' dir='ltr'><strong>fuerit,</strong></span> <span class='ocrx_word' id='word_1_185' title='bbox 953 2761 1099 2844; x_wconf 85' lang='lat' dir='ltr'><strong>exempli</strong></span> <span class='ocrx_word' id='word_1_186' title='bbox 1118 2760 1225 2844; x_wconf 66' lang='lat' dir='ltr'><strong>gratia</strong></span> 
     </span>
     <span class='ocr_line' id='line_1_23' title="bbox 122 2874 1230 2961; baseline 0.009 -27"><span class='ocrx_word' id='word_1_187' title='bbox 122 2874 347 2953; x_wconf 85' lang='lat' dir='ltr'><strong>«studiorum,</strong></span> <span class='ocrx_word' id='word_1_188' title='bbox 366 2874 552 2950; x_wconf 87' lang='lat' dir='ltr'><strong>famulatus,</strong></span> <span class='ocrx_word' id='word_1_189' title='bbox 566 2876 701 2959; x_wconf 78' lang='lat' dir='ltr'><strong>negotii,</strong></span> <span class='ocrx_word' id='word_1_190' title='bbox 716 2876 771 2941; x_wconf 82' lang='lat' dir='ltr'><strong>vel</strong></span> <span class='ocrx_word' id='word_1_191' title='bbox 778 2876 984 2959; x_wconf 71' lang='lat' dir='ltr'><strong>profecturae</strong></span> <span class='ocrx_word' id='word_1_192' title='bbox 994 2876 1102 2942; x_wconf 91' lang='lat' dir='ltr'><strong>solum</strong></span> <span class='ocrx_word' id='word_1_193' title='bbox 1115 2885 1230 2961; x_wconf 90' lang='lat' dir='ltr'><strong>tempo-</strong></span> 
     </span>
     <span class='ocr_line' id='line_1_24' title="bbox 120 2990 1230 3075; baseline 0.003 -23"><span class='ocrx_word' id='word_1_194' title='bbox 120 3016 136 3052; x_wconf 77' lang='lat' dir='ltr'><strong>o</strong></span> <span class='ocrx_word' id='word_1_195' title='bbox 149 3010 299 3057; x_wconf 85' lang='lat' dir='ltr'><strong>raneae...</strong></span> <span class='ocrx_word' id='word_1_196' title='bbox 316 2992 363 3056; x_wconf 84' lang='lat' dir='ltr'><strong>Ex</strong></span> <span class='ocrx_word' id='word_1_197' title='bbox 377 3009 442 3075; x_wconf 92' lang='lat' dir='ltr'><strong>quo</strong></span> <span class='ocrx_word' id='word_1_198' title='bbox 456 2996 559 3073; x_wconf 87' lang='lat' dir='ltr'><strong>patet,</strong></span> <span class='ocrx_word' id='word_1_199' title='bbox 574 2991 609 3054; x_wconf 95' lang='lat' dir='ltr'><strong>in</strong></span> <span class='ocrx_word' id='word_1_200' title='bbox 626 2990 685 3056; x_wconf 91' lang='lat' dir='ltr'><strong>hac</strong></span> <span class='ocrx_word' id='word_1_201' title='bbox 699 3010 736 3056; x_wconf 92' lang='lat' dir='ltr'><strong>re</strong></span> <span class='ocrx_word' id='word_1_202' title='bbox 751 2991 929 3074; x_wconf 90' lang='lat' dir='ltr'><strong>plurimum</strong></span> <span class='ocrx_word' id='word_1_203' title='bbox 941 2990 1157 3057; x_wconf 89' lang='lat' dir='ltr'><strong>tribuendum</strong></span> <span class='ocrx_word' id='word_1_204' title='bbox 1167 3008 1230 3057; x_wconf 89' lang='lat' dir='ltr'><strong>esse</strong></span> 
     </span>
     <span class='ocr_line' id='line_1_25' title="bbox 122 3104 1225 3192; baseline 0.004 -25"><span class='ocrx_word' id='word_1_205' title='bbox 122 3131 138 3168; x_wconf 77' lang='lat' dir='ltr'><strong>a</strong></span> <span class='ocrx_word' id='word_1_206' title='bbox 152 3106 334 3190; x_wconf 78' lang='lat' dir='ltr'><strong>prudentia</strong></span> <span class='ocrx_word' id='word_1_207' title='bbox 350 3112 384 3171; x_wconf 88' lang='lat' dir='ltr'><strong>et</strong></span> <span class='ocrx_word' id='word_1_208' title='bbox 399 3105 534 3171; x_wconf 86' lang='lat' dir='ltr'><strong>arbitrio</strong></span> <span class='ocrx_word' id='word_1_209' title='bbox 551 3104 686 3190; x_wconf 82' lang='lat' dir='ltr'><strong>judicis3</strong></span> <span class='ocrx_word' id='word_1_210' title='bbox 703 3107 760 3191; x_wconf 92' lang='lat' dir='ltr'><strong>qui</strong></span> <span class='ocrx_word' id='word_1_211' title='bbox 777 3106 915 3190; x_wconf 90' lang='lat' dir='ltr'><strong>proinde</strong></span> <span class='ocrx_word' id='word_1_212' title='bbox 929 3113 967 3172; x_wconf 87' lang='lat' dir='ltr'><strong>ut</strong></span> <span class='ocrx_word' id='word_1_213' title='bbox 982 3115 1075 3173; x_wconf 86' lang='lat' dir='ltr'><strong>recte</strong></span> <span class='ocrx_word' id='word_1_214' title='bbox 1089 3108 1175 3174; x_wconf 88' lang='lat' dir='ltr'><strong>lerat</strong></span> <span class='ocrx_word' id='word_1_215' title='bbox 1184 3105 1225 3192; x_wconf 84' lang='lat' dir='ltr'><strong>ju·</strong></span> 
     </span>
     <span class='ocr_line' id='line_1_26' title="bbox 78 3220 1223 3300; baseline 0.009 -20"><span class='ocrx_word' id='word_1_216' title='bbox 78 3269 82 3280; x_wconf 85' lang='grc'><strong><em>,</em></strong></span> <span class='ocrx_word' id='word_1_217' title='bbox 123 3246 139 3283; x_wconf 81' lang='lat' dir='ltr'><strong>o</strong></span> <span class='ocrx_word' id='word_1_218' title='bbox 154 3221 292 3300; x_wconf 82' lang='lat' dir='ltr'><strong>dicium,</strong></span> <span class='ocrx_word' id='word_1_219' title='bbox 317 3229 466 3288; x_wconf 87' lang='lat' dir='ltr'><strong>accurate</strong></span> <span class='ocrx_word' id='word_1_220' title='bbox 492 3220 700 3287; x_wconf 81' lang='lat' dir='ltr'><strong>considerare</strong></span> <span class='ocrx_word' id='word_1_221' title='bbox 719 3220 854 3288; x_wconf 90' lang='lat' dir='ltr'><strong>debebit</strong></span> <span class='ocrx_word' id='word_1_222' title='bbox 881 3223 1139 3289; x_wconf 88' lang='lat' dir='ltr'><strong>circumstantias</strong></span> <span class='ocrx_word' id='word_1_223' title='bbox 1161 3222 1223 3299; x_wconf 83' lang='lat' dir='ltr'><strong>loct,</strong></span> 
     </span>
     <span class='ocr_line' id='line_1_27' title="bbox 123 3337 1226 3423; baseline 0.003 -23"><span class='ocrx_word' id='word_1_224' title='bbox 123 3357 382 3423; x_wconf 85' lang='lat' dir='ltr'><strong>«personarum,</strong></span> <span class='ocrx_word' id='word_1_225' title='bbox 399 3346 434 3403; x_wconf 90' lang='lat' dir='ltr'><strong>et</strong></span> <span class='ocrx_word' id='word_1_226' title='bbox 449 3338 503 3402; x_wconf 84' lang='lat' dir='ltr'><strong>vel</strong></span> <span class='ocrx_word' id='word_1_227' title='bbox 520 3339 659 3404; x_wconf 83' lang='lat' dir='ltr'><strong>maxime</strong></span> <span class='ocrx_word' id='word_1_228' title='bbox 678 3356 846 3405; x_wconf 91' lang='lat' dir='ltr'><strong>causarum</strong></span> <span class='ocrx_word' id='word_1_229' title='bbox 865 3337 1080 3405; x_wconf 88' lang='lat' dir='ltr'><strong>diuturnioris</strong></span> <span class='ocrx_word' id='word_1_230' title='bbox 1100 3357 1226 3406; x_wconf 79' lang='lat' dir='ltr'><strong>comm·</strong></span> 
     </span>
     <span class='ocr_line' id='line_1_28' title="bbox 122 3452 1222 3541; baseline 0.003 -26"><span class='ocrx_word' id='word_1_231' title='bbox 122 3478 139 3515; x_wconf 88' lang='lat'>«</span> <span class='ocrx_word' id='word_1_232' title='bbox 153 3456 284 3521; x_wconf 91' lang='lat' dir='ltr'><strong>rationis</strong></span> <span class='ocrx_word' id='word_1_233' title='bbox 296 3455 331 3519; x_wconf 94' lang='lat' dir='ltr'><strong>in</strong></span> <span class='ocrx_word' id='word_1_234' title='bbox 342 3455 425 3520; x_wconf 90' lang='lat' dir='ltr'><strong>loco.</strong></span> <span class='ocrx_word' id='word_1_235' title='bbox 442 3477 460 3516; x_wconf 83' lang='lat' dir='ltr'><strong>n</strong></span> <span class='ocrx_word' id='word_1_236' title='bbox 477 3452 789 3541; x_wconf 67' lang='lat' dir='ltr'><strong>(Schmalzgrueben</strong></span> <span class='ocrx_word' id='word_1_237' title='bbox 805 3454 840 3518; x_wconf 95' lang='lat' dir='ltr'><strong>in</strong></span> <span class='ocrx_word' id='word_1_238' title='bbox 851 3455 904 3519; x_wconf 88' lang='lat' dir='ltr'><strong>tit.</strong></span> <span class='ocrx_word' id='word_1_239' title='bbox 920 3457 952 3532; x_wconf 77' lang='lat' dir='ltr'><strong>i,</strong></span> <span class='ocrx_word' id='word_1_240' title='bbox 965 3454 1080 3520; x_wconf 71' lang='lat' dir='ltr'><strong>libris</strong></span> <span class='ocrx_word' id='word_1_241' title='bbox 1096 3455 1222 3530; x_wconf 83' lang='lat' dir='ltr'><strong>decret,</strong></span> 
     </span>
     <span class='ocr_line' id='line_1_29' title="bbox 120 3568 1225 3655; baseline -0.003 -19"><span class='ocrx_word' id='word_1_242' title='bbox 120 3590 153 3636; x_wconf 87' lang='lat' dir='ltr'><strong>n.</strong></span> <span class='ocrx_word' id='word_1_243' title='bbox 173 3568 239 3655; x_wconf 89' lang='lat' dir='ltr'><strong>ll.)</strong></span> <span class='ocrx_word' id='word_1_244' title='bbox 256 3572 433 3636; x_wconf 83' lang='lat' dir='ltr'><strong>Enumerat</strong></span> <span class='ocrx_word' id='word_1_245' title='bbox 451 3577 565 3653; x_wconf 92' lang='lat' dir='ltr'><strong>postea</strong></span> <span class='ocrx_word' id='word_1_246' title='bbox 582 3568 704 3635; x_wconf 89' lang='lat' dir='ltr'><strong>ibidem</strong></span> <span class='ocrx_word' id='word_1_247' title='bbox 721 3570 838 3634; x_wconf 90' lang='lat' dir='ltr'><strong>citatus</strong></span> <span class='ocrx_word' id='word_1_248' title='bbox 849 3575 965 3635; x_wconf 88' lang='lat' dir='ltr'><strong>auctor</strong></span> <span class='ocrx_word' id='word_1_249' title='bbox 979 3572 1163 3655; x_wconf 90' lang='lat' dir='ltr'><strong>praecipuas</strong></span> <span class='ocrx_word' id='word_1_250' title='bbox 1176 3569 1225 3635; x_wconf 90' lang='lat' dir='ltr'><strong>cir·</strong></span> 
     </span>
     <span class='ocr_line' id='line_1_30' title="bbox 119 3685 1225 3771; baseline -0.001 -19"><span class='ocrx_word' id='word_1_251' title='bbox 119 3688 343 3764; x_wconf 87' lang='lat' dir='ltr'><strong>cumstantias‚</strong></span> <span class='ocrx_word' id='word_1_252' title='bbox 362 3702 404 3752; x_wconf 79' lang='lat' dir='ltr'><strong>ex</strong></span> <span class='ocrx_word' id='word_1_253' title='bbox 422 3685 540 3771; x_wconf 90' lang='lat' dir='ltr'><strong>quibus</strong></span> <span class='ocrx_word' id='word_1_254' title='bbox 555 3687 673 3751; x_wconf 90' lang='lat' dir='ltr'><strong>merito</strong></span> <span class='ocrx_word' id='word_1_255' title='bbox 688 3685 843 3768; x_wconf 81' lang='lat' dir='ltr'><strong>praesumi</strong></span> <span class='ocrx_word' id='word_1_256' title='bbox 855 3687 957 3768; x_wconf 89' lang='lat' dir='ltr'><strong>possit</strong></span> <span class='ocrx_word' id='word_1_257' title='bbox 972 3685 1138 3754; x_wconf 89' lang='lat' dir='ltr'><strong>stabiliter</strong></span> <span class='ocrx_word' id='word_1_258' title='bbox 1151 3703 1225 3752; x_wconf 90' lang='lat' dir='ltr'><strong>com·</strong></span> 
     </span>
     <span class='ocr_line' id='line_1_31' title="bbox 121 3803 1170 3887; baseline -0.001 -17"><span class='ocrx_word' id='word_1_259' title='bbox 121 3803 270 3871; x_wconf 90' lang='lat' dir='ltr'><strong>morandi</strong></span> <span class='ocrx_word' id='word_1_260' title='bbox 284 3806 421 3868; x_wconf 91' lang='lat' dir='ltr'><strong>animus.</strong></span> <span class='ocrx_word' id='word_1_261' title='bbox 486 3812 488 3816; x_wconf 71' lang='lat'><strong><em>‘</em></strong></span> <span class='ocrx_word' id='word_1_262' title='bbox 1165 3874 1170 3887; x_wconf 60' lang='grc'><strong>,</strong></span> 
     </span>
     <span class='ocr_line' id='line_1_32' title="bbox 164 3917 1226 4005; baseline 0 -21"><span class='ocrx_word' id='word_1_263' title='bbox 164 3927 290 4004; x_wconf 79' lang='lat' dir='ltr'><strong>Quarto,</strong></span> <span class='ocrx_word' id='word_1_264' title='bbox 314 3943 331 3983; x_wconf 77' lang='lat' dir='ltr'><strong>a</strong></span> <span class='ocrx_word' id='word_1_265' title='bbox 348 3926 457 4004; x_wconf 92' lang='lat' dir='ltr'><strong>potest</strong></span> <span class='ocrx_word' id='word_1_266' title='bbox 472 3921 544 4005; x_wconf 90' lang='lat' dir='ltr'><strong>quis</strong></span> <span class='ocrx_word' id='word_1_267' title='bbox 561 3920 594 3982; x_wconf 91' lang='lat' dir='ltr'><strong>in</strong></span> <span class='ocrx_word' id='word_1_268' title='bbox 607 3917 737 3984; x_wconf 89' lang='lat' dir='ltr'><strong>duobus</strong></span> <span class='ocrx_word' id='word_1_269' title='bbox 747 3918 802 3983; x_wconf 87' lang='lat' dir='ltr'><strong>vel</strong></span> <span class='ocrx_word' id='word_1_270' title='bbox 815 3918 963 4001; x_wconf 79' lang='lat' dir='ltr'><strong>pluribus</strong></span> <span class='ocrx_word' id='word_1_271' title='bbox 979 3918 1060 3984; x_wconf 91' lang='lat' dir='ltr'><strong>locis</strong></span> <span class='ocrx_word' id='word_1_272' title='bbox 1070 3921 1166 3986; x_wconf 90' lang='lat' dir='ltr'><strong>simul</strong></span> <span class='ocrx_word' id='word_1_273' title='bbox 1180 3919 1226 3984; x_wconf 87' lang='lat' dir='ltr'><strong>la·</strong></span> 
     </span>
     <span class='ocr_line' id='line_1_33' title="bbox 123 4017 1231 4120; baseline -0.001 -20"><span class='ocrx_word' id='word_1_274' title='bbox 123 4039 233 4104; x_wconf 80' lang='lat' dir='ltr'><strong>obera</strong></span> <span class='ocrx_word' id='word_1_275' title='bbox 259 4037 466 4115; x_wconf 87' lang='lat' dir='ltr'><strong>domicilium,</strong></span> <span class='ocrx_word' id='word_1_276' title='bbox 489 4034 533 4101; x_wconf 90' lang='lat' dir='ltr'><strong>ad</strong></span> <span class='ocrx_word' id='word_1_277' title='bbox 553 4053 628 4100; x_wconf 92' lang='lat' dir='ltr'><strong>eum</strong></span> <span class='ocrx_word' id='word_1_278' title='bbox 656 4033 808 4100; x_wconf 81' lang='lat' dir='ltr'><strong>effectum</strong></span> <span class='ocrx_word' id='word_1_279' title='bbox 828 4043 866 4099; x_wconf 87' lang='lat' dir='ltr'><strong>ut</strong></span> <span class='ocrx_word' id='word_1_280' title='bbox 886 4033 1063 4120; x_wconf 90' lang='lat' dir='ltr'><strong>utrobique</strong></span> <span class='ocrx_word' id='word_1_281' title='bbox 1089 4017 1231 4103; x_wconf 82' lang='lat' dir='ltr'><strong>subditus</strong></span> 
     </span>
     <span class='ocr_line' id='line_1_34' title="bbox 123 4141 1263 4242; baseline 0.003 -29"><span class='ocrx_word' id='word_1_282' title='bbox 123 4176 140 4214; x_wconf 80' lang='lat' dir='ltr'><strong>o</strong></span> <span class='ocrx_word' id='word_1_283' title='bbox 153 4161 325 4219; x_wconf 86' lang='lat' dir='ltr'><strong>censeatur</strong></span> <span class='ocrx_word' id='word_1_284' title='bbox 341 4161 375 4218; x_wconf 91' lang='lat' dir='ltr'><strong>et</strong></span> <span class='ocrx_word' id='word_1_285' title='bbox 391 4151 558 4217; x_wconf 80' lang='lat' dir='ltr'><strong>conveniri</strong></span> <span class='ocrx_word' id='word_1_286' title='bbox 578 4150 678 4234; x_wconf 90' lang='lat' dir='ltr'><strong>possit</strong></span> <span class='ocrx_word' id='word_1_287' title='bbox 701 4151 784 4237; x_wconf 82' lang='lat' dir='ltr'><strong>(lege</strong></span> <span class='ocrx_word' id='word_1_288' title='bbox 806 4152 902 4215; x_wconf 77' lang='lat' dir='ltr'><strong>Labeo</strong></span> <span class='ocrx_word' id='word_1_289' title='bbox 922 4154 953 4228; x_wconf 80' lang='lat'><strong>5,</strong></span> <span class='ocrx_word' id='word_1_290' title='bbox 975 4159 1010 4216; x_wconf 90' lang='lat' dir='ltr'><strong>et</strong></span> <span class='ocrx_word' id='word_1_291' title='bbox 1029 4151 1105 4236; x_wconf 81' lang='lat' dir='ltr'><strong>lege</strong></span> <span class='ocrx_word' id='word_1_292' title='bbox 1118 4141 1263 4242; x_wconf 60' lang='lat' dir='ltr'><strong>Aaou]</strong></span> 
     </span>
     <span class='ocr_line' id='line_1_35' title="bbox 123 4266 1227 4353; baseline 0.003 -23"><span class='ocrx_word' id='word_1_293' title='bbox 123 4293 140 4332; x_wconf 92' lang='grc'>«</span> <span class='ocrx_word' id='word_1_294' title='bbox 149 4277 216 4353; x_wconf 79' lang='lat' dir='ltr'><strong>ptto</strong></span> <span class='ocrx_word' id='word_1_295' title='bbox 230 4272 262 4348; x_wconf 89' lang='grc'><strong>6,</strong></span> <span class='ocrx_word' id='word_1_296' title='bbox 280 4269 313 4335; x_wconf 84' lang='lat' dir='ltr'><strong>ll.</strong></span> <span class='ocrx_word' id='word_1_297' title='bbox 328 4273 369 4334; x_wconf 84' lang='lat' dir='ltr'><strong>od</strong></span> <span class='ocrx_word' id='word_1_298' title='bbox 379 4266 537 4352; x_wconf 65' lang='lat' dir='ltr'><strong>muncip.)</strong></span> <span class='ocrx_word' id='word_1_299' title='bbox 561 4290 567 4333; x_wconf 95' lang='lat'><strong>:</strong></span> <span class='ocrx_word' id='word_1_300' title='bbox 585 4267 695 4333; x_wconf 86' lang='lat' dir='ltr'><strong>lleluti</strong></span> <span class='ocrx_word' id='word_1_301' title='bbox 706 4268 776 4331; x_wconf 87' lang='lat' dir='ltr'><strong>siin</strong></span> <span class='ocrx_word' id='word_1_302' title='bbox 791 4266 920 4332; x_wconf 92' lang='lat' dir='ltr'><strong>dnobus</strong></span> <span class='ocrx_word' id='word_1_303' title='bbox 931 4275 988 4333; x_wconf 85' lang='lat' dir='ltr'><strong>aut</strong></span> <span class='ocrx_word' id='word_1_304' title='bbox 997 4268 1151 4351; x_wconf 92' lang='lat' dir='ltr'><strong>pluribus</strong></span> <span class='ocrx_word' id='word_1_305' title='bbox 1159 4267 1227 4335; x_wconf 84' lang='lat' dir='ltr'><strong>locis</strong></span> 
     </span>
     <span class='ocr_line' id='line_1_36' title="bbox 126 4383 1226 4473; baseline -0.001 -21"><span class='ocrx_word' id='word_1_306' title='bbox 126 4417 141 4444; x_wconf 71' lang='grc' dir='ltr'>κ</span> <span class='ocrx_word' id='word_1_307' title='bbox 154 4404 245 4473; x_wconf 85' lang='lat' dir='ltr'><strong>aeque</strong></span> <span class='ocrx_word' id='word_1_308' title='bbox 260 4388 437 4451; x_wconf 88' lang='lat' dir='ltr'><strong>instructus</strong></span> <span class='ocrx_word' id='word_1_309' title='bbox 453 4385 494 4449; x_wconf 90' lang='lat' dir='ltr'><strong>sit</strong></span> <span class='ocrx_word' id='word_1_310' title='bbox 508 4383 552 4449; x_wconf 93' lang='lat' dir='ltr'><strong>ad</strong></span> <span class='ocrx_word' id='word_1_311' title='bbox 569 4383 792 4462; x_wconf 82' lang='lat' dir='ltr'><strong>habitandum,</strong></span> <span class='ocrx_word' id='word_1_312' title='bbox 812 4403 873 4449; x_wconf 90' lang='lat' dir='ltr'><strong>nec</strong></span> <span class='ocrx_word' id='word_1_313' title='bbox 890 4385 996 4449; x_wconf 73' lang='lat' dir='ltr'><strong>nunus</strong></span> <span class='ocrx_word' id='word_1_314' title='bbox 1016 4387 1050 4450; x_wconf 94' lang='lat' dir='ltr'><strong>in</strong></span> <span class='ocrx_word' id='word_1_315' title='bbox 1072 4404 1139 4464; x_wconf 87' lang='lat' dir='ltr'><strong>uno</strong></span> <span class='ocrx_word' id='word_1_316' title='bbox 1166 4385 1226 4450; x_wconf 77' lang='lat' dir='ltr'><strong>lom</strong></span> 
     </span>
    </p>
   </div>
   <div class='ocr_carea' id='block_1_5' title="bbox 0 0 1372 4980">
    <p class='ocr_par' dir='ltr' id='par_1_5' title="bbox 0 0 1372 4980">
     <span class='ocr_line' id='line_1_37' title="bbox 0 0 1372 4980; baseline 0 0"><span class='ocrx_word' id='word_1_317' title='bbox 0 0 1372 4980; x_wconf 95' lang='lat' dir='ltr'><strong> </strong></span> 
     </span>
    </p>
   </div>
  </div>
 </body>
</html>
