2714 4980
122 279 186 345 28³2
468 295 656 345 umcrsrus
678 298 723 345 ns
744 298 894 346 sumens.

119 421 201 494 riam
224 419 304 499 ieri,
328 427 363 487 et
386 429 500 504 petere
528 430 567 489 ut
593 442 690 488 causa
712 423 757 489 ad
778 424 901 489 curiam
924 423 1099 490 Romanam
1125 426 1220 507 mnit-

120 543 223 605 tatur.

163 651 229 719 Nisi
244 651 289 719 de
311 652 372 719 bac
386 671 424 719 re
438 661 566 720 extaret
590 656 738 738 specialis
757 655 926 738 dispositio
940 657 1123 735 Pontiiloia,
1141 657 1223 725 modo

118 767 323 851 exponenda,
344 769 469 835 clarum
489 778 575 836 esset
591 770 633 836 de
648 770 722 856 jure
741 773 905 837 communi
925 791 1021 855 posse
1044 774 1222 858 quemlibet,

120 884 181 951 essi
191 884 300 954 Roma
314 894 518 968 presentem,
533 888 698 954 conveniri
709 888 807 953 etiam
819 896 912 953 extra
923 889 1103 954 Romanam
1118 871 1227 955 curiam

121 1002 341 1084 coramipsius
352 1001 540 1069 Ordiuario:
559 1004 667 1084 «Quia
677 1023 752 1069 eum
762 982 937 1089 utrobique
948 1005 1059 1071 lorum
1070 1007 1225 1082 sortiatur,

124 1137 141 1183 u
154 1122 204 1183 est
223 1118 257 1182 in
278 1118 409 1200 optione
427 1120 545 1185 actoris
565 1137 641 1184 eum
661 1121 833 1185 convenire
852 1121 886 1184 in
905 1139 971 1205 quo
984 1120 1140 1185 maluerit
1154 1119 1226 1186 loro.

124 1253 140 1291 (ι
152 1231 193 1299 uc
206 1231 339 1316 quidem
360 1252 469 1301 coram
489 1233 660 1301 Ordinario
676 1233 829 1301 domicilii
848 1236 1014 1301 conveniri
1029 1243 1143 1319 potest
1158 1235 1230 1300 indi-

125 1369 140 1406 «
152 1347 279 1425 annes,
297 1348 376 1415 licet
389 1351 431 1414 sit
445 1351 571 1428 absens,
591 1353 689 1417 etiam
703 1370 765 1434 pro
788 1351 1012 1416 contractibus
1031 1351 1119 1415 alibi*
1129 1351 1227 1434 gestis,

124 1462 206 1527 «vel
226 1461 353 1533 delictis
366 1465 444 1533 alibi
458 1468 675 1549 perpetratis:
694 1475 793 1533 etesi
809 1468 988 1533 communis
1008 1467 1153 1549 opinio.»
1170 1467 1230 1552 (Fr-

121 1596 254 1661 gnanm,
270 1580 304 1645 iu
319 1587 417 1664 caput
427 1587 509 1649 Licet
522 1585 576 1662 20,
591 1584 680 1651 tituli
693 1586 724 1663 2,
739 1584 815 1648 libri
830 1587 849 1650 2
865 1582 1096 1660 decretalium,
1113 1602 1147 1648 n.
1166 1579 1227 1664 lu.)

165 1693 229 1759 Sed
249 1696 427 1762 intervenit
450 1697 492 1764 de
519 1698 578 1764 hac
598 1701 667 1782 ipsa
687 1700 822 1765 materia
842 1699 897 1764 lex
916 1699 1228 1782 ecclesiasticaque

119 1818 291 1877 constitutio
316 1817 492 1894 amatam
514 1816 775 1893 securissimis
798 1814 931 1899 quasis
957 1813 1109 1879 decrevit
1132 1812 1228 1896 liuge-

118 1925 190 1993 nius
203 1929 247 1999 1v
262 1949 269 1994 :
286 1909 435 2000 «Divina
452 1932 486 1994 in
500 1930 655 1997 eminenti
666 1929 758 1997 Sedis
772 1930 966 2014 Apostolicaa
982 1928 1118 2013 specula
1134 1927 1229 2012 dispe

121 2053 249 2116 ruente
270 2046 441 2117 clementia
460 2047 637 2124 consututi,
658 2045 700 2111 ad
718 2065 757 2112 ea
779 2046 923 2117 libenter
947 2044 1158 2121 intendimus,
1175 2061 1229 2127 per

122 2184 138 2223 a
151 2181 222 2247 qua
236 2161 388 2229 officiales
399 2160 563 2246 predicta
580 2161 671 2228 Sedis
686 2163 849 2246 obsequiis
867 2160 939 2246 ejus
955 2159 1123 2247 (adquam
1136 2159 1229 2226 veluti

120 2302 136 2340 «
149 2277 297 2345 fidelium
317 2279 458 2346 omnium
477 2286 626 2357 matrem,
644 2298 706 2363 pro
724 2280 903 2352 animarum
920 2279 1025 2343 salute
1045 2275 1225 2362 querenda,

120 2418 136 2456 a
148 2402 183 2461 et
198 2395 322 2480 justitia
335 2395 574 2480 prosequenda,
593 2397 635 2463 de
652 2395 791 2462 diversis
807 2395 922 2461 mundi
937 2395 1087 2478 partibus
1102 2393 1228 2461 canduit

121 2509 337 2594 cmuldiudo)
363 2512 467 2577 tutius
488 2519 524 2577 et
546 2513 687 2596 quietius
707 2531 741 2576 se
758 2511 977 2594 promptiores
998 2511 1131 2576 valeant
1148 2509 1228 2575 enbi-

121 2628 250 2696 abere:
266 2627 341 2695 hinc
354 2636 406 2694 est
418 2627 506 2714 quod
518 2647 577 2693 nos
592 2648 633 2693 ex
648 2629 747 2693 certis
762 2626 1007 2693 rationabilibus
1020 2628 1128 2693 causis
1142 2627 1225 2701 meti,

121 2745 249 2811 «etiam
272 2745 502 2811 nonnullorum
523 2742 802 2826 predecessorum
821 2749 1008 2807 nostrorum
1027 2742 1172 2825 vestigiis
1186 2740 1228 2805 in·

120 2859 319 2939 «herentes,
333 2860 512 2927 districtius
520 2859 704 2927 iuhibemus
715 2859 862 2927 locorum
873 2857 1074 2923 ordinariis..
1083 2874 1228 2934 „neces-

119 2983 202 3046 «tra
215 2976 364 3044 officiales
382 2976 544 3058 praefatos,
564 2994 769 3060 quocumque
788 2974 918 3041 nomine
937 2979 1182 3055 nuncupentur,
1198 2971 1228 3037 in

119 3095 266 3161 «nostris
287 3100 321 3159 et
343 3092 436 3159 dicte
450 3091 542 3158 Sedis
564 3091 727 3178 obsequiis
745 3110 832 3159 nunc
853 3099 887 3155 et
910 3108 970 3172 pro
991 3094 1144 3171 tempore
1168 3087 1229 3152 exi·

121 3233 137 3270 a
150 3218 292 3304 etentes,
303 3228 429 3275 necnon
448 3227 671 3293 quoscumque
687 3207 766 3273 alios
783 3226 844 3290 pro
861 3206 928 3271 suis
946 3212 982 3271 et
999 3223 1117 3271 eorum
1133 3205 1229 3273 causis

120 3350 136 3387 «
148 3327 204 3392 vel
215 3326 352 3409 negotiis
363 3323 597 3408 prosequendis
608 3323 650 3390 ad
662 3322 776 3389 sedem
792 3321 981 3404 praedictam
996 3321 1178 3398 venientes,
1195 3337 1229 3384 nc

120 3467 137 3508 c
150 3443 184 3508 in
197 3463 235 3510 ea
251 3442 402 3530 (durante
418 3443 623 3524 negotiorum
639 3448 673 3506 et
688 3458 858 3505 causarum
877 3436 1065 3522 hujusmodi
1080 3455 1229 3520 prosecu-

120 3557 248 3644 atione)
261 3577 386 3626 moram
397 3557 575 3634 trabentes,
589 3564 623 3621 et
636 3553 831 3621 recedentes
842 3554 882 3618 ab
895 3553 1021 3631 eadem,
1036 3552 1226 3636 procedere,

119 3701 134 3737 a
148 3685 204 3742 ant
222 3677 255 3740 in
279 3693 337 3742 eos
361 3673 709 3750 excommunicationis,
735 3672 951 3756 suspensionis
972 3670 1029 3735 vel
1053 3669 1225 3744 interdicti,

119 3818 135 3856 a
149 3803 205 3860 aut
227 3793 416 3878 privationis
441 3792 619 3856 officiorum
648 3797 705 3854 aut
728 3789 974 3864 beneficiorum,
1004 3806 1062 3851 seu
1087 3785 1228 3871 quamvis

118 3934 134 3972 n
146 3913 240 3977 aliam
261 3910 455 3976 sententiam
472 3908 680 3991 promulgare
701 3911 931 3989 presumant.»
954 3904 1044 3990 (Gap.
1067 3908 1183 3968 Divino
1195 3905 1224 3978 3,

116 4029 202 4093 timii
215 4037 248 4105 7,
264 4028 341 4092 libri
353 4031 384 4103 5,
407 4025 686 4107 extravagantium
702 4018 949 4104 communium.)

160 4145 238 4210 Post
247 4145 350 4209 latum
361 4143 443 4209 illud
452 4142 632 4216 decretum,
643 4139 709 4225 jam
722 4160 787 4204 non
800 4144 980 4221 potuerunt
996 4143 1089 4202 extra
1106 4136 1226 4201 curiam

116 4262 291 4326 Romanam
311 4261 482 4327 conveniri
503 4261 644 4340 officiales
670 4256 762 4322 Sedis
775 4256 977 4337 Apostolioae,
1001 4263 1035 4318 et
1058 4261 1225 4336 qmwmpm

116 4378 251 4465 otti-pu
262 4396 318 4458 pm
334 4380 541 4464 mavultis
557 4376 751 4465 eamdam
764 4375 807 4444 ad
821 4372 1222 4445 demandaveramus.
