2714 4980
554 326 633 377 rins
656 328 827 380 sucorum·
903 321 906 326 '
1176 321 1242 387 475

123 446 291 512 vindicare
300 454 410 530 potest
418 450 590 518 Promotor
601 453 729 537 fiscalis,
746 458 807 522 nisi
818 457 906 543 qnod
922 458 963 524 sit
974 458 1016 525 de
1032 459 1243 528 familiaribus

122 562 284 646 Episcopi,
310 569 344 627 et
362 571 498 647 propter
520 571 662 635 muneris
685 573 735 637 sui
749 575 953 656 gravitatem,
971 566 1103 660 speciali
1119 577 1242 644 honore

122 672 254 756 diguus.

170 790 203 850 5.
222 785 379 851 Salarium
396 786 459 869 ipsi
482 787 626 856 debetur
640 791 682 858 ab
701 792 869 878 Episcopo,
888 796 1013 862 etiamsi
1036 796 1125 862 nulls
1139 795 1181 862 de
1202 816 1241 862 eo

120 902 296 967 conventio
311 901 398 968 iacta
413 902 535 988 fuerit3
552 907 627 990 quia
651 926 717 974 non
734 915 867 976 tenetur
883 913 982 994 gratis
996 930 1131 996 operam
1150 929 1241 977 suam

120 1035 262 1099 navare,
280 1024 379 1100 prout
392 1023 427 1082 et
440 1015 482 1082 de
499 1017 626 1084 Vieario
640 1025 785 1106 generali
802 1025 951 1092 diximus.

629 1280 645 1353 §
677 1275 732 1340 lv.

191 1498 378 1547 sinuessano
400 1499 422 1548 in
437 1501 562 1566 episcopari
592 1501 657 1550 curia
682 1501 793 1551 constitui
817 1500 901 1550 debeet
922 1502 1044 1549 Promotor
1070 1497 1174 1548 iscallal

165 1727 366 1798 Promotoris
380 1727 496 1794 fiscalis
520 1731 694 1796 necessitas
716 1731 750 1795 in
772 1727 846 1813 jure
861 1726 1134 1812 presupponitnr.
1159 1726 1248 1790 llam

117 1850 212 1910 certa
230 1851 281 1910 est
292 1845 375 1930 juris
387 1847 566 1910 communis
580 1844 758 1929 dispositio,
772 1863 834 1930 qua
852 1844 1051 1927 precipitur,
1069 1849 1108 1906 ut
1121 1841 1156 1906 iu
1169 1859 1240 1906 om·

118 1960 218 2025 nibus
249 1961 331 2027 actis
361 1967 473 2025 eontra
496 1960 610 2038 Reum,
638 1960 761 2026 citetur
787 1961 985 2025 Procurator
1002 1954 1132 2023 fiscalis.
1149 1977 1167 2017 a
1182 1956 1239 2022 Est

121 2083 268 2141 «autem
288 2074 370 2140 odeo
388 2077 606 2142 necessarium
629 2077 685 2162 (cit
703 2076 917 2159 Pellegrinus,
939 2076 1080 2157 portet,
1102 2079 1182 2138 sect.
1203 2074 1247 2150 l,

120 2214 138 2251 c
153 2211 187 2255 u.
200 2187 254 2273 20)
268 2192 301 2255 in
316 2190 543 2268 criminalibus,
557 2199 595 2256 ut
609 2192 739 2268 citetur,
758 2192 791 2254 in
804 2188 954 2255 omnibns
976 2189 1056 2253 actis
1070 2206 1141 2272 quae
1152 2187 1237 2253 fiunt

120 2330 136 2367 a
156 2314 272 2371 contra
291 2307 405 2383 Reum,
423 2308 553 2371 Fisoalis
578 2308 686 2383 curiae,
704 2311 741 2370 ut
756 2307 784 2371 si
796 2306 924 2372 feratur
945 2305 1105 2369 sententia
1124 2310 1238 2369 eontra

118 2445 135 2481 «
155 2422 271 2499 Reum,
281 2421 350 2505 ipso
369 2421 483 2508 (nempe
502 2420 625 2505 Fiscnli)
639 2442 704 2488 non
719 2424 828 2498 citato,
847 2419 1007 2485 sententia
1023 2419 1087 2485 erit
1099 2419 1200 2483 nullo.
1218 2440 1235 2479 »

117 2537 216 2624 (Lege
232 2542 243 2601 l
264 2535 393 2616 ecdicio,
408 2541 445 2602 tle
454 2542 616 2604 Sententiis
630 2541 775 2602 adversus
789 2539 900 2602 Fiscal.
915 2533 985 2620 lat.)

145 2647 387 2720 ¹Abstrnhendo
401 2661 510 2719 tamen
529 2653 571 2719 ab
588 2653 648 2718 hae
659 2653 741 2737 juris
759 2654 888 2736 positivi
907 2651 1127 2736 dispositione,
1145 2651 1238 2718 abso-

117 2770 189 2834 lute
199 2774 308 2850 posset
322 2767 442 2852 absque
462 2768 594 2834 Fiscalis
607 2768 795 2833 interventu
808 2765 968 2851 judicium
983 2765 1112 2851 aliquod
1131 2767 1239 2832 crimi-

115 2883 191 2949 nale
212 2882 370 2966 expediri.
392 2884 452 2948 Vel
470 2884 556 2949 euim
581 2887 637 2948 Via
661 2888 860 2946 accusationis
876 2880 1078 2966 proceditur,
1106 2887 1140 2947 et
1157 2882 1250 2944 tnni‘

115 3018 289 3083 personam
303 3000 424 3066 actoris
442 3001 509 3083 ogit
524 3006 712 3082 accusator3
729 2998 783 3064 vel
798 3005 849 3062 cic
874 3003 1089 3079 inquisitionis,
1107 3003 1142 3062 et
1159 3003 1237 3062 tune

114 3119 238 3201 previa
253 3115 339 3181 inme
359 3115 489 3199 publica
509 3114 552 3181 de
568 3122 697 3198 patrato
714 3113 835 3181 delicto
854 3112 973 3178 dicitnr
992 3114 1111 3180 actoris
1125 3113 1248 3197 partes*

115 3231 315 3299 sufficienter
329 3230 496 3315 supplere.
519 3232 560 3297 Et
574 3232 619 3296 sio
638 3238 772 3297 arcetur
787 3230 1017 3295 inconvenieus
1031 3227 1120 3314 quod
1134 3227 1236 3313 judex

115 3347 212 3414 simul
226 3353 320 3411 octor
335 3364 405 3411 esse
419 3344 588 3435 videatur,
609 3346 651 3412 ad
669 3344 759 3431 quod
777 3345 1005 3410 inconveniens
1021 3343 1245 3411 devitandum

113 3463 317 3530 necessarius
341 3463 542 3547 potissimum
564 3462 628 3528 dici
648 3469 759 3547 posset
781 3463 952 3529 Promotor
984 3460 1111 3528 fiscalis.
1261 3540 1264 3545 ,

159 3583 199 3647 In
221 3580 314 3665 praxi
329 3587 449 3659 autem,
474 3581 536 3646 nisi
551 3581 808 3647 constitueretur
826 3581 860 3644 in
883 3579 1031 3663 qualibet
1055 3579 1243 3663 Episcopcli.

112 3697 205 3763 curia
229 3697 403 3762 Promotou
429 3695 555 3775 fiscalis,
581 3696 722 3781 plurima
743 3695 911 3761 orirentur
931 3692 1152 3777 incommodn;
1174 3714 1236 3761 nee

86 3830 89 3837 ·
113 3818 247 3899 possent
278 3830 381 3877 cansae
406 3811 604 3888 criminales,
634 3811 770 3876 servatis
797 3812 948 3873 ordinarii
977 3807 1093 3892 judicii
1123 3809 1236 3875 formis

115 3930 209 4018 (quas
229 3929 379 3996 incertis
405 3926 574 3993 dumtaxat
599 3926 736 4004 casibus,
765 3945 830 3990 uon
853 3932 963 3991 autem
988 3944 1118 4009 semper
1141 3927 1235 3993 omit·

112 4055 188 4113 tere
200 4042 288 4130 licet)
304 4044 501 4129 regulariter
512 4042 671 4128 expediri.

158 4160 200 4226 At
211 4159 289 4226 dato
304 4179 380 4225 casu
390 4179 455 4246 quo
465 4160 623 4244 Episcopo
635 4159 684 4224 ins
699 4161 1048 4255 estectrcjndicioiitcr,
1063 4174 1121 4223 seu
1136 4158 1235 4223 exin·

112 4277 254 4345 formata
269 4277 466 4342 conscientia
480 4275 673 4360 procedere,
699 4275 880 4344 neccssaria
906 4282 1047 4352 nonest,
1063 4280 1113 4340 ,ut
1128 4279 1231 4365 patet,
1304 4351 1306 4356 ¹

112 4395 315 4462 Promotoris
331 4394 447 4462 fiscalis
462 4413 573 4482 opera.
684 4481 686 4484 Α
