2714 4980
120 291 181 353 504
438 288 442 296 '
466 304 653 353 rmcrnrus
676 307 720 352 na
742 306 892 354 subscus.

117 436 236 494 etiamst
248 433 429 512 Apostolica,
444 432 608 511 imperiali,
623 437 677 492 aut
691 436 774 511 rapta
792 436 974 495 auctoritate
991 438 1089 496 creati
1110 436 1231 513 urunt,

116 552 208 609 etlam
221 552 364 626 tanquam
377 546 530 625 dalaqatas
539 524 628 607 Sedis
640 548 828 626 Apostolica,
848 552 1078 612 euamiuatioua
1091 548 1232 628 adbibita,

116 680 216 723 corum
243 660 453 739 sufficientiam
481 665 628 739 scrutari,
651 662 771 740 illisque
798 681 859 724 aaa
886 665 1004 726 idouais
1021 668 1170 745 repertis,
1191 672 1235 726 out

115 778 379 860 quomodocumque
394 781 428 838 ia
442 776 537 854 affluo
557 778 807 858 delinquentibus,
836 779 933 860 officii
948 785 1026 861 ejus,
1047 785 1082 842 iu
1100 786 1231 862 ueqottir,

116 896 220 957 litibus
237 896 373 954 etcousts
385 893 634 954 ecclesiastictsac
648 896 870 974 spiritualibus,
883 898 1046 959 exercendi
1060 914 1164 974 usum,
1176 915 1235 978 par

112 1017 203 1092 petuo
222 1015 276 1071 aut
291 1010 332 1071 acl
350 1015 475 1088 tompus,
497 1008 652 1088 prolibare
660 1031 675 1087 ,·
697 1029 789 1090 aequo
808 1030 910 1074 aarum
929 1015 1100 1093 appellatio
1119 1016 1235 1076 interli-

114 1131 240 1187 ctioaou
274 1125 432 1186 Oratuaui
464 1125 638 1203 suspendat.
669 1123 772 1208 (sess.
809 1126 862 1202 22,
892 1144 965 1208 cap.
988 1124 1058 1210 10.)
1086 1127 1139 1193 lbi
1161 1128 1234 1192 clare

115 1238 310 1322 supponitur
325 1238 596 1321 possenotariosa
612 1239 758 1303 saeculari
767 1247 930 1323 potestate
946 1249 1091 1321 creatae,
1108 1242 1234 1310 officiam

117 1354 259 1419 suumin
281 1353 384 1418 causis
399 1353 496 1417 etiam
512 1352 738 1418 ecclesiasticis
750 1361 785 1418 et
811 1356 1037 1438 spiritualibus
1057 1377 1232 1441 exercerc,

115 1468 275 1556 siqnidem
291 1468 330 1534 fit
345 1473 490 1550 potestas
503 1467 670 1552 Episcopis
680 1468 763 1534 illud
776 1469 864 1536 idem
877 1472 911 1533 in
928 1473 1036 1537 causis
1051 1474 1234 1539 ecclesiasti·

116 1589 161 1653 cis
174 1595 210 1653 et
227 1585 449 1669 spiritualibus
461 1604 575 1650 eorum
587 1587 802 1652 ministerium
820 1588 1030 1671 probibendi,
1059 1591 1089 1654 si
1104 1590 1235 1674 imperiti

115 1708 169 1774 vel
179 1707 369 1790 culpabiles,
387 1706 420 1768 in
430 1707 578 1770 examine
593 1704 701 1791 quoad
712 1707 773 1772 hoc
784 1707 996 1786 instituendo,
1012 1711 1232 1792 reperiantur.

118 1822 212 1890 Unde
228 1825 281 1889 vix
305 1823 397 1906 capio
415 1821 579 1907 mornado
593 1823 723 1907 quidam
748 1825 920 1890 canonista
947 1827 1158 1892 contrarium
1174 1834 1236 1911 post

114 1939 336 2006 'tridentinam
351 1937 515 2023 synodum
531 1946 730 2024 tenuerunt;
748 1941 843 2005 uerbi
858 1942 973 2023 gratia,
992 1942 1176 2021 Piasecius,
1189 1942 1235 2027 qui

117 2058 163 2122 sic
177 2056 279 2122 habet
298 2077 304 2120 :
327 2079 342 2115 a
357 2054 472 2137 Quoad
487 2056 676 2120 exercitium
693 2062 805 2121 autem
821 2057 1002 2121 notariatus
1016 2056 1115 2124 officii
1129 2059 1163 2122 in
1175 2057 1235 2124 foro

120 2170 329 2255 «spirituali,
352 2171 533 2255 requiritur
546 2178 584 2235 ut
603 2172 748 2236 notarius
763 2171 804 2237 sit
820 2177 961 2249 creatus,
979 2191 1050 2237 non
1063 2193 1084 2237 a
1099 2173 1235 2257 principe

121 2312 137 2348 a
155 2287 311 2364 saeculari,
329 2285 390 2352 sed
401 2287 628 2353 ecclesiastico.
647 2288 761 2352 Potest
775 2294 885 2353 tamen
899 2288 969 2370 ipse
991 2306 1065 2354 esse
1078 2289 1194 2367 laicus,
1206 2296 1236 2354 ut

120 2428 136 2465 u
155 2403 371 2469 communiter
384 2409 499 2467 tenent
514 2401 679 2467 doctores.
689 2450 725 2478 ..‚
740 2403 819 2468 licet
836 2403 939 2486 magis
961 2406 1141 2470 conveniat
1153 2412 1190 2470 ut
1202 2404 1236 2468 sit

120 2544 136 2581 a
155 2520 314 2584 clericus:
334 2519 482 2601 arguitur
505 2525 600 2583 textu
623 2519 745 2603 capitis,
764 2522 804 2583 Ut
817 2524 924 2601 juata,
951 2522 988 2583 ute
1008 2521 1120 2600 officio
1131 2523 1236 2603 judicis

121 2659 137 2696 a
156 2640 326 2702 ordinarit.
348 2656 364 2696 u
379 2637 506 2721 (Promis
518 2638 705 2718 episcopalis,
729 2639 867 2719 portel,
882 2656 916 2700 n.
937 2633 1062 2719 11.)1n
1082 2638 1181 2703 citato
1191 2654 1235 2701 aa·

120 2755 188 2840 pite
210 2757 361 2836 lltjuata,
380 2753 487 2836 agitur
511 2751 681 2819 dumtaxat
695 2752 740 2818 de
756 2773 820 2820 non
833 2751 1087 2819 introducendis
1104 2754 1191 2819 laicis
1208 2752 1235 2816 in

121 2873 262 2938 claustra
279 2869 487 2952 monialium;
512 2875 546 2933 et
567 2871 766 2954 ceteroquin
788 2869 864 2934 huic
884 2868 1044 2934 decretali
1064 2869 1233 2953 prevalere

122 2988 224 3054 debet
237 2987 372 3052 citatum
387 2985 559 3051 decretum
575 2984 812 3051 Tridentinum.

166 3104 248 3168 Hinc
263 3103 367 3168 multo
385 3102 586 3166 communior
600 3108 649 3166 est
667 3103 905 3167 canonistarum
921 3101 1098 3180 sententia,
1122 3101 1235 3167 licitum

122 3238 280 3297 asserens,
297 3239 338 3284 ex
362 3218 461 3283 titulo
480 3218 595 3283 saltem
610 3223 752 3301 receptae
778 3216 1043 3296 consuetudinis,
1066 3218 1236 3283 notariatus

124 3336 317 3401 exercitium
332 3335 365 3397 in
381 3333 453 3399 foro
472 3332 639 3416 spirituali,
661 3333 699 3398 iis
722 3333 779 3418 qui
794 3333 894 3398 asola
916 3339 1081 3416 potestate
1093 3335 1173 3401 laica
1187 3353 1236 3398 nu

123 3453 198 3518 larii
226 3452 326 3516 creati
347 3458 441 3534 sunt3
460 3449 502 3516 de
527 3468 592 3534 quo
615 3450 660 3514 sic
679 3449 851 3534 Pirrhing:
878 3473 894 3509 a
912 3449 975 3527 An,
996 3451 1084 3517 sicut
1101 3451 1236 3516 notarius

127 3593 143 3631 n
162 3567 350 3634 ereatusab
362 3567 588 3644 ecclesiastico,
607 3567 700 3632 verbi
714 3568 828 3649 gratia,
849 3587 868 3631 a
884 3569 983 3650 Papa,
1003 3576 1117 3651 potest
1132 3569 1236 3634 insua

127 3709 143 3747 a
162 3690 271 3751 menta
287 3683 448 3748 conficere
462 3684 495 3746 in
507 3683 611 3747 causis
627 3683 881 3767 temporalibus;
897 3683 942 3748 ita
961 3684 1034 3748 vice
1045 3703 1142 3750 versa
1157 3702 1236 3750 crea·

127 3825 143 3864 a
161 3809 215 3868 tus
237 3822 256 3867 a
281 3801 380 3877 laica,
404 3799 498 3865 verbi
522 3800 641 3884 gratia,
659 3801 862 3882 Imperatore
886 3800 940 3865 vel
966 3799 1074 3885 Rege,
1096 3802 1194 3885 possit
1208 3800 1236 3863 in

128 3942 144 3980 a
163 3918 266 3983 causis
275 3916 518 4000 spiritualibus?
530 3915 724 4000 Respondeo
737 3936 744 3981 ε
758 3915 917 4001 quidquid
930 3918 972 3981 sit
983 3916 1234 4003 derigerejuris,

67 4020 71 4026 ⁶
129 4060 145 4097 «
166 4037 281 4101 saltem
291 4040 399 4118 potest
414 4034 457 4099 ob
469 4042 636 4118 receptam
655 4033 944 4120 consuetudinem;
965 4034 1008 4102 de
1025 4056 1090 4121 qua
1107 4043 1237 4102 testatur

128 4173 145 4211 u
161 4150 307 4216 Abbas...
325 4158 359 4215 et
371 4149 646 4216 Gabriel...Ratio
659 4159 709 4217 est
723 4153 797 4235 quia
811 4152 956 4217 notariam
969 4161 1108 4218 exercet
1121 4149 1235 4217 nudum

130 4288 148 4326 a
164 4266 389 4343 ministerium,
417 4266 505 4351 quod
531 4267 619 4331 laicis
645 4286 709 4332 non
724 4267 928 4350 prohibetur,
962 4267 1062 4331 etiam
1090 4267 1125 4332 in
1144 4267 1236 4333 causis

130 4400 148 4441 a
165 4382 424 4466 spiritualibus.»
446 4383 493 4470 (In
512 4383 644 4448 titulum
659 4385 712 4461 22,
726 4382 803 4448 libri
819 4385 838 4447 2
855 4381 1083 4460 decretalium,
1105 4404 1137 4448 n.
1155 4379 1213 4462 lt.)
