2714 4980
563 313 642 361 rans
665 313 823 362 securos.
1180 285 1245 363 459

122 458 229 502 aarum
246 444 365 522 species,
383 443 431 502 vel
440 459 499 522 pro
515 448 597 504 certo
618 442 782 505 dumtaxat
797 447 888 525 porte
912 442 1077 504 dioceseos.-
1099 439 1246 505 Dicimus

121 559 316 638 dalmatam·
330 575 393 640 qua
410 574 490 622 voce
503 564 608 635 recte,
631 577 672 622 ex
685 556 790 634 dictis,
809 557 1006 639 exprimitur
1019 574 1122 639 genus
1136 557 1246 638 proxi-

121 691 227 751 mum,
246 672 307 738 sub
324 691 388 756 quo
408 671 487 738 dicti
510 674 627 739 Vioarii
645 670 984 757 comprehenduntur.
1003 671 1160 736 Addimus
1176 692 1245 754 pen

120 795 292 868 amoenior,
312 796 392 871 eto.;
410 796 445 853 et
459 790 504 854 sic
520 787 735 855 discernimus
749 788 853 854 dictos
867 787 1010 853 vicarios
1024 806 1043 851 a
1055 784 1246 852 caterisde-

119 905 252 987 legatis,
265 905 321 988 quii
336 904 390 969 vel
411 903 453 969 ud
476 905 616 990 aliquam
638 905 807 971 dumtaxat
831 903 1081 970 determinatam
1101 921 1241 981 causam,

120 1021 181 1086 vel
199 1039 260 1104 per
278 1029 486 1088 transennam
501 1030 630 1088 tantum
646 1022 689 1088 ad
703 1024 825 1109 aliquas
839 1040 1010 1088 causarum
1031 1023 1157 1106 species
1185 1020 1245 1088 de·

118 1138 289 1221 legantur.

167 1258 251 1317 Noto
268 1258 298 1317 1.
320 1253 408 1334 Quid
422 1255 457 1318 in
474 1255 568 1337 praxi
587 1254 690 1320 soleat
710 1254 845 1319 Vicariis
866 1252 1009 1318 toraneis
1024 1253 1065 1319 ab
1084 1253 1243 1336 Episcopo

117 1371 293 1448 committi,
312 1372 389 1436 satis
410 1369 532 1436 indicat
550 1370 749 1436 Benedictus
767 1371 840 1437 xlv
855 1370 906 1436 his
927 1369 1038 1435 verbis
1057 1391 1064 1434 :
1086 1370 1245 1436 «Praeter

121 1486 320 1551 «Vicarium
349 1488 546 1570 generalem,
575 1489 631 1572 qui
655 1490 717 1553 toti
739 1493 858 1570 praeest
882 1486 1024 1564 dioeoesi,
1043 1486 1098 1550 alii
1114 1486 1155 1551 ab
1171 1486 1245 1570 Epi·

121 1625 140 1664 a
152 1605 261 1686 scopis
272 1606 515 1670 constituuntur
524 1605 705 1688 peculiares
719 1604 846 1681 vicarii,
866 1603 946 1669 dicti
955 1608 1083 1684 forami,
1101 1611 1139 1668 ut
1150 1612 1244 1670 extra

121 1741 140 1781 a
155 1719 336 1797 civitatem,
348 1720 382 1783 in
396 1721 487 1804 pagis
500 1727 534 1785 et
547 1719 684 1804 oppidis,
698 1719 750 1804 jus
760 1719 870 1784 dicant
885 1727 919 1783 tn
929 1723 1106 1801 quitantiam
1121 1724 1243 1783 levioris

123 1842 302 1899 «momenti
319 1836 432 1914 causis,
455 1844 489 1901 et
503 1834 760 1921 jurisdictionem
781 1842 966 1912 exerceant,
986 1839 1028 1899 od
1047 1844 1142 1900 certos
1155 1840 1243 1900 dum-

120 1975 139 2016 «
155 1959 248 2017 toxot
262 1961 347 2016 ortus
364 1952 564 2018 limitatam»
585 1951 632 2039 (de
646 1956 720 2034 Spu.
740 1955 870 2032 diores„
886 1952 908 2016 l.
927 1956 958 2029 3,
977 1971 1006 2015 c.
1023 1955 1055 2028 3,
1073 1971 1107 2016 ιι.
1127 1950 1171 2036 5).

164 2073 247 2133 Noto
266 2071 297 2133 2.
318 2069 473 2151 Quamvis
489 2067 615 2132 soleant
628 2067 746 2132 Vicarii
760 2066 886 2132 foranei
902 2087 943 2132 ex
958 2059 1241 2151 principalioribus

116 2184 301 2250 dioeoeseos
315 2184 463 2268 parochis
481 2184 610 2261 assumi,
630 2184 720 2248 mdlo
744 2190 853 2247 tamen
874 2181 949 2267 jure
972 2181 1151 2267 impeditur
1165 2183 1242 2266 llpi·

116 2317 250 2382 scopus,
270 2299 349 2384 quin
366 2299 466 2381 possit
481 2306 514 2364 et
529 2299 608 2363 alios
627 2299 763 2363 clericos
776 2297 818 2362 ad
835 2297 870 2362 id
887 2296 981 2362 officii
997 2296 1171 2389 deputare.

165 2420 247 2480 Nota
262 2418 294 2481 3.
317 2416 535 2497 Quantumvis
557 2433 618 2498 per
643 2434 677 2480 se
696 2415 783 2480 utilis
802 2421 835 2480 et
849 2416 882 2479 in
903 2414 977 2499 jure
997 2415 1187 2498 praescripta
1200 2416 1242 2482 sit

115 2531 254 2598 testium
282 2530 487 2617 synodalium
519 2531 691 2608 institutio,
721 2536 831 2596 tamen
856 2531 912 2617 (ait
929 2529 1127 2597 Benedictus
1151 2532 1237 2609 XIV,

115 2652 156 2713 de
170 2653 247 2732 Spa.
260 2651 360 2725 dioec,
378 2648 401 2712 l.
420 2648 453 2726 4,
469 2665 498 2712 o.
519 2649 551 2725 3,
568 2666 601 2710 n.
620 2644 664 2730 8),
686 2669 701 2706 a
718 2645 897 2731 synodales
911 2654 1014 2713 testes
1029 2647 1100 2713 fere
1117 2648 1240 2733 ubique

118 2786 136 2824 «
150 2763 392 2847 desuererunt3
409 2762 444 2827 in
462 2779 640 2844 eorumque
655 2763 765 2827 locum
781 2761 909 2827 suffecti
923 2770 999 2827 sunt
1017 2764 1153 2830 Fiscales
1165 2764 1241 2846 llpi-

118 2904 136 2942 «
150 2899 336 2965 scoporum,
359 2887 394 2945 et
409 2879 541 2958 Decani,
560 2878 621 2946 hoc
637 2885 698 2955 est,
718 2878 838 2943 Vicarii
853 2878 992 2946 foranei.
1011 2901 1028 2939 a

572 3166 705 3233 CAPUT
722 3168 777 3233 XI.

296 3425 341 3472 us
362 3424 580 3474 nuntrolusus
604 3425 842 3475 EPISGOPALIUM
866 3424 1047 3473 cumanum.

160 3694 315 3775 Quusrro
334 3697 376 3759 12.
396 3730 443 3742 -
454 3697 536 3774 Quid
550 3697 633 3758 ant?
647 3731 693 3742 --
707 3695 756 3759 lix
770 3695 808 3760 iis
828 3695 884 3779 qui
903 3697 1085 3758 Auditorum
1103 3698 1236 3761 nomiae

112 3811 213 3877 variis
228 3811 263 3874 in
278 3810 376 3875 curiis
391 3809 612 3894 designantur,
630 3810 683 3876 alii
696 3819 772 3876 sunt
792 3811 863 3876 veri
885 3830 923 3875 ac
939 3813 1072 3894 proprie
1089 3811 1172 3877 dicti
1184 3810 1237 3897 ju-

113 3929 219 4005 dices,
237 3947 275 3992 ac
291 3925 428 4011 proinde
445 3948 509 3993 non
524 3929 585 3992 nisi
599 3927 778 4011 improprio
794 3927 936 4013 prodam
954 3948 1050 3993 sensu
1063 3927 1238 3996 Auditores

112 4052 364 4129 nuncupantur3
382 4045 435 4109 alii
449 4063 529 4109 uero
544 4065 562 4108 a
575 4043 739 4128 judicibus
751 4044 923 4110 ordinariis
938 4046 1156 4111 essentialiter
1173 4045 1237 4111 dif-

117 4163 251 4245 ferunt,
269 4169 304 4226 et
321 4161 355 4226 hi
370 4162 483 4226 stricto
502 4180 600 4226 sensu
619 4163 754 4228 veniunt
766 4162 827 4228 sub
847 4162 1042 4228 Auditorum
1061 4164 1232 4231 vocabulo.

108 4278 169 4347 'Ad
188 4279 334 4364 priorem
351 4279 486 4344 classem
501 4279 694 4344 referuntur
710 4278 850 4346 Auditor
875 4300 1011 4347 camerae
1037 4282 1233 4365 apostolica,

116 4400 153 4459 et
169 4391 344 4458 Auditores
360 4391 450 4458 Rotae
471 4400 569 4458 :sunt
584 4392 669 4457 enim
692 4393 763 4458 ueri
786 4399 819 4459 et
835 4394 970 4477 proprie
994 4393 1074 4461 dicti
1093 4394 1233 4482 judices,
