2714 4980
465 315 652 364 TRAGTATUS
674 319 718 364 DE
741 278 888 364 ionicus.

576 665 709 732 CAPUT
725 666 767 731 11.

405 937 407 941 ’
495 957 540 1003 nn
560 955 689 1005 aurona
712 957 753 1004 nr
775 957 851 1007 11110.

159 1255 231 1321 Νο1
245 1269 359 1318 omnes
376 1265 521 1336 personae
537 1246 664 1316 habiles
678 1257 753 1315 sunt
768 1250 810 1317 ad
822 1252 974 1319 standum
986 1255 1021 1319 in
1032 1253 1219 1339 indiciotua

114 1390 212 1457 quam
228 1377 356 1435 actores
376 1367 431 1433 vel
453 1365 529 1451 Rei3
553 1365 622 1445 sed,
647 1375 718 1433 tum
738 1367 811 1453 jure
836 1371 986 1462 naturali,
1013 1378 1086 1437 tum
1106 1368 1221 1454 legibm

115 1486 350 1563 ecclesiasticis,
368 1484 479 1551 multae
497 1480 540 1548 ad
558 1481 595 1548 id
612 1484 730 1568 ineptae
752 1484 984 1553 decernuntur.
1002 1486 1222 1569 0111111111-

118 1610 187 1671 tem
197 1601 261 1668 illae
280 1603 355 1679 sint,
372 1600 425 1665 hio
437 1599 669 1685 exponendum
682 1602 783 1667 venit.

162 1718 189 1784 Ι,
214 1722 260 1784 De
278 1719 457 1799 insontibus,
482 1721 606 1799 furiosis
631 1725 661 1781 et
683 1721 860 1783 amentibus.
883 1718 1020 1796 -Isti,
1045 1724 1165 1803 utpote
1178 1716 1225 1805 qui

120 1840 289 1923 nequeunt
304 1852 361 1898 sua
373 1832 448 1919 jura
469 1841 560 1899 recte
576 1834 729 1920 prosequi
744 1841 800 1899 aut
823 1832 1014 1913 defendere,
1034 1853 1098 1919 per
1116 1835 1226 1920 seipsos

116 1953 150 2019 in
162 1951 285 2038 judicio
299 1958 385 2016 stare
404 1956 583 2036 nequeunt,
606 1969 714 2037 neque
727 1959 883 2037 tanquam
892 1951 1026 2018 Actores
1041 1970 1151 2038 neque
1164 1960 1224 2017 tan

119 2088 215 2155 quam
229 2069 305 2152 Rei3
323 2066 383 2132 sed
400 2066 476 2150 ipsis
492 2065 613 2132 dantur
630 2070 758 2134 tutores
772 2067 826 2133 vel
842 2075 1021 2146 curatores,
1043 2067 1101 2153 qui
1118 2066 1154 2133 id
1166 2086 1226 2134 mu·

120 2186 207 2252 neris
228 2186 374 2268 ipsorum
387 2185 459 2250 loco
476 2182 640 2267 expleant.
659 2182 699 2250 ld
717 2203 797 2250 vero
821 2204 887 2250 non
905 2189 1035 2249 tantum
1048 2183 1126 2271 jure
1140 2185 1226 2250 tust-

119 2300 255 2378 nianeo,
277 2300 311 2364 in
334 2299 406 2364 ioro
429 2298 578 2365 Ecclesiae
598 2298 706 2383 quoad
724 2298 806 2365 hano
827 2297 1070 2384 dispositionem
1090 2306 1223 2382 recepto,

120 2416 348 2502 praescriptum
361 2416 540 2501 reperitur,
558 2414 617 2482 sed
629 2414 735 2501 adjus
749 2416 846 2482 etiam
862 2416 1010 2483 naturale
1025 2415 1226 2483 referendum

122 2538 183 2611 est,
204 2539 243 2598 ut
259 2540 362 2615 patet.
381 2531 475 2599 Unde
496 2541 623 2599 certum
644 2539 694 2598 est
716 2534 750 2598 in
772 2531 900 2618 judiciis
922 2533 1149 2600 ecclesiasticis
1173 2550 1225 2599 non

123 2668 217 2738 posse
237 2650 321 2715 tales
340 2651 516 2717 convenire
531 2671 594 2716 nec
615 2651 792 2730 conveniri,
814 2649 849 2716 id
873 2659 933 2731 est,
956 2651 1084 2718 Actoris
1108 2651 1160 2719 rel
1176 2647 1224 2716 Rei

125 2784 298 2853 personam
321 2767 498 2852 sustinere;
520 2766 581 2833 sed
598 2767 775 2833 convenire
790 2775 825 2832 et
836 2767 1003 2834 conveniri
1020 2775 1155 2855 possunt
1168 2775 1226 2834 tan·

125 2892 196 2950 tum
210 2901 324 2950 eorum
337 2890 506 2949 curatores
521 2884 575 2949 vel
590 2891 729 2949 tutores.

169 3000 226 3066 His
238 2998 436 3085 adjungebat
448 2999 607 3084 legislatio
624 2998 825 3066 iustinianea
836 3004 982 3065 sordoset
994 3000 1225 3068 motamltrero

120 3118 188 3204 jam
207 3119 242 3183 in
261 3117 372 3182 multis
396 3115 582 3200 regionibus
600 3116 646 3180 ita
662 3116 819 3199 locupleti
842 3117 1054 3183 instructione
1080 3114 1226 3184 donentur

124 3232 216 3302 surdi
230 3239 265 3300 et
277 3233 371 3310 muti,
387 3237 426 3296 ut
443 3231 639 3316 generaliter
659 3250 715 3297 sua
735 3229 810 3316 jura
829 3233 906 3297 satis
923 3232 1120 3317 intelligant,
1138 3243 1225 3317 eaque

124 3350 278 3437 persequi
292 3351 327 3414 et
341 3345 521 3413 defendere
536 3347 669 3430 possint.
684 3347 765 3413 Hinc
782 3352 908 3414 attento
922 3347 991 3414 solo
999 3347 1076 3433 jure
1090 3342 1225 3420 naturali.

127 3487 192 3534 non
215 3464 371 3538 videntur
394 3481 487 3548 posse
501 3462 671 3549 impediri,
692 3465 770 3550 quin
785 3472 939 3550 tanquam
954 3463 1092 3534 dotores
1112 3464 1167 3533 vel
1184 3458 1228 3529 Rei

123 3584 247 3672 judicio
276 3583 511 3660 interveniant,
538 3583 598 3647 nisi
621 3580 663 3648 de
686 3600 800 3649 eorum
830 3584 992 3667 personali
1028 3566 1227 3668 incapacitate

129 3699 322 3769 constiterit.
340 3699 381 3766 Et
396 3700 474 3765 licet
495 3699 666 3764 canorustoe
687 3707 872 3785 supponant
889 3700 1128 3783 legislationem
1154 3693 1230 3767 suri·

129 3818 216 3885 niani
227 3813 334 3902 quoad
349 3815 410 3880 hoc
425 3813 524 3880 fuisse
539 3815 573 3878 in
588 3813 660 3881 loro
675 3814 898 3881 Ecclesiastico
913 3822 1092 3899 receptam,
1111 3814 1230 3883 dubium

127 3935 242 4002 saltem
253 3952 322 3999 esse
337 3938 445 4016 potest
457 3929 668 3997 utrumhodie
679 3930 732 4016 jus
742 3930 825 3997 illud
836 3940 1045 4016 perseveret3
1060 3953 1137 4000 cum
1146 3931 1230 4019 ipsius

124 4049 384 4127 fundamentum,
402 4049 444 4113 ob
467 4067 585 4114 novam
607 4047 724 4114 surdos
741 4056 776 4114 et
798 4055 907 4142 mutos
925 4046 1111 4114 instruendi
1125 4046 1230 4116 metha

129 4165 219 4243 dum,
236 4165 389 4232 videatur
409 4183 559 4230 cessasse.
582 4165 674 4243 Hinc,
694 4163 854 4248 quidquid
869 4164 909 4228 sit
929 4161 971 4228 de
988 4163 1102 4248 legum
1117 4161 1232 4230 saecula·

129 4283 213 4347 rium
233 4283 267 4347 in
285 4281 384 4347 variis
404 4279 593 4365 regionibus
615 4280 702 4346 circa
722 4279 784 4345 hoo
810 4278 1031 4364 dispositione,
1059 4298 1136 4346 oum
1159 4272 1231 4345 nula

130 4419 244 4468 reeens
263 4398 481 4468 ecclesiastica
495 4399 550 4465 lex
571 4377 768 4467 eontrarium
791 4395 959 4475 decernat,
980 4416 1045 4463 noa
1060 4395 1140 4464 mihi
1157 4391 1232 4466 vide·
