2714 4980
160 296 224 363 158
493 308 680 359 mauranus
704 310 747 356 nu
768 308 918 357 runicus.

156 438 208 507 na
225 435 366 520 disponit
384 433 559 502 decretalis
567 437 768 503 Prodecttom
782 435 946 503 Goelastini
960 434 1009 502 IlI
1027 432 1150 522 (eapite
1166 432 1222 512 21,
1235 434 1272 501 ti-

155 552 218 622 tuli
231 556 285 629 29,
299 551 377 619 libri
394 555 405 616 l
430 549 685 630 decretaliums
702 548 747 634 2).
765 551 886 617 «Ratio
897 557 948 616 est
961 551 1045 635 quia,
1059 567 1274 623 cumexcom·

159 668 387 737 «mumanae
397 667 810 734 communicationeforensi
819 674 995 747 removeat,
1005 665 1275 735 itaneeessariun

159 791 250 862 cest,
268 791 307 851 ut
323 801 419 849 causa
436 783 621 866 principalis
635 802 695 866 per
713 783 899 866 delegatum
917 781 1067 866 expediri
1080 781 1197 866 possit.
1213 779 1276 855 Ad·

159 898 257 967 edint
274 903 310 964 ob
326 919 447 964 onerem
457 905 667 982 pertinentem,
677 907 748 964 ete:
762 919 839 965 nam
853 900 881 964 si
897 899 939 964 ob
958 915 1086 964 causam
1099 896 1273 974 diversam,

158 1024 221 1083 «et
235 1016 358 1083 adeam
369 1034 440 1100 quae
451 1015 601 1100 delegata
611 1024 661 1082 est
671 1035 736 1082 non
746 1017 967 1098 pertinentem
980 1013 1277 1081 excommunicatus

159 1141 246 1211 «cst,
260 1132 303 1200 ad
318 1133 669 1199 excommunicatorem
678 1140 728 1198 est
742 1131 971 1198 remittendus.
988 1132 1051 1214 Qui
1064 1131 1091 1197 si
1103 1131 1276 1199 absolvere

159 1249 340 1316 «eumdem
354 1256 483 1327 renuat,
496 1247 677 1314 videndum
694 1269 735 1315 an
748 1269 788 1314 ex
801 1247 887 1332 justa
898 1266 995 1314 causa
1009 1255 1138 1325 renuat,
1159 1268 1201 1315 an
1219 1266 1277 1332 per

158 1365 351 1433 «malitiam.
382 1364 414 1429 Si
439 1363 501 1429 hoc
531 1363 724 1441 secundum,
755 1363 848 1450 juxta
877 1363 1116 1448 paragraphum
1142 1363 1277 1431 citatum

159 1481 319 1568 c(nempe
341 1484 405 1559 52,
424 1479 504 1546 dicti
520 1481 633 1563 capitis
652 1479 875 1567 Prudeattom),
896 1481 965 1564 ipse
985 1481 1159 1565 delegatus
1174 1480 1278 1548 absol·

158 1617 263 1662 avere
285 1596 438 1663 eumdem
460 1597 594 1680 poterit.
618 1598 650 1663 Si
669 1617 748 1664 vero
766 1598 919 1680 primum,
939 1596 1100 1665 absolvite
1124 1596 1277 1681 delegato

158 1734 250 1781 «non
264 1715 396 1799 poterit,
414 1732 451 1778 ac
468 1712 605 1796 proinde
622 1714 663 1779 ab
679 1712 805 1799 agendo
821 1713 891 1796 ipse
907 1712 1128 1797 repellendus,
1142 1722 1178 1779 et
1191 1715 1277 1798 Papa

159 1829 229 1897 ede
244 1837 332 1897 statu
350 1849 453 1897 causae
473 1828 702 1918 informandus
720 1837 812 1896 est...
835 1831 868 1895 Si
887 1849 983 1895 causa
1003 1829 1195 1896 dilationem
1214 1849 1278 1898 non

159 1953 396 2030 «pateretur,
419 1947 714 2013 excommunicatus
734 1954 846 2030 posset
868 1966 887 2011 a
910 1944 1062 2029 delegato
1087 1944 1217 2013 absolvi
1237 1948 1279 2010 od

54 2121 56 2126 .
159 2064 431 2141 «reiaetteettam,
455 2061 522 2127 aive
540 2059 584 2126 ad
602 2068 795 2143 presentem
813 2067 942 2127 tantum
965 2068 1073 2127 actum
1090 2059 1277 2146 iudicialem

159 2176 431 2261 «exercendum
462 2179 509 2243 ita
535 2185 573 2242 ut
596 2177 659 2243 isto
685 2187 819 2263 peracto
846 2179 881 2243 in
907 2178 1277 2248 excommunicationem

158 2293 384 2363 «reincidat»
400 2291 711 2379 (Schmalzgrueber,
732 2292 804 2358 loco
820 2290 890 2376 cit.)

198 2413 233 2477 .5.
259 2405 396 2491 Quando
410 2425 488 2473 reus
501 2407 586 2473 intra
598 2407 768 2490 praefixum
780 2408 956 2473 terminum
970 2426 1035 2474 non
1051 2415 1263 2492 comparate

157 2544 288 2594 musam
301 2524 478 2607 legitimam
490 2521 642 2589 absentiae
651 2522 826 2589 nonhabet
837 2545 845 2606 ;
856 2529 891 2589 et
905 2522 1036 2590 aliunde
1051 2531 1146 2591 actor
1160 2525 1357 2608 proba-⁵

156 2651 192 2700 se
204 2633 304 2699 icisse
320 2633 355 2696 in
367 2630 579 2714 possessione,
592 2637 626 2711 et
635 2636 754 2712 postea
769 2631 995 2713 spoliationem
1010 2649 1142 2714 passum
1155 2632 1256 2699 fuisse
1267 2654 1352 2718 ;:;

155 2756 265 2834 potest
275 2747 444 2832 delegatus
452 2754 597 2813 actorem
607 2747 640 2811 in
651 2747 885 2829 possessionem
896 2749 1080 2814 restituere.
1096 2749 1148 2815 Ita
1155 2749 1345 2834 quippe-.-

156 2863 299 2948 disponit
313 2862 486 2931 decretalis
504 2864 780 2930 Corescttattom'bru
799 2861 975 2929 Alexandri
992 2864 1040 2930 III
1056 2863 1142 2950 (cap.
1163 2866 1217 2945 10,
1235 2863 1329 2929 ti·-

155 2980 218 3046 tuli
234 2983 287 3056 29,
306 2979 382 3044 libri
401 2980 415 3064 1,
436 2975 674 3061 decretalium).

200 3099 232 3161 6.
261 3095 402 3161 «Potest
414 3091 584 3175 delegatus
595 3112 614 3156 a
624 3092 724 3177 Papa,
739 3112 804 3159 non
816 3101 943 3160 tantum
956 3092 997 3159 de
1012 3112 1108 3160 cansa
1119 3095 1183 3162 sibi
1192 3115 1320 3164 com-

160 3212 283 3277 amissa
300 3227 495 3292 cognoscere
518 3217 553 3273 et
571 3227 673 3291 super
691 3228 731 3273 ea
754 3208 841 3275 ferre
866 3212 1071 3290 sententiam,
1097 3211 1160 3278 scd
1178 3214 1306 3279 etiarn

161 3327 287 3395 elatam
307 3325 435 3408 exequi,
457 3330 495 3414 ut
513 3330 639 3397 constat
661 3344 703 3390 ex
721 3326 825 3408 capite
841 3326 1030 3408 Sipatfieostt
1050 3328 1094 3414 (7,
1112 3328 1204 3394 tituli
1219 3331 1285 3408 29,

161 3441 264 3508 «libri
281 3443 293 3505 1
318 3436 561 3524 decretalium):
585 3458 645 3523 pro
664 3459 728 3526 quo
743 3440 843 3507 habet
858 3461 978 3507 annum
994 3444 1160 3526 integrum
1176 3444 1302 3509 conti*

161 3572 300 3632 «nuum,
318 3552 417 3618 alata
434 3552 595 3619 sententia
610 3552 848 3619 numerandum
864 3553 983 3641 (capite
1001 3559 1155 3636 ormena
1168 3557 1226 3638 26,
1240 3557 1300 3622 ti*

162 3669 248 3737 «tuli
262 3671 316 3746 29,
332 3667 432 3733 libril
451 3655 607 3751 decreti.

206 3785 281 3851 «An
290 3782 380 3853 idem
393 3781 570 3851 noandum
579 3782 621 3848 sit
630 3783 727 3849 etiam
738 3782 780 3850 de
790 3783 943 3869 delegato
958 3806 978 3851 a
985 3784 1096 3872 judice
1111 3786 1294 3855 ordinario

161 3902 353 3978 «inferiore,
371 3905 622 3965 controvertunt
639 3897 833 3967 doctores...
855 3900 921 3967 Sed
936 3901 1109 3971 retinenda
1124 3911 1177 3971 est
1194 3903 1295 3971 affirae

161 4018 307 4087 amative
332 4014 494 4081 sententia
520 4022 673 4099 tanquam
699 4016 933 4101 probabilior.»
961 4018 1284 4106 (Schmclzgrueber‚

157 4138 192 4202 in
208 4133 341 4199 titulum
360 4134 414 4209 29,
430 4130 507 4197 libri
525 4134 538 4195 l
559 4130 782 4210 decretalium,
802 4153 835 4197 n.
857 4130 926 4216 37.)

203 4258 235 4319 7.
260 4249 352 4337 sepe
372 4248 483 4313 evenit
497 4254 535 4313 ut
558 4247 728 4330 delegatus
746 4267 766 4312 a
788 4249 876 4335 Papa
898 4250 1092 4315 sententiam
1107 4269 1202 4319 suam
1217 4265 1286 4337 per

158 4371 299 4455 seipsum
315 4383 431 4431 suosve
448 4365 612 4435 ministros
626 4383 692 4431 non
707 4373 898 4449 exequatur,
920 4365 979 4432 sed
997 4365 1163 4435 ordinario
1174 4363 1279 4457 iudici
