2714 4980
547 312 628 363 raas
650 312 810 362 saeuum.
1177 292 1242 356 469

124 470 138 496 e
156 445 340 529 suspectus.
361 468 374 492 »
399 438 596 524 (Pellegrini,
616 445 710 523 parte
730 440 761 515 2,
778 436 992 523 promissat,
1013 455 1046 499 n.
1066 438 1119 512 26,
1138 434 1241 501 citans

118 554 285 623 abbatem
309 551 602 638 Panormitanum.)
630 554 723 620 Ratio
751 560 812 630 est,
840 552 917 637 quia
938 548 1047 616 dando
1073 549 1249 622 eonsilium,

116 667 236 764 judici,
251 675 361 754 potest
368 669 403 733 in
416 667 487 753 ejus
496 669 689 735 sententiam
700 668 849 746 influere,
862 675 897 735 et
911 666 957 732 sic
965 684 1142 751 gravamen
1153 665 1254 738 alteri

117 805 161 857 ex
174 785 327 871 partibus
338 785 474 852 inferre.
493 784 589 852 Unde
608 785 705 871 parti,
725 804 795 870 quae
812 803 987 869 gravamen
1004 783 1106 861 timet,
1126 782 1242 850 merito

118 900 330 979 conceditur,
345 908 383 966 ut
401 901 503 986 possit
517 921 630 968 arcere
642 903 854 980 Assessorem,
876 900 933 986 qui
947 899 1010 986 ipsi
1023 919 1064 964 ex
1079 918 1175 966 causa
1195 918 1249 965 su·

116 1025 256 1105 spectus
274 1025 336 1084 est.

167 1138 258 1199 Nota.
280 1132 395 1214 Quoad
413 1134 584 1219 qualitates
603 1135 638 1199 in
655 1135 823 1200 Assessore
842 1133 1034 1218 requisitos,
1061 1140 1178 1199 tenent
1194 1131 1254 1198 do⁴

115 1256 231 1315 ctores
249 1267 315 1314 non
333 1249 458 1334 requiri
474 1257 511 1314 ut
530 1251 572 1315 sit
590 1250 625 1314 in
646 1249 719 1334 jure
737 1249 891 1315 canonico
909 1249 1098 1315 laureatus:
1122 1246 1245 1314 dobere

115 1375 232 1433 umen
247 1384 318 1432 esse
328 1366 487 1452 peritum
504 1366 564 1433 sed
576 1367 737 1451 judicium
750 1365 792 1432 de
811 1365 871 1431 hac
886 1364 1004 1451 peritia
1022 1364 1125 1450 judici
1139 1364 1246 1450 ipsum

115 1482 300 1548 assumenti
325 1482 477 1568 relinqui.
509 1483 603 1570 (vide
636 1483 873 1566 Pellegrinum,
906 1487 999 1566 parte
1023 1482 1056 1560 4,
1080 1487 1161 1547 sect.
1191 1483 1243 1555 16,

115 1617 152 1665 n.
169 1593 241 1680 23.)

547 1881 680 1948 CAPUT
696 1883 783 1948 x111.

115 2147 163 2194 DE
192 2141 307 2191 FORMA
330 2140 527 2195 counradum,
561 2139 753 2189 TRIBUNALIS
768 2164 770 2169 ·
786 2138 942 2199 nnlscorr,
977 2140 1038 2187 SEU
1062 2140 1103 2186 All
1135 2138 1245 2188 possin

162 2255 340 2307 anscerus
353 2253 517 2303 Tamum
529 2253 619 2303 SUUM
634 2253 792 2304 rnumnns
802 2254 817 2301 J
819 2254 970 2304 uolumus
985 2253 1194 2303 componitur.

165 2530 200 2593 1⁰
216 2522 312 2607 Quod
321 2522 422 2609 possit
433 2521 570 2608 quilibet
582 2521 773 2590 Ordinarius
786 2522 935 2608 pluribus
944 2520 1103 2607 delegatis
1114 2542 1249 2595 causam.

114 2642 260 2726 aliquam
270 2637 482 2724 judicandam
502 2639 716 2717 committere,
734 2639 781 2703 ita
803 2645 842 2704 ut
857 2657 897 2703 ex
911 2637 1041 2723 majoris
1062 2658 1252 2705 eorumnu·=

114 2755 202 2822 meri
224 2753 377 2837 suffragio
402 2754 512 2819 dirimi
540 2751 673 2830 debeat,
707 2751 938 2836 ambigendum
961 2762 1108 2820 nonest.
1136 2753 1239 2840 quue

114 2870 258 2959 proinde
276 2873 400 2955 poterit
421 2870 613 2956 Episcopus,
636 2870 791 2954 cumipse
813 2871 995 2954 praesertim
1012 2871 1175 2938 Ordinarii
1189 2893 1244 2939 no·

114 2988 206 3054 mine
224 2985 457 3071 intelligendus
473 2986 594 3051 veniat.
1249 2969 1252 2973 ⁵

161 3102 417 3170 2⁰1tisitamen
440 3103 520 3167 velit
544 3103 720 3186 Episcopus
744 3102 907 3167 vicarium
932 3123 1027 3169 suum
1052 3105 1250 3188 generalem-

113 3217 223 3304 gradu
240 3239 299 3285 suo
310 3217 464 3303 dejicere,
481 3216 567 3283 etad
580 3218 662 3282 meri
675 3217 817 3300 delegati
834 3218 1054 3285 conditionem
1075 3219 1238 3304 redigere,

113 3356 183 3403 non
193 3343 314 3420 potest,
332 3333 376 3399 ad
390 3355 490 3398 omnes
504 3337 684 3416 qeaerattter
698 3356 815 3416 causes,
830 3335 984 3427 pluribus
996 3335 1172 3423 judicibus
1185 3341 1248 3409 Vi?

114 3451 206 3519 cario
234 3451 378 3535 generali
404 3449 577 3536 adjunctis,
604 3451 817 3536 compositum
842 3452 986 3518 tribunal
1018 3454 1246 3540 constituere,

109 3569 199 3655 quia,
226 3575 264 3633 ut
292 3586 391 3652 supra
413 3566 537 3631 dictum
559 3575 620 3644 est,
642 3567 771 3633 vicario
798 3570 945 3652 generali
969 3589 1048 3635 vere
1067 3577 1146 3635 tunc
1171 3591 1237 3637 non

109 3690 315 3768 competeret
334 3684 548 3746 universaliter
566 3681 675 3769 (etiam
691 3683 859 3750 moraliter
877 3682 1052 3769 loquendo)
1071 3689 1237 3752 Ordioora'c

102 3803 295 3894 peroraro.

153 3919 190 3983 3ο
208 3918 288 3982 Post
301 3913 713 3999 tamenlipiscopusquoad
727 3934 824 3981 unam
838 3923 895 3981 aut
911 3915 1047 3982 alteram
1060 3935 1231 3983 causarum

111 4033 256 4120 speciem
274 4031 380 4120 (verbi
391 4029 495 4115 gratia
510 4030 617 4116 quoad
632 4031 816 4097 criminales
831 4028 954 4116 causas)
971 4032 1137 4117 collegiale
1150 4031 1235 4117 ejus-

111 4149 203 4217 modi
220 4149 365 4216 trihunal
382 4155 546 4231 statuere;
565 4147 715 4233 quiahoc
738 4169 803 4214 non
824 4147 962 4232 impedit
987 4150 1065 4234 quin
1087 4149 1235 4215 vicarius

109 4266 274 4353 generalis
290 4242 490 4330 univesalem
508 4264 615 4330 adhuc
639 4263 815 4352 (moraliter
836 4263 1013 4353 loquendo]
1036 4263 1235 4353 jurisdictio-

111 4403 190 4456 nem
214 4380 412 4449 ordinariam
428 4381 579 4452 redueat.
1286 4358 1289 4363 ’
