2714 4980
130 304 193 364 tsi
478 318 731 365 'rnac'raunsus
754 318 903 364 runicus.

128 440 269 508 absurde
284 442 438 508 statuitur
449 458 514 505 non
529 438 602 506 dari
617 460 635 505 a
648 440 773 506 Vicario
788 438 831 507 ad
846 441 1046 524 Episcopum
1059 443 1235 526 appellatio

127 576 212 624 nem.

170 674 264 741 Adde
293 675 371 740 alias
393 675 555 751 ratioueS,
583 675 703 760 quihus
730 676 891 759 superiori
915 676 1024 759 capite
1049 675 1238 745 ostendimus

124 812 189 861 non
209 809 302 879 posse
324 790 463 857 rescindi
481 792 522 856 ab
543 791 702 876 Episcopo
716 797 808 857 actus
824 789 997 876 judiciales
1012 793 1138 859 vicarii
1155 813 1238 878 geue

124 910 211 975 ralis.
547 920 549 924 '

169 1029 201 1091 2.
228 1023 381 1090 Occurrit
393 1023 518 1106 pariter
533 1021 715 1102 difficultas,
738 1024 764 1088 si
784 1022 915 1089 dicatur
929 1026 1101 1091 Vicarium
1117 1046 1238 1111 genera·

122 1143 186 1210 lem
201 1143 234 1206 in
252 1140 355 1206 officio
369 1158 427 1205 suo
446 1137 702 1224 delinquentem,
728 1157 823 1222 posse
842 1140 875 1204 in
892 1122 1007 1224 prima
1017 1143 1173 1208 instantia
1192 1162 1237 1208 seu

122 1229 216 1323 extra
233 1274 341 1321 casum
363 1254 605 1338 appellationis,
632 1253 771 1338 judicari
788 1262 822 1319 et
839 1255 947 1337 puniri
965 1255 1008 1320 ab
1027 1255 1237 1341 Archiepisco

121 1392 174 1457 po,
198 1372 296 1438 etiam
317 1370 351 1435 in
372 1389 448 1435 casu
468 1389 532 1455 quo
544 1371 727 1454 Episcopus
736 1372 901 1455 particeps
920 1372 1075 1438 extiterit
1089 1372 1237 1453 delictis

120 1487 247 1555 Vicario
260 1507 318 1553 suo
335 1487 504 1553 commissi.

165 1606 246 1671 Nam
266 1613 395 1669 certum
411 1611 460 1668 est
475 1623 586 1668 causas
604 1605 788 1669 criminales
803 1603 943 1689 majores
962 1605 1238 1690 Episcoporum,a

120 1720 300 1795 Tridentini
322 1721 451 1785 concilii
473 1728 642 1803 tempore,
675 1739 740 1785 non
765 1719 933 1804 subjacere
960 1723 1237 1806 Metropolitamm

114 1837 342 1923 jurisdictioni,
361 1834 420 1900 sed
438 1836 536 1902 fuisse
556 1857 574 1900 a
591 1835 679 1902 dicta
696 1836 823 1921 synodo
839 1835 912 1902 Sedi
928 1838 1131 1920 Apostolicae
1146 1860 1237 1906 reser-

119 1960 221 2019 vatas.
246 1955 363 2018 Causas
392 1954 469 2017 item
498 1953 684 2018 criminales
709 1954 850 2018 minores
879 1954 1124 2038 Episcoporum
1152 1956 1236 2022 iidem

116 2067 295 2133 Tridentini
312 2075 422 2151 patres
437 2070 575 2133 concilio
589 2068 780 2151 provinciali
804 2067 996 2153 judicandas
1019 2081 1233 2138 reservarunt.

117 2187 155 2250 In
171 2204 246 2250 casu
272 2190 383 2249 autem
404 2185 628 2267 appellationis
649 2203 759 2250 coram
780 2185 1036 2270 Archiepiscopo
1056 2189 1232 2271 pendentis,

116 2307 226 2383 potest
236 2301 263 2365 is
278 2299 514 2383 suffraganeum
528 2319 645 2383 cogere
662 2300 704 2365 ad
717 2299 901 2367 exhibenda
913 2311 1000 2380 acta,
1015 2310 1050 2367 et
1061 2304 1234 2387 praestanda

118 2417 178 2482 alia
197 2415 239 2480 ad
253 2415 490 2499 expediendam
510 2417 733 2500 appellationis
757 2436 885 2482 causam
908 2410 1107 2499 necessaria,
1128 2440 1195 2506 que
1213 2423 1234 2485 si

116 2542 247 2599 recuset
270 2542 425 2617 praestare
449 2532 681 2617 suffraganeus,
712 2534 868 2600 remansit
893 2537 1116 2620 Metropolitae
1136 2538 1188 2623 jus
1206 2539 1233 2602 in

117 2668 193 2715 eum
204 2648 307 2732 poenis
320 2657 355 2714 et
370 2649 515 2714 censuris
529 2648 825 2715 animadvertendi.

162 2764 268 2844 Unde,
288 2771 381 2830 extra
395 2763 534 2847 'dictum
558 2765 794 2848 appellationis,
812 2767 846 2829 in
865 2768 955 2832 curia
974 2769 1232 2856 archiepiscopali

117 2880 301 2965 pendentis,
315 2900 435 2958 casum,
453 2882 565 2964 nequit
589 2881 858 2966 Archiepiscopus
877 2881 919 2948 de
946 2884 1027 2949 ullis
1047 2887 1233 2973 suffraganei

117 2998 167 3063 sui
188 2996 314 3064 delictis
332 3015 538 3081 cognoscere,
563 3017 670 3083 neque
691 3018 729 3064 eu
749 3000 875 3082 punire.
900 3001 971 3065 lam
992 3022 1077 3070 vero
1092 3006 1120 3070 si
1134 3011 1232 3090 posset

117 3112 384 3197 Archiepiscopus
410 3112 558 3198 judicare
584 3121 618 3178 et
644 3115 759 3197 punire
795 3113 913 3180 delicta
931 3117 1055 3183 Vicarii
1081 3120 1232 3204 generalis

117 3228 278 3311 Episcopi,
298 3229 330 3291 in
349 3227 451 3292 officio
465 3246 523 3292 suo
537 3230 715 3306 commissa,
738 3239 772 3295 et
790 3250 929 3315 quorum
953 3235 1123 3319 particeps
1144 3237 1232 3302 luisse

117 3344 294 3426 Episcopus
312 3345 516 3426 supponitur,
535 3353 644 3426 posset
662 3345 722 3410 hoc
743 3347 813 3428 ipso
833 3345 981 3431 judicare
996 3358 1031 3414 et
1050 3353 1169 3432 punire
1182 3350 1231 3417 de·

116 3459 193 3527 licta
208 3458 401 3542 suffraganei
416 3463 476 3524 sui.
495 3462 577 3525 Nam
597 3461 836 3544 pronuntiando
857 3465 955 3529 talem
978 3473 1094 3532 actum
1110 3466 1231 3552 jurisdi

117 3577 289 3644 ctionalem
301 3577 418 3641 Vicarii
433 3577 592 3660 generalis
610 3579 759 3662 Episcopi
776 3599 847 3645 esse
860 3600 999 3663 pravum
1016 3591 1053 3648 et
1068 3585 1227 3670 injustum,

116 3695 177 3760 hoc
200 3695 269 3777 ipso
293 3694 519 3776 pronuntiaret
533 3693 575 3759 de
590 3696 751 3778 pravitate
768 3704 802 3760 et
816 3695 971 3780 injustitia
993 3719 1012 3764 a
1034 3701 1229 3786 suffraganeo

116 3810 299 3893 commissa;
318 3828 391 3874 oum
406 3818 496 3874 actus
511 3809 776 3894 jurisdictionalis
794 3812 923 3891 Vicarii,
947 3824 1126 3882 censeatur
1147 3823 1228 3882 actus

115 3926 277 4011 Episcopi,
300 3927 481 4009 prasertim
503 3926 633 4011 quando
653 3928 831 4011 Episcopus
852 3926 1002 4012 ejusdem
1027 3934 1125 4014 pravi
1148 3940 1228 3998 actus

114 4042 177 4107 fuit
190 4042 365 4124 particeps.
381 4042 464 4106 Talis
477 4049 586 4107 autem
605 4042 1025 4128 senteutiadrchiepiscopi,
1045 4056 1082 4113 et
1091 4047 1226 4114 rescissio

115 4155 194 4222 dicti
211 4164 303 4221 actus
315 4155 589 4241 jurisdictionalis,
608 4167 693 4224 esset
704 4160 799 4224 simul
810 4179 888 4225 vera
903 4179 1002 4242 poena
1016 4164 1221 4248 suffraganeo,

114 4273 192 4338 licet
206 4272 376 4351 indirecte,
396 4274 533 4358 inflicta3
560 4283 674 4358 utpote
699 4296 761 4360 qua
785 4277 885 4360 ipsius
904 4279 1110 4347 estimationi
1123 4289 1157 4346 et
1176 4299 1222 4344 no

116 4389 191 4452 mini
205 4388 331 4451 macula
344 4388 544 4455 inureretur.
558 4390 642 4473 Ergo
655 4411 695 4456 ex
707 4409 746 4457 eo
762 4391 851 4476 quod
864 4403 1007 4477 nequeat
1016 4396 1219 4481 drohiepisco
