2714 4980
43 262 47 269 ¹
163 285 201 348 lt
412 311 414 314 ·
500 281 688 347 raserarrs
708 297 754 346 nn
774 295 922 359 snnrcns.

162 453 180 483 ι
192 426 388 510 taripotcst,
406 429 457 490 est
470 422 610 508 duplicis
619 424 760 508 generis,
777 422 857 489 iacti
868 428 906 488 ct
916 420 1007 507 iaris.
1025 418 1121 489 Facti
1138 419 1272 511 punctio:

164 551 255 623 root,
275 561 349 608 cum
368 541 411 609 de
425 541 523 619 iacto,
544 541 588 608 dc
609 560 674 628 quo
695 541 782 608 forte
801 539 950 607 nundum
972 539 1086 626 liquet,
1109 541 1204 607 velsi
1223 541 1266 608 de

164 659 252 737 azboc
267 658 404 745 liqueat,
423 656 465 724 de
487 658 734 724 circumstantiis
747 656 825 722 iacti
842 657 1016 742 quaeiitnr;
1035 657 1175 741 exempli
1194 676 1269 741 gra-

165 776 249 854 «ιιι,
267 776 343 861 quis
359 768 490 854 iecerit,
502 792 568 860 quo
582 772 690 852 modo,
709 791 774 859 quo
786 773 870 853 loco,
887 791 951 858 quo
969 780 1128 857 tempore,
1149 773 1269 858 quibus

165 890 455 969 «circumstantiis,
477 897 540 957 etc.
561 885 655 964 luris
671 886 800 978 questio
815 895 881 968 est,
904 887 1033 974 quando
1051 890 1209 974 quaeritur
1225 888 1267 956 de

164 1008 272 1074 efacti
283 1007 414 1086 merito,
437 1005 527 1092 quod
541 1007 574 1071 in
594 1025 635 1072 oo
654 1007 816 1084 consistit,
836 1013 874 1071 ut
889 1003 943 1090 jus
956 1004 1043 1071 facto
1060 1013 1150 1070 recte
1165 1005 1269 1089 appli-

165 1133 287 1192 «eetur
306 1146 316 1190 v:
337 1125 559 1208 interrogatur
584 1143 664 1209 ergo
685 1099 718 1187 in
737 1123 810 1200 hoc,
829 1141 872 1187 an
890 1120 928 1187 id
948 1120 1041 1207 *quod
1060 1121 1184 1188 iactum
1202 1130 1265 1202 est,

165 1240 267 1328 «jure
290 1242 413 1307 factum
440 1241 495 1319 siit,
520 1247 555 1307 et
577 1240 659 1325 qum
674 1241 725 1307 'de
753 1240 815 1307 hoc
842 1239 930 1306 iacto
961 1240 1053 1320 leges
1077 1239 1267 1321 statuerint3

166 1386 182 1417 ι
194 1359 336 1442 exempli
349 1358 464 1442 gratia,
480 1377 523 1422 an
541 1345 632 1422 recte
648 1357 750 1422 Titius
769 1356 1069 1434 occideritGaium,
1088 1362 1123 1420 et
1144 1355 1171 1419 si
1186 1355 1271 1421 male

164 1503 179 1532 κ
193 1472 330 1553 occidit,
356 1493 421 1559 qua
443 1492 543 1556 poena
568 1475 610 1539 sit
634 1471 820 1538 afficiendus
840 1501 855 1529 ν
880 1472 927 1558 (in
943 1471 1077 1536 titulum
1093 1474 1123 1550 1,
1151 1471 1227 1537 libri
1249 1473 1270 1536 2

158 1590 383 1668 decretalium,
396 1609 429 1654 n.
442 1587 487 1673 3).
499 1589 583 1655 vide
595 1591 693 1655 etiam
703 1588 846 1654 Moschat
860 1583 1089 1676 (institutiones
1099 1583 1267 1666 cononica,

156 1712 237 1774 tom.
256 1711 284 1786 l,
298 1724 373 1790 pag.
390 1707 468 1784 671,
488 1705 569 1772 edit.
588 1707 696 1773 Romae
712 1703 824 1794 1757).
1256 1719 1259 1724 ·

199 1822 256 1885 li.
275 1821 324 1887 Ex
335 1817 429 1884 dictis
445 1820 543 1883 etiam
558 1825 650 1903 patet
663 1819 767 1903 qualis
777 1820 909 1902 proprie
925 1818 968 1884 sit
978 1816 1096 1903 judicis
1106 1825 1268 1902 potestas:

156 1942 208 2006 aot
219 1953 336 2018 nempe
353 1941 499 2017 potestas
511 1932 743 2018 jurisdictionis
761 1933 856 1998 sirum
876 1939 912 1998 et
928 1934 1067 2017 imperii,
1084 1952 1142 1999 seu
1159 1934 1209 2020 (ut
1221 1932 1272 1998 di·

154 2057 234 2117 oant
247 2048 447 2135 pragmatici)
462 2045 800 2138 jaaisdiotios'mpcrio
814 2046 931 2116 aucto.
949 2052 1029 2115 Nam
1043 2050 1198 2133 primario
1211 2069 1271 2116 seu
1334 2081 1337 2087 ·

152 2165 381 2250 principaliter
390 2163 494 2250 juder
506 2164 661 2245 efficetur,
674 2164 788 2251 aliquis
797 2183 858 2248 per
866 2170 1063 2249 potestatem
1075 2182 1186 2230 causas
1199 2183 1272 2249 cog-

157 2280 312 2347 noscendi
332 2287 367 2347 et
383 2279 437 2364 jus
460 2278 570 2365 queam
589 2298 645 2346 eas
666 2279 813 2363 dicendi3
827 2299 897 2365 quae
920 2288 1063 2364 potesms
1081 2276 1275 2371 jurisdictio

157 2403 304 2463 vocatur.
322 2394 387 2462 Sed
399 2397 503 2462 inanis
519 2404 706 2463 remaneret
725 2402 869 2481 potestas
883 2396 961 2477 ham,
980 2398 1041 2462 nisi
1061 2399 1092 2463 ei
1115 2396 1272 2482 adjunge-¹

100 2489 103 2494 ⁸
156 2520 252 2580 retur
275 2520 310 2578 et
333 2511 471 2578 facultas
492 2513 563 2578 vim
575 2514 754 2579 coactivam
778 2513 915 2598 aliquam
940 2512 1107 2581 exerendi.
1131 2514 1270 2580 Necesse

155 2639 274 2712 nempe
287 2634 339 2694 est
351 2635 391 2693 ut
405 2627 500 2693 umal
514 2629 615 2712 possit
626 2626 731 2713 judex
743 2636 854 2713 partes
864 2621 978 2695 citatas
988 2638 1023 2697 et
1039 2638 1142 2696 testes
1152 2646 1271 2714 cogere

156 2736 476 2828 sacomparendum,
494 2762 621 2810 necnon
631 2746 809 2810 sententias
823 2763 897 2811 suas
911 2743 954 2811 ad
964 2747 1190 2813 executionem
1203 2745 1272 2811 effi·

126 2952 129 2957 ³
154 2860 278 2936 cociter
289 2857 456 2925 deducere
472 2867 635 2943 :potestas
642 2868 754 2927 autem
766 2858 939 2928 coercendi
947 2858 1118 2951 imperium
1131 2862 1267 2948 dicitnr3
1295 2910 1313 2928 ,

154 2973 245 3041 mae
260 2994 377 3042 revera
387 2974 569 3061 jurisdictio
580 2977 615 3042 in
626 2975 749 3062 iudice,
764 2986 803 3043 ut
815 2997 893 3045 vera
909 2980 951 3045 sit
967 2987 1001 3045 et
1017 2998 1083 3046 non
1097 2980 1267 3057 derisoria,

155 3089 257 3158 &bet
269 3093 449 3159 necessario
460 3111 530 3159 esse
548 3112 623 3159 cum
638 3094 748 3180 aliquo
768 3095 906 3178 imperio
924 3095 1108 3182 conjuncta.
1127 3097 1271 3164 Dicimus

154 3226 227 3287 com
239 3203 365 3302 aliqum
385 3209 472 3293 quia,
491 3216 618 3274 attenta
632 3209 794 3295 judicialis
804 3214 974 3295 potestatis
987 3215 1135 3292 essentia,
1154 3212 1272 3279 sufficit

75 3401 78 3407 ¹
156 3342 196 3391 ec
209 3322 383 3390 coercendi
396 3322 544 3404 facultas,
559 3343 630 3410 quae
648 3329 830 3393 necessaria
840 3337 891 3395 ost
903 3327 947 3394 ad
958 3328 1154 3414 judiciorum
1170 3346 1279 3414 expe-⁷

155 3437 313 3507 &monem
323 3441 605 3507 etocntentiaram
622 3445 860 3511 executionem.
880 3447 922 3512 Et
942 3464 1014 3512 eam
1029 3445 1162 3532 quidem
1177 3462 1271 3512 coer-

41 3652 44 3658 ,
155 3553 252 3622 cendi
265 3562 463 3639 potestatem
475 3535 598 3623 habere
609 3556 712 3643 judex
724 3569 886 3640 censetur,
904 3561 966 3628 hoc
977 3563 1048 3646 ipso
1061 3562 1150 3648 quod
1164 3561 1271 3648 judex

154 3671 296 3755 legitime
311 3672 527 3744 constituatur
544 3693 553 3738 ε
571 3673 728 3760 majorem
749 3683 860 3744 autem
874 3695 914 3744 er
932 3679 1000 3746 solo
1028 3676 1147 3764 jndicio
1166 3677 1280 3745 officio=

154 3786 344 3855 nonhabet.
