2714 4980
183 304 225 370 88
533 311 720 362 nectarus
742 314 787 362 DE
809 313 957 364 molens.

178 443 278 510 ticam
291 448 349 509 aut
360 439 577 508 Gallicanismi
596 438 838 523 parlamentarii
856 438 966 507 labem
985 447 1108 526 aperte-
1129 439 1302 527 redolent3

180 560 237 627 uel
256 557 439 626 remotioris
459 556 520 621 aevi
538 555 610 641 qui,
626 573 664 620 ra
683 555 832 652 nundum
845 557 878 621 in
892 557 1009 624 scholis
1022 557 1122 642 plene
1139 557 1300 645 eliquata,

181 678 398 763 scripserunt;
415 676 473 761 qui
485 681 597 740 tamen
610 673 718 740 ultimi
731 676 829 760 pauci
843 684 1074 743 numerantur.

224 790 390 860 Probatur
415 794 459 856 5⁰.
489 792 537 857 lix
565 809 604 856 eo
633 789 722 876 quod
748 808 852 857 causae
883 792 1137 860 matrimoniales
1168 794 1301 879 proprie

180 911 524 991 disseminantes
543 926 623 974 vere
641 908 825 991 spirituales
851 909 1044 993 reputandae
1065 909 1143 975 sint.
1161 947 1212 961 -
1225 912 1300 978 Nam

178 1046 282 1095 causa
297 1024 547 1093 matrimoniales
568 1026 700 1108 proprie
723 1024 837 1103 dicta,
854 1031 931 1092 sunt
950 1026 1011 1091 illa
1031 1044 1104 1112 qum
1125 1036 1300 1094 versantur

181 1144 267 1212 circa
279 1143 455 1228 ipsummet
467 1141 720 1221 matrimonium,
735 1158 794 1208 seu
805 1142 891 1207 circa
903 1142 1078 1225 ipsummet
1091 1150 1296 1211 contractum

181 1260 461 1338 matrimonialem,
473 1277 539 1324 non
547 1276 626 1324 vero
637 1258 724 1323 circa
733 1259 953 1325 solemnitates
961 1260 1172 1331 matrimonio
1183 1264 1298 1327 extrin-

183 1396 285 1447 secas.
302 1377 374 1444 lam
388 1395 469 1444 vero
483 1381 670 1443 contractus
681 1375 923 1443 matrimonialis
938 1375 1087 1442 fidebam
1101 1385 1152 1442 est
1163 1376 1246 1463 quid
1257 1397 1299 1444 sa·

184 1513 278 1562 crum
290 1513 348 1560 seu
359 1493 543 1578 spirituale:
558 1510 633 1558 nam
644 1492 698 1558 ille
712 1499 899 1558 contractus
912 1497 963 1558 est
975 1494 1157 1560 certissime
1169 1496 1299 1561 materia

183 1611 392 1689 sacramenti,
418 1615 516 1695 atque
537 1607 621 1676 adeo
642 1609 836 1675 sacramenti
858 1609 966 1694 aliqua
987 1627 1086 1695 pars:
1109 1629 1213 1695 porro
1233 1629 1300 1696 pars

185 1728 338 1817 qualibet
358 1728 553 1794 sacramenti
574 1731 624 1793 est
646 1725 768 1812 aliquid
792 1743 922 1792 sacrum
945 1744 1003 1792 seu
1028 1727 1211 1811 spirituale.
1238 1730 1302 1794 Irno·

184 1846 361 1932 praedictus
376 1844 525 1911 fidelium
540 1850 726 1911 contractus
741 1850 791 1909 est
806 1845 1023 1910 simultatum
1041 1853 1299 1912 sacramentum:

185 1984 261 2031 nam
275 1965 320 2029 ita
338 1961 517 2028 tenendum
535 1969 603 2040 est,
621 1961 649 2025 si
663 1961 788 2026 nullum
811 1963 954 2039 existere
976 1962 1078 2044 possit
1088 1962 1179 2028 inter
1193 1962 1303 2029 fideles

189 2080 449 2157 matrimonium,
470 2075 559 2164 quod
579 2096 644 2143 non
667 2077 709 2142 sit
727 2077 823 2142 simul
848 2083 1102 2161 sacramentum3
1121 2080 1214 2164 atqui
1227 2077 1304 2144 banc

103 2230 107 2237 ¹
188 2216 259 2266 esse
274 2197 464 2263 catholicam
478 2192 659 2260 doctrinam
674 2191 854 2260 declaravit
871 2195 948 2260 Pius
965 2195 1009 2259 IX
1023 2195 1057 2258 in
1073 2195 1174 2260 citata
1189 2195 1304 2261 allocu-

185 2314 275 2381 tione
286 2313 335 2380 his
346 2312 473 2379 verbis:
489 2317 563 2377 Cam
576 2332 661 2376 nenio
677 2332 717 2376 en
729 2313 883 2376 catholicis
895 2317 1011 2394 ipnoret
1025 2318 1080 2375 ant
1092 2317 1237 2393 ipnorare
1247 2333 1307 2396 pos·

189 2438 271 2498 sit...
284 2438 364 2496 inter
374 2433 479 2512 fideles
492 2436 720 2495 matrimonium
734 2432 805 2495 dori
814 2449 875 2494 non
881 2449 980 2512 posse,
998 2433 1071 2511 puin
1080 2449 1142 2494 ano
1154 2433 1307 2513 cadentque

190 2555 382 2633 temporarii
403 2556 643 2628 sacramentnm;
659 2555 748 2630 utque
769 2550 804 2611 id
826 2553 903 2610 circo
928 2549 1091 2629 quamlibet
1109 2550 1208 2611 aliam
1232 2554 1308 2612 inter

193 2637 381 2732 Christianos
395 2672 456 2729 oiri
473 2672 503 2730 et
521 2668 657 2730 mulieris
667 2671 780 2746 prater
799 2671 1017 2728 sacramentnm
1031 2670 1304 2748 conjunctionem...

190 2783 270 2847 nibil
281 2784 367 2846 alind
382 2802 444 2846 esse
457 2786 519 2847 nisi
533 2790 648 2864 turpem
663 2790 751 2866 atque
765 2786 920 2847 exitialem
934 2764 1171 2876 conrnbinotam.
1187 2785 1221 2851 si
1234 2796 1309 2870 ergo

191 2898 432 2966 matrimonium
454 2898 600 2965 fidelium
621 2878 663 2966 sit
684 2899 867 2966 necessario
892 2876 928 2966 et
950 2898 1121 2966 indivisim*
1136 2900 1311 2985 ipsummet

191 3021 445 3095 sacramentum,
464 3024 514 3082 est
528 3015 679 3099 protecto
693 3035 747 3081 res
760 3034 852 3081 sacru
868 3022 903 3081 et
918 3015 1140 3100 spiritualibus
1153 3030 1313 3086 annume-n

127 3211 133 3221 ,
192 3131 308 3197 rande.
332 3131 413 3197 Cum
428 3150 507 3215 ergo
527 3130 688 3216 superiori
707 3133 812 3216 capite
829 3131 1004 3215 probatum
1019 3132 1060 3198 sit
1076 3131 1117 3198 ad
1133 3133 1245 3200 forum
1261 3154 1311 3201 ec-

194 3247 408 3314 clesiasticum
428 3246 593 3329 pertinere
611 3245 654 3313 de
673 3247 774 3313 rebus
791 3251 891 3312 sacris
908 3267 966 3313 seu
988 3247 1213 3331 spiritualibus
1226 3249 1312 3338 judi-

52 3378 55 3383 ·
182 3365 293 3442 cium,
305 3361 490 3429 eidemforo
502 3380 604 3428 causa
615 3363 866 3429 matrimoniales
876 3365 1009 3449 proprie
1022 3362 1118 3432 dictae
1127 3366 1310 3434 tribuenda

199 3487 287 3546 suni.

239 3598 436 3664 Puorosrrro
447 3597 501 3662 11².
521 3632 566 3647 —
582 3599 687 3662 Ceasar
695 3600 931 3662 matrimoniales
945 3603 1109 3681 improprie
1125 3601 1229 3683 dictae,
1251 3623 1313 3687 qaia

194 3733 297 3798 nempe
307 3722 466 3778 versantur
480 3718 560 3779 eima
572 3734 619 3778 res
635 3717 809 3797 temporales
824 3723 853 3778 et
864 3717 1041 3779 substantiae
1059 3723 1251 3785 matrimonii
1263 3738 1313 3785 ea-

196 3835 351 3910 trinsecns,
368 3831 410 3893 ad
420 3833 519 3911 forum
531 3831 747 3912 soemiarejnre
757 3837 881 3913 proprio
888 3836 1054 3913 pertinent.
1066 3867 1113 3881 —
1129 3861 1143 3887 ι
1155 3834 1252 3916 Quia,
1271 3836 1314 3900 ait

201 3975 216 4003 α
228 3945 527 4030 Schmalzgnueber,
543 3945 612 4011 haec
624 3945 702 4010 nihil
711 3946 878 4030 spirituale
892 3947 1071 4013 continent.
1091 3977 1107 4003 ν
1123 3947 1173 4036 (ln
1183 3952 1314 4018 titulum

195 4064 234 4126 de
251 4066 436 4155 indicitur.
458 4059 525 4148 53.)
542 4061 639 4129 Unde
656 4063 736 4128 nihil
754 4062 861 4129 obstat
875 4064 951 4148 quin
969 4064 1132 4130 saecularis
1149 4064 1319 4153 princeps,¹

197 4182 233 4244 et
243 4177 285 4244 de
298 4180 336 4244 iis
348 4181 451 4246 causis
462 4187 645 4264 cognoscat,
657 4187 691 4246 et
699 4178 793 4264 justis
801 4180 927 4265 legibus
939 4179 980 4246 de
992 4182 1029 4246 iis
1041 4181 1210 4248 decernat.
1220 4183 1315 4266 Quod

199 4291 447 4375 etiampositive
464 4300 590 4361 constat
603 4313 644 4361 ex
662 4292 760 4360 modo
781 4294 879 4359 citata
891 4292 1050 4360 decretali
1062 4293 1240 4363 Alexandri
1253 4298 1311 4377 III,

199 4407 235 4472 in
251 4425 315 4493 que
332 4407 376 4474 ad
395 4426 517 4493 regem,
543 4428 610 4475 non
630 4409 675 4476 ad
691 4409 868 4476 Ecclesiam
895 4410 1062 4495 pertinere
1086 4415 1319 4496 pronuntiatur
