2714 4980
499 325 578 373 raas
600 324 759 374 susanna.
1120 311 1182 376 437

62 452 200 517 stitutus
212 449 360 516 eamdem
380 420 498 517 habeat
510 449 768 536 jurisdictionem
788 470 825 514 ac
844 449 913 532 ipse
929 451 1072 517 vicarius
1087 472 1185 537 gene-

62 567 152 645 ralis,
176 564 283 631 valide
298 565 430 651 quidem
450 566 508 632 fiet
531 587 550 632 a
570 567 699 633 vicario
723 565 867 650 generali
887 566 961 632 talis
983 567 1182 635 substitutio.

63 680 131 748 Sed
148 689 230 747 tuno
248 682 380 765 proprie
395 681 436 747 ab
456 682 615 766 Episcopo
635 681 844 746 constituitur
863 680 1072 767 substitutus;
1093 683 1186 751 Vica-

64 799 136 864 rius
148 805 259 863 autem
273 797 433 880 generalis
447 797 538 882 eligit
551 798 721 864 dumtaxat
735 814 906 893 personam
918 803 953 862 et
966 797 1121 864 nominat.
1146 801 1185 866 In

64 932 163 999 quam
176 913 367 1001 sententiam
388 911 564 979 convenire
580 913 677 978 etiam
692 911 855 991 doctores,
877 911 952 978 vide
971 911 1060 997 apud
1071 913 1185 983 lauda·

61 1036 134 1094 tum
146 1027 344 1092 Laurenium
360 1027 442 1114 (loco
457 1025 580 1112 citato).

107 1147 141 1208 3.
168 1142 215 1207 An
233 1143 334 1226 possit
353 1144 467 1208 saltem
485 1133 630 1208 Vicarius
650 1144 821 1227 generalis,
842 1144 884 1209 ob
904 1163 1030 1210 caumm
1046 1146 1185 1211 uecessi-

60 1261 140 1326 tatis
167 1258 273 1346 (verbi
295 1260 414 1343 gratia,
440 1267 578 1343 propter
610 1259 790 1325 absentiam
812 1260 867 1326 rel
887 1259 1118 1345 infirmitatem)
1144 1265 1185 1326 od
1222 1321 1224 1325 .

62 1379 151 1440 brem
177 1383 291 1458 tempos
315 1375 509 1454 sibialiam,
539 1374 661 1460 absque
682 1377 812 1459 speciali
838 1376 993 1442 facultate
1021 1378 1181 1462 Episcopi,

61 1490 277 1570 substituere,
295 1492 351 1576 qui
371 1491 488 1556 Vinarii
511 1510 646 1557 munere
665 1511 739 1557 cum
758 1493 854 1557 simili
866 1491 1087 1577 jurisdictione
1102 1495 1186 1559 inte-

61 1607 126 1672 rim
148 1605 315 1690 fungatur,
339 1607 425 1672 inter
444 1613 596 1672 auctores
618 1608 885 1674 controvertitur.
917 1608 1010 1674 Multi
1029 1608 1115 1673 enim
1134 1615 1185 1674 te·

60 1729 159 1800 nent,
182 1723 280 1787 etiam
299 1721 407 1807 quoad
428 1723 529 1788 talem
554 1722 839 1801 substitutionem,
870 1725 1087 1790 necessarium
1113 1743 1184 1790 esse

60 1838 204 1924 speciale
219 1836 409 1904 mandatum
424 1839 584 1923 Episcopi.

100 1955 255 2036 Qumsmo
277 1956 342 2019 32¹.
368 1992 414 2004 -
436 1958 482 2019 Aa
489 1961 588 2038 possit
609 1960 746 2020 Vioorius
759 1950 920 2038 pomerolis,
938 1959 1046 2037 absque
1060 1960 1183 2038 speciali

55 2074 222 2151 mndata,
248 2073 306 2134 sibi
324 2076 504 2134 constituere
527 2074 722 2154 delepotom?
743 2106 789 2118 -
813 2072 942 2137 Tenent
967 2072 1183 2136 communiter

56 2189 229 2256 doctores:
255 2192 287 2252 1⁰
308 2207 384 2254 eum
408 2207 513 2271 posse,
542 2187 664 2272 absque
693 2189 824 2272 speciali
846 2187 999 2255 mandato
1017 2189 1179 2273 Episcopi,

56 2325 158 2372 unam
179 2305 234 2373 vel
255 2306 364 2390 plures
385 2323 496 2370 causas
522 2302 692 2389 delegare,
716 2308 750 2370 2⁰
769 2325 834 2370 non
853 2313 963 2372 autem
985 2307 1182 2372 constituere
1213 2353 1215 2358 -

56 2420 246 2506 delegatum
258 2419 301 2486 ad
318 2438 486 2486 causarum
500 2420 755 2486 universitatem.
773 2421 868 2507 (Vide
882 2422 1091 2500 Leurenium,
1108 2423 1183 2486 loco

56 2539 127 2615 cit,
151 2556 185 2623 q.
215 2534 304 2621 199.)
329 2537 443 2602 Similis
461 2543 570 2601 autem
587 2535 749 2602 censenda
772 2543 822 2603 est
845 2544 989 2621 potestas
1006 2535 1182 2621 delegandi

56 2657 91 2722 in
111 2654 289 2720 substituto
310 2654 429 2720 Vicarii
450 2654 611 2737 generalis
626 2655 757 2738 proprie
775 2653 879 2738 dicto;
897 2654 954 2738 qui
971 2673 1089 2738 nempe
1109 2673 1183 2719 cum

56 2777 127 2837 tota
150 2771 279 2864 vicarii
292 2770 449 2855 generalis
467 2768 702 2855 jurisdictione,
725 2771 760 2835 ri
778 2770 927 2854 specialis
945 2769 1090 2836 mandati
1107 2770 1183 2853 Epi-

57 2887 160 2970 scopi,
178 2886 375 2953 substitutus
393 2894 454 2952 est.

101 3004 256 3086 Qumsnuo
277 3005 344 3069 33³.
370 3038 416 3050 -
438 3005 635 3084 (luendorum
665 3006 845 3066 substitutos
882 3006 997 3065 Vioorii
1031 3003 1192 3082 pecoralis,

56 3127 179 3187 nocetur
191 3124 388 3201 Vicespcroas,
411 3123 639 3201 emanaturam
650 3123 893 3184 Locum-tenens:
910 3125 939 3181 et
957 3138 998 3182 on
1011 3119 1049 3180 ob
1064 3123 1128 3199 ipso
1139 3121 1182 3182 od

56 3242 213 3304 Vicorium
229 3241 396 3319 pecoralem
417 3241 505 3301 detur
523 3240 707 3320 appellatio?
725 3274 770 3285 —
795 3239 827 3300 1⁰
846 3235 1046 3302 substitutus
1066 3235 1182 3302 Vicarii

54 3354 225 3442 generalis
247 3355 280 3419 in
302 3352 376 3439 jure
395 3360 531 3420 vocatur
551 3358 749 3436 Vicesqerens,
776 3351 906 3437 quando
930 3351 1116 3418 immediate
1139 3351 1181 3419 ab

55 3475 220 3558 Episcopo
252 3473 447 3538 constitutus
479 3471 554 3538 fuit.
594 3474 628 3535 2⁰
653 3472 796 3537 Vocatur
822 3479 931 3537 autem
955 3476 1181 3537 Locum-teneas

53 3585 192 3676 quando
212 3606 286 3654 cum
300 3587 371 3666 sibi,
391 3607 432 3652 ex
450 3587 581 3671 speciali
594 3587 635 3653 de
654 3606 718 3671 qua
737 3585 862 3652 dictum
877 3592 927 3653 est
941 3586 1107 3664 facultate,
1126 3587 1181 3653 Vi-

52 3709 166 3775 oarius
178 3705 339 3790 generalis
348 3704 525 3770 substituit.
540 3702 633 3791 (Vide
646 3703 853 3780 Leureuium,
870 3706 907 3766 dc
924 3705 1176 3784 Vtcortnnpoc„

53 3841 131 3906 cap.
156 3822 185 3897 l,
201 3837 233 3904 q.
253 3817 301 3903 3.)
318 3823 353 3885 3⁰
370 3819 581 3902 Quocumque
602 3824 712 3882 autem
728 3816 857 3881 nomine
872 3813 1012 3895 dicatur,
1030 3817 1110 3881 sisit
1124 3836 1183 3882 ve-

54 3955 115 4004 rus
126 3933 332 4012 substitutus,
348 3939 382 3999 et
396 3952 461 3997 non
473 3952 583 3999 merus
598 3932 779 4015 delegatus,
801 3928 954 3997 eumdem
964 3930 1109 3996 tribunal
1125 3930 1181 3997 ha·

54 4054 117 4120 bet
139 4060 213 4116 cnm
236 4051 363 4117 Vicario
384 4051 540 4135 generali,
560 4069 597 4115 ao
618 4046 755 4132 proinde
776 4047 874 4113 etiam
895 4065 969 4112 cum
990 4047 1147 4133 Episcopo
1170 4070 1177 4115 :

55 4175 298 4253 consequenter
312 4167 353 4233 ab
369 4186 409 4234 eo
422 4186 489 4232 non
504 4165 612 4245 datur,
627 4185 734 4250 neque
747 4163 791 4230 ad
804 4164 966 4230 vicarium
980 4165 1177 4249 generalem,

54 4288 167 4372 neque
183 4282 226 4350 ad
238 4286 432 4369 Episcopum
449 4282 633 4368 appeEatio.

102 4404 257 4485 Qumsrro
279 4401 346 4467 34⁸.
374 4436 418 4450 -
440 4405 487 4466 Aa
508 4409 537 4464 ct
558 4402 702 4482 quomodo
714 4407 804 4488 cesset
814 4400 990 4482 jurisdictio
1009 4400 1176 4477 satamon,
