2714 4980
483 329 561 374 rsus
582 328 741 375 securum.
1109 313 1168 374 ⁴61

55 477 119 542 pur
133 463 183 523 est
199 457 369 523 celeritate
384 454 489 520 omnin
512 452 685 538 expedire3
703 456 737 518 2⁰
756 453 783 518 si
801 472 865 518 non
880 450 964 517 odeo
985 453 1027 516 sit
1047 453 1080 516 in
1099 452 1174 537 iure

55 576 212 640 canonico
231 579 389 650 versatur,
419 590 480 637 nec
505 569 683 636 doctiorem
707 570 850 653 reperiat
875 570 1052 654 Episcopus
1077 588 1175 654 quem

55 690 120 775 ipsi
132 689 310 755 substituat
326 709 333 752 ε
350 694 430 752 tunc
451 687 537 750 enim
556 685 682 751 utiliter
696 684 744 749 illi
757 682 955 769 adjungetur
972 683 1111 749 Auditor
1122 683 1176 769 ju·

55 808 103 873 ris
123 805 260 888 peritus.
280 805 322 869 Et
337 822 422 888 saepe
438 803 633 887 reperietur,
649 801 706 886 qui
718 799 884 867 Auditoris
894 800 996 868 officio
1009 807 1105 885 optus
1119 801 1172 879 sit,

54 923 134 1002 licet
150 919 372 986 eumdcmnon
383 918 499 985 deceat
518 917 571 1005 (ob
586 922 899 1001 purnmproveetom
910 922 1050 995 aetctem,
1069 917 1174 982 aliove

56 1037 100 1103 de
116 1033 222 1119 causa)
237 1035 279 1100 ad
290 1036 479 1101 vicariatum
490 1033 673 1118 generalem
684 1032 880 1116 promoveri.

104 1152 258 1232 QuAEsmo
280 1155 324 1216 3¹.
349 1188 394 1199 —
416 1154 498 1231 (inici
521 1153 736 1213 obseruandum
752 1156 785 1212 in
805 1153 948 1214 mandute
964 1172 1020 1232 quo
1045 1154 1176 1217 Auditor

56 1271 235 1351 episcopatis
257 1275 347 1332 curin
370 1270 587 1331 constituitur?
613 1302 659 1317 --
684 1267 731 1332 Ne
754 1267 900 1332 oriantur
922 1267 1008 1332 circe
1030 1269 1174 1335 valorem

57 1390 192 1449 actuum
209 1402 271 1466 per
288 1381 445 1468 ejusmodi
458 1381 648 1448 Auditorem
664 1388 829 1465 gestorum
844 1381 1048 1448 difficultates
1063 1392 1097 1449 et
1113 1383 1175 1450 du·

58 1500 123 1578 bic,
144 1499 231 1566 clure
248 1501 282 1564 in
296 1498 514 1582 deputationis
532 1500 747 1564 instrumento
772 1498 1020 1582 exprimendum
1035 1508 1095 1578 est,
1114 1502 1175 1585 ipsi

59 1616 204 1681 conferri
216 1614 472 1701 jurisdictionem
486 1618 527 1678 od
537 1617 755 1696 procedendum
772 1621 927 1695 incensis,
950 1619 998 1678 vei
1015 1636 1174 1680 causamn

57 1736 199 1796 articulis
213 1739 241 1795 ei
254 1737 418 1795 commissis
422 1755 437 1812 ,·
451 1752 510 1795 uon
528 1739 626 1794 tamen
641 1734 682 1795 od
699 1733 816 1794 eosdem
834 1751 941 1794 censes
954 1736 1174 1797 sententialiter

58 1851 257 1912 dirimendas.
271 1849 361 1912 Intro
376 1845 468 1930 cujus
483 1844 626 1911 mandeti
639 1845 731 1924 fines
743 1847 768 1911 si
778 1867 848 1912 sese
861 1849 1068 1926 continuerit,
1083 1857 1173 1915 certo

58 1965 217 2030 valebunt
228 1964 449 2048 processnales
466 1970 556 2027 notus
571 1982 632 2046 per
651 1981 726 2028 eum
753 1964 836 2046 gesti
856 1984 862 2028 :
886 1982 979 2028 secus
991 1965 1017 2028 si
1031 1963 1175 2029 mundati

58 2079 143 2146 fines
155 2080 340 2146 excesserit.

103 2199 161 2263 Est
174 2206 283 2262 eutem
297 2195 480 2283 hujusmodi
491 2196 686 2262 Auditorum
700 2195 883 2282 jurisdictio
902 2214 993 2262 mere
1009 2195 1171 2282 delegato,

58 2334 125 2379 non
140 2313 312 2379 ordinario.

103 2431 311 2512 Qumsmolu.
329 2433 429 2494 -An
443 2434 480 2494 ab
490 2433 639 2516 ¹Auriitere
653 2432 742 2494 detur
757 2434 942 2512 oppettntio?
956 2468 1001 2480 -
1014 2430 1065 2497 Ad
1083 2441 1174 2499 recte

57 2547 250 2615 solvendum
266 2549 476 2633 questionem
490 2548 590 2624 illam,
604 2547 777 2631 diligenter
786 2548 1001 2631 expendenda
1015 2557 1065 2615 cst
1079 2551 1175 2617 lnuo·

59 2664 161 2730 centii
179 2665 227 2730 111
249 2662 423 2729 decretalis
449 2668 544 2746 Super
571 2670 760 2744 questionem
789 2665 855 2749 (27,
872 2666 962 2729 tituli
986 2668 1039 2736 29.
1059 2666 1134 2731 libri
1156 2670 1169 2732 l

58 2779 303 2864 decretalium).
315 2783 394 2846 Tres
405 2800 521 2863 nempe
534 2800 625 2846 casus
641 2780 686 2844 ibi
702 2779 871 2863 distinguit
883 2781 1079 2847 clarissimus
1095 2784 1176 2848 Pon·

56 2897 144 2963 tifex
170 2919 177 2962 :
207 2901 239 2961 l⁰
263 2916 372 2962 casnm
395 2917 459 2981 quo
478 2896 580 2983 judex
605 2896 699 2962 elicui
724 2897 895 2961 committit
923 2906 1016 2961 totam
1046 2917 1175 2964 causam

56 3014 316 3098 expediendcm3
337 3018 371 3078 2⁰
388 3033 497 3079 casnm
514 3033 578 3099 quo
592 3019 786 3097 principium,
799 3016 847 3076 cel
862 3015 952 3091 finem
964 3033 1067 3079 cause
1082 3014 1177 3081 dum·

54 3140 148 3199 taxat
165 3133 356 3213 committit3
376 3135 411 3196 3ο
430 3149 538 3195 casum
558 3150 622 3214 quo
645 3130 802 3195 commitit
820 3129 1023 3196 solummodo
1046 3136 1176 3196 medinm

56 3267 174 3314 cuusae.
188 3248 342 3312 Decernit
353 3255 463 3311 autem
478 3246 510 3310 in
526 3244 654 3310 duobus
671 3243 833 3328 prioribus
844 3246 969 3311 ensibus
981 3245 1052 3313 duri
1066 3248 1177 3332 appel·

56 3365 236 3431 lationem:
255 3364 288 3426 iu
299 3363 398 3427 tertio
412 3380 492 3426 vero
505 3380 581 3426 cusu
602 3382 667 3426 non
683 3359 764 3437 duri,
788 3362 848 3426 uisi
868 3382 909 3426 ex
928 3361 1051 3447 duplici
1065 3358 1172 3445 causo,

56 3498 199 3562 nempe:
222 3485 322 3562 primo
337 3476 466 3562 quondo
484 3477 529 3541 sic
546 3475 723 3560 deputatus
740 3476 822 3542 lines
846 3477 990 3543 mundati
1016 3482 1175 3565 excessit3

57 3597 186 3658 seeundo
196 3592 325 3678 quando
334 3593 452 3659 merito
466 3601 515 3658 est
529 3601 710 3675 suspectus,
727 3595 775 3658 liu
784 3594 852 3676 ipso
867 3592 1040 3659 decretalis
1052 3596 1175 3661 verbu:
1204 3597 1229 3646 ⁸

60 3714 137 3774 Cum
152 3718 373 3774 totnmcnusom
390 3710 400 3796 (
408 3707 525 3792 judex)
551 3715 710 3772 committit
733 3712 837 3789 alicui,
861 3713 908 3772 cet
924 3717 1110 3792 principium
1124 3720 1179 3775 unt

58 3829 152 3905 linem
167 3834 272 3910 ipsius,
294 3830 332 3890 nb
347 3848 380 3890 eo
392 3836 533 3908 tanquam
546 3846 565 3888 a
574 3828 679 3907 judice
696 3833 797 3906 potest
813 3828 894 3888 licite
913 3846 1083 3907 prouocare.
1103 3831 1179 3891 Cum

58 3953 160 4008 eutem
171 3947 265 4006 elicui
279 3947 410 4007 medinm
429 3951 547 4006 tontum
560 3947 731 4019 committit,
750 3944 788 4004 ab
804 3946 868 4022 ipso
885 3949 1026 4022 tanquam
1041 3945 1078 4004 ub
1090 3945 1180 4007 Audi·

60 4065 290 4141 toreprcooeori
303 4079 363 4122 non
371 4067 482 4140 potest,
497 4063 557 4121 nisi
566 4059 704 4120 mundati
716 4056 792 4132 fines
805 4058 941 4134 recedat,
960 4060 1007 4120 cet
1021 4065 1127 4121 meritc
1139 4065 1181 4123 sit

60 4184 225 4259 suspectus.

104 4295 194 4359 Hane
206 4311 284 4377 ergo
292 4291 375 4379 juris
392 4292 631 4378 dispositionem
647 4289 839 4377 applicando
857 4290 1000 4359 auditori
1015 4293 1181 4379 episcope·

59 4412 100 4478 lis
113 4410 223 4490 curie,
239 4408 413 4478 dicendum
433 4432 439 4475 :
1141 4433 1144 4439 ·
