<?xml version="1.0" encoding="UTF-8"?>
<!DOCTYPE html PUBLIC "-//W3C//DTD XHTML 1.0 Transitional//EN"
    "http://www.w3.org/TR/xhtml1/DTD/xhtml1-transitional.dtd">
<html xmlns="http://www.w3.org/1999/xhtml" xml:lang="en" lang="en">
 <head>
  <title>
</title>
<meta http-equiv="Content-Type" content="text/html;charset=utf-8" />
  <meta name='ocr-system' content='tesseract 3.04.00' />
  <meta name='ocr-capabilities' content='ocr_page ocr_carea ocr_par ocr_line ocrx_word'/>
</head>
<body>
  <div class='ocr_page' id='page_1' title='image "./tractatusdejudi00bouigoog_0523.png"; bbox 0 0 2714 4980; ppageno 0'>
   <div class='ocr_carea' id='block_1_1' title="bbox 132 308 896 373">
    <p class='ocr_par' dir='ltr' id='par_1_1' title="bbox 132 308 896 373">
     <span class='ocr_line' id='line_1_1' title="bbox 132 308 896 373; baseline -0.008 -2"><span class='ocrx_word' id='word_1_1' title='bbox 132 308 196 372; x_wconf 81' lang='lat'><strong>510</strong></span> <span class='ocrx_word' id='word_1_2' title='bbox 473 310 661 370; x_wconf 79' lang='lat' dir='ltr'><strong>rmcrlrns</strong></span> <span class='ocrx_word' id='word_1_3' title='bbox 682 323 726 369; x_wconf 84' lang='lat' dir='ltr'><strong>os</strong></span> <span class='ocrx_word' id='word_1_4' title='bbox 748 321 896 373; x_wconf 75' lang='lat' dir='ltr'><strong>consens.</strong></span> 
     </span>
    </p>
   </div>
   <div class='ocr_carea' id='block_1_2' title="bbox 125 445 1245 1576">
    <p class='ocr_par' dir='ltr' id='par_1_2' title="bbox 129 445 1239 767">
     <span class='ocr_line' id='line_1_2' title="bbox 129 445 1238 534; baseline -0.004 -18"><span class='ocrx_word' id='word_1_5' title='bbox 129 448 263 516; x_wconf 86' lang='lat' dir='ltr'><strong>lribendi</strong></span> <span class='ocrx_word' id='word_1_6' title='bbox 276 449 468 531; x_wconf 86' lang='lat' dir='ltr'><strong>necessitas;</strong></span> <span class='ocrx_word' id='word_1_7' title='bbox 485 447 645 534; x_wconf 90' lang='lat' dir='ltr'><strong>siquidem</strong></span> <span class='ocrx_word' id='word_1_8' title='bbox 658 449 705 513; x_wconf 92' lang='lat' dir='ltr'><strong>illi</strong></span> <span class='ocrx_word' id='word_1_9' title='bbox 716 447 782 513; x_wconf 91' lang='lat' dir='ltr'><strong>duo</strong></span> <span class='ocrx_word' id='word_1_10' title='bbox 799 448 863 514; x_wconf 85' lang='lat' dir='ltr'><strong>riri</strong></span> <span class='ocrx_word' id='word_1_11' title='bbox 874 447 990 512; x_wconf 90' lang='lat' dir='ltr'><strong>idonei</strong></span> <span class='ocrx_word' id='word_1_12' title='bbox 1003 447 1070 513; x_wconf 89' lang='lat' dir='ltr'><strong>hoc</strong></span> <span class='ocrx_word' id='word_1_13' title='bbox 1082 445 1179 514; x_wconf 91' lang='lat' dir='ltr'><strong>modo</strong></span> <span class='ocrx_word' id='word_1_14' title='bbox 1189 445 1238 513; x_wconf 92' lang='lat' dir='ltr'><strong>de·</strong></span> 
     </span>
     <span class='ocr_line' id='line_1_3' title="bbox 129 562 1239 650; baseline -0.003 -19"><span class='ocrx_word' id='word_1_15' title='bbox 129 567 245 650; x_wconf 83' lang='lat' dir='ltr'><strong>putati,</strong></span> <span class='ocrx_word' id='word_1_16' title='bbox 273 566 344 631; x_wconf 85' lang='lat' dir='ltr'><strong>veri</strong></span> <span class='ocrx_word' id='word_1_17' title='bbox 364 566 480 629; x_wconf 90' lang='lat' dir='ltr'><strong>notarii</strong></span> <span class='ocrx_word' id='word_1_18' title='bbox 505 572 580 630; x_wconf 91' lang='lat' dir='ltr'><strong>sunt</strong></span> <span class='ocrx_word' id='word_1_19' title='bbox 606 571 640 630; x_wconf 90' lang='lat' dir='ltr'><strong>et</strong></span> <span class='ocrx_word' id='word_1_20' title='bbox 666 565 927 642; x_wconf 88' lang='lat' dir='ltr'><strong>constituuntur,</strong></span> <span class='ocrx_word' id='word_1_21' title='bbox 958 562 1072 649; x_wconf 88' lang='lat' dir='ltr'><strong>quoad</strong></span> <span class='ocrx_word' id='word_1_22' title='bbox 1094 562 1239 649; x_wconf 88' lang='lat' dir='ltr'><strong>judicium</strong></span> 
     </span>
     <span class='ocr_line' id='line_1_4' title="bbox 130 680 620 767; baseline -0.008 -18"><span class='ocrx_word' id='word_1_23' title='bbox 130 682 211 749; x_wconf 91' lang='lat' dir='ltr'><strong>illud</strong></span> <span class='ocrx_word' id='word_1_24' title='bbox 226 684 260 748; x_wconf 92' lang='lat' dir='ltr'><strong>in</strong></span> <span class='ocrx_word' id='word_1_25' title='bbox 274 701 340 767; x_wconf 91' lang='lat' dir='ltr'><strong>quo</strong></span> <span class='ocrx_word' id='word_1_26' title='bbox 358 683 404 747; x_wconf 89' lang='lat' dir='ltr'><strong>sic</strong></span> <span class='ocrx_word' id='word_1_27' title='bbox 415 680 620 747; x_wconf 80' lang='lat' dir='ltr'><strong>adhibentur.</strong></span> 
     </span>
    </p>

    <p class='ocr_par' dir='ltr' id='par_1_3' title="bbox 125 795 1245 1576">
     <span class='ocr_line' id='line_1_5' title="bbox 174 795 1241 882; baseline -0.003 -19"><span class='ocrx_word' id='word_1_28' title='bbox 174 797 232 863; x_wconf 93' lang='lat' dir='ltr'><strong>llla</strong></span> <span class='ocrx_word' id='word_1_29' title='bbox 254 816 334 863; x_wconf 83' lang='lat' dir='ltr'><strong>uero</strong></span> <span class='ocrx_word' id='word_1_30' title='bbox 358 796 440 882; x_wconf 86' lang='lat' dir='ltr'><strong>juris</strong></span> <span class='ocrx_word' id='word_1_31' title='bbox 465 797 610 861; x_wconf 88' lang='lat' dir='ltr'><strong>canonici</strong></span> <span class='ocrx_word' id='word_1_32' title='bbox 638 795 804 880; x_wconf 82' lang='lat' dir='ltr'><strong>dispositio</strong></span> <span class='ocrx_word' id='word_1_33' title='bbox 838 795 1018 863; x_wconf 86' lang='lat' dir='ltr'><strong>hodiedum</strong></span> <span class='ocrx_word' id='word_1_34' title='bbox 1043 797 1157 880; x_wconf 82' lang='lat' dir='ltr'><strong>rigere</strong></span> <span class='ocrx_word' id='word_1_35' title='bbox 1175 815 1241 861; x_wconf 88' lang='lat' dir='ltr'><strong>oen·</strong></span> 
     </span>
     <span class='ocr_line' id='line_1_6' title="bbox 129 913 1240 997; baseline 0 -19"><span class='ocrx_word' id='word_1_36' title='bbox 129 913 231 979; x_wconf 90' lang='lat' dir='ltr'><strong>senda</strong></span> <span class='ocrx_word' id='word_1_37' title='bbox 245 921 313 997; x_wconf 83' lang='lat' dir='ltr'><strong>est3</strong></span> <span class='ocrx_word' id='word_1_38' title='bbox 332 933 406 978; x_wconf 89' lang='lat' dir='ltr'><strong>cum</strong></span> <span class='ocrx_word' id='word_1_39' title='bbox 422 933 482 978; x_wconf 90' lang='lat' dir='ltr'><strong>nec</strong></span> <span class='ocrx_word' id='word_1_40' title='bbox 504 914 571 978; x_wconf 89' lang='lat' dir='ltr'><strong>ulla</strong></span> <span class='ocrx_word' id='word_1_41' title='bbox 585 913 757 997; x_wconf 84' lang='lat' dir='ltr'><strong>posteriori</strong></span> <span class='ocrx_word' id='word_1_42' title='bbox 771 913 856 996; x_wconf 85' lang='lat' dir='ltr'><strong>lege,</strong></span> <span class='ocrx_word' id='word_1_43' title='bbox 875 931 937 977; x_wconf 92' lang='lat' dir='ltr'><strong>nec</strong></span> <span class='ocrx_word' id='word_1_44' title='bbox 957 914 1129 978; x_wconf 88' lang='lat' dir='ltr'><strong>contraria</strong></span> <span class='ocrx_word' id='word_1_45' title='bbox 1147 921 1181 978; x_wconf 88' lang='lat' dir='ltr'><strong>et</strong></span> <span class='ocrx_word' id='word_1_46' title='bbox 1193 932 1240 996; x_wconf 76' lang='lat' dir='ltr'><strong>ga</strong></span> 
     </span>
     <span class='ocr_line' id='line_1_7' title="bbox 129 1027 1239 1111; baseline -0.001 -17"><span class='ocrx_word' id='word_1_47' title='bbox 129 1031 231 1096; x_wconf 91' lang='lat' dir='ltr'><strong>neruli</strong></span> <span class='ocrx_word' id='word_1_48' title='bbox 253 1029 488 1096; x_wconf 89' lang='lat' dir='ltr'><strong>consuetudine</strong></span> <span class='ocrx_word' id='word_1_49' title='bbox 518 1028 645 1094; x_wconf 89' lang='lat' dir='ltr'><strong>sublata</strong></span> <span class='ocrx_word' id='word_1_50' title='bbox 663 1027 729 1093; x_wconf 93' lang='lat' dir='ltr'><strong>dici</strong></span> <span class='ocrx_word' id='word_1_51' title='bbox 750 1029 861 1111; x_wconf 87' lang='lat' dir='ltr'><strong>possit.</strong></span> <span class='ocrx_word' id='word_1_52' title='bbox 890 1027 988 1094; x_wconf 87' lang='lat' dir='ltr'><strong>Unde</strong></span> <span class='ocrx_word' id='word_1_53' title='bbox 1014 1029 1194 1093; x_wconf 89' lang='lat' dir='ltr'><strong>etiamnum</strong></span> <span class='ocrx_word' id='word_1_54' title='bbox 1213 1030 1239 1093; x_wconf 93' lang='lat' dir='ltr'><strong>in</strong></span> 
     </span>
     <span class='ocr_line' id='line_1_8' title="bbox 126 1121 1245 1230; baseline -0.002 -18"><span class='ocrx_word' id='word_1_55' title='bbox 126 1145 268 1230; x_wconf 80' lang='lat' dir='ltr'><strong>judiciis,</strong></span> <span class='ocrx_word' id='word_1_56' title='bbox 284 1166 349 1212; x_wconf 96' lang='lat' dir='ltr'><strong>non</strong></span> <span class='ocrx_word' id='word_1_57' title='bbox 367 1153 494 1211; x_wconf 90' lang='lat' dir='ltr'><strong>tantum</strong></span> <span class='ocrx_word' id='word_1_58' title='bbox 511 1144 691 1221; x_wconf 89' lang='lat' dir='ltr'><strong>ordinariis,</strong></span> <span class='ocrx_word' id='word_1_59' title='bbox 714 1144 820 1210; x_wconf 85' lang='lat' dir='ltr'><strong>sedet</strong></span> <span class='ocrx_word' id='word_1_60' title='bbox 836 1121 1034 1224; x_wconf 85' lang='lat' dir='ltr'><strong>summariis,</strong></span> <span class='ocrx_word' id='word_1_61' title='bbox 1053 1151 1188 1211; x_wconf 89' lang='lat' dir='ltr'><strong>tenetur</strong></span> <span class='ocrx_word' id='word_1_62' title='bbox 1204 1143 1245 1210; x_wconf 86' lang='lat' dir='ltr'><strong>de·</strong></span> 
     </span>
     <span class='ocr_line' id='line_1_9' title="bbox 125 1261 1238 1346; baseline 0.001 -20"><span class='ocrx_word' id='word_1_63' title='bbox 125 1261 200 1346; x_wconf 88' lang='lat' dir='ltr'><strong>jure</strong></span> <span class='ocrx_word' id='word_1_64' title='bbox 212 1263 373 1328; x_wconf 87' lang='lat' dir='ltr'><strong>communi</strong></span> <span class='ocrx_word' id='word_1_65' title='bbox 384 1261 486 1346; x_wconf 81' lang='lat' dir='ltr'><strong>judex</strong></span> <span class='ocrx_word' id='word_1_66' title='bbox 505 1261 742 1326; x_wconf 87' lang='lat' dir='ltr'><strong>ecclesiasticus</strong></span> <span class='ocrx_word' id='word_1_67' title='bbox 754 1263 918 1326; x_wconf 90' lang='lat' dir='ltr'><strong>notarium</strong></span> <span class='ocrx_word' id='word_1_68' title='bbox 935 1263 1006 1327; x_wconf 81' lang='lat' dir='ltr'><strong>sive</strong></span> <span class='ocrx_word' id='word_1_69' title='bbox 1020 1263 1238 1327; x_wconf 84' lang='lat' dir='ltr'><strong>cancellarium</strong></span> 
     </span>
     <span class='ocr_line' id='line_1_10' title="bbox 128 1376 1236 1463; baseline 0.002 -20"><span class='ocrx_word' id='word_1_70' title='bbox 128 1377 303 1462; x_wconf 89' lang='lat' dir='ltr'><strong>adhibere;</strong></span> <span class='ocrx_word' id='word_1_71' title='bbox 319 1387 385 1455; x_wconf 85' lang='lat' dir='ltr'><strong>aut,</strong></span> <span class='ocrx_word' id='word_1_72' title='bbox 404 1379 441 1442; x_wconf 91' lang='lat' dir='ltr'><strong>iis</strong></span> <span class='ocrx_word' id='word_1_73' title='bbox 456 1376 695 1456; x_wconf 85' lang='lat' dir='ltr'><strong>deficientibus,</strong></span> <span class='ocrx_word' id='word_1_74' title='bbox 714 1378 797 1444; x_wconf 91' lang='lat' dir='ltr'><strong>duos</strong></span> <span class='ocrx_word' id='word_1_75' title='bbox 824 1380 910 1444; x_wconf 79' lang='lat' dir='ltr'><strong>viros</strong></span> <span class='ocrx_word' id='word_1_76' title='bbox 931 1377 1074 1445; x_wconf 90' lang='lat' dir='ltr'><strong>idoneos</strong></span> <span class='ocrx_word' id='word_1_77' title='bbox 1088 1382 1146 1463; x_wconf 93' lang='lat' dir='ltr'><strong>qui</strong></span> <span class='ocrx_word' id='word_1_78' title='bbox 1160 1387 1236 1445; x_wconf 86' lang='lat' dir='ltr'><strong>nota·</strong></span> 
     </span>
     <span class='ocr_line' id='line_1_11' title="bbox 128 1493 496 1576; baseline -0.005 -18"><span class='ocrx_word' id='word_1_79' title='bbox 128 1495 170 1559; x_wconf 92' lang='lat' dir='ltr'><strong>rii</strong></span> <span class='ocrx_word' id='word_1_80' title='bbox 180 1493 316 1560; x_wconf 88' lang='lat' dir='ltr'><strong>officium</strong></span> <span class='ocrx_word' id='word_1_81' title='bbox 332 1494 496 1576; x_wconf 81' lang='lat' dir='ltr'><strong>expleant.</strong></span> 
     </span>
    </p>
   </div>
   <div class='ocr_carea' id='block_1_3' title="bbox 649 1747 718 1821">
    <p class='ocr_par' dir='ltr' id='par_1_4' title="bbox 649 1747 718 1821">
     <span class='ocr_line' id='line_1_12' title="bbox 649 1747 718 1821; baseline -0.058 -11"><span class='ocrx_word' id='word_1_82' title='bbox 649 1747 718 1821; x_wconf 65' lang='lat' dir='ltr'><strong>il.</strong></span> 
     </span>
    </p>
   </div>
   <div class='ocr_carea' id='block_1_4' title="bbox 277 1963 1086 2026">
    <p class='ocr_par' dir='ltr' id='par_1_5' title="bbox 277 1963 1086 2026">
     <span class='ocr_line' id='line_1_13' title="bbox 277 1963 1086 2026; baseline 0.005 -14"><span class='ocrx_word' id='word_1_83' title='bbox 277 1967 309 2013; x_wconf 81' lang='lat' dir='ltr'><strong>lle</strong></span> <span class='ocrx_word' id='word_1_84' title='bbox 324 1967 467 2015; x_wconf 80' lang='lat' dir='ltr'><strong>solemnitate</strong></span> <span class='ocrx_word' id='word_1_85' title='bbox 476 1967 601 2026; x_wconf 82' lang='lat' dir='ltr'><strong>juramenti</strong></span> <span class='ocrx_word' id='word_1_86' title='bbox 612 1963 635 2013; x_wconf 95' lang='lat' dir='ltr'><strong>ln</strong></span> <span class='ocrx_word' id='word_1_87' title='bbox 645 1964 752 2015; x_wconf 81' lang='lat' dir='ltr'><strong>creandis</strong></span> <span class='ocrx_word' id='word_1_88' title='bbox 768 1966 865 2015; x_wconf 79' lang='lat' dir='ltr'><strong>notariis</strong></span> <span class='ocrx_word' id='word_1_89' title='bbox 880 1965 988 2016; x_wconf 84' lang='lat' dir='ltr'><strong>adhiberi</strong></span> <span class='ocrx_word' id='word_1_90' title='bbox 1004 1968 1086 2017; x_wconf 81' lang='lat' dir='ltr'><strong>solita.</strong></span> 
     </span>
    </p>
   </div>
   <div class='ocr_carea' id='block_1_5' title="bbox 125 2196 1231 2512">
    <p class='ocr_par' dir='ltr' id='par_1_6' title="bbox 125 2196 1231 2512">
     <span class='ocr_line' id='line_1_14' title="bbox 166 2196 1230 2278; baseline -0.004 -16"><span class='ocrx_word' id='word_1_91' title='bbox 166 2199 192 2262; x_wconf 87' lang='grc' dir='ltr'><strong>Ι.</strong></span> <span class='ocrx_word' id='word_1_92' title='bbox 224 2200 305 2278; x_wconf 82' lang='lat' dir='ltr'><strong>(laid</strong></span> <span class='ocrx_word' id='word_1_93' title='bbox 330 2202 439 2278; x_wconf 82' lang='lat' dir='ltr'><strong>jurare</strong></span> <span class='ocrx_word' id='word_1_94' title='bbox 466 2197 560 2260; x_wconf 79' lang='lat' dir='ltr'><strong>soleat</strong></span> <span class='ocrx_word' id='word_1_95' title='bbox 590 2203 729 2260; x_wconf 78' lang='lat' dir='ltr'><strong>notarius</strong></span> <span class='ocrx_word' id='word_1_96' title='bbox 759 2215 827 2259; x_wconf 80' lang='lat' dir='ltr'><strong>carm</strong></span> <span class='ocrx_word' id='word_1_97' title='bbox 842 2203 974 2259; x_wconf 79' lang='lat' dir='ltr'><strong>creator.</strong></span> <span class='ocrx_word' id='word_1_98' title='bbox 993 2232 1043 2245; x_wconf 83' lang='lat'>-</span> <span class='ocrx_word' id='word_1_99' title='bbox 1063 2196 1230 2262; x_wconf 78' lang='lat' dir='ltr'><strong>«Notarius</strong></span> 
     </span>
     <span class='ocr_line' id='line_1_15' title="bbox 125 2310 1231 2397; baseline 0.001 -21"><span class='ocrx_word' id='word_1_100' title='bbox 125 2331 235 2377; x_wconf 84' lang='lat' dir='ltr'><strong>acum</strong></span> <span class='ocrx_word' id='word_1_101' title='bbox 261 2319 391 2378; x_wconf 87' lang='lat' dir='ltr'><strong>creatur</strong></span> <span class='ocrx_word' id='word_1_102' title='bbox 413 2310 524 2395; x_wconf 84' lang='lat' dir='ltr'><strong>jurare</strong></span> <span class='ocrx_word' id='word_1_103' title='bbox 551 2311 660 2376; x_wconf 86' lang='lat' dir='ltr'><strong>solet:</strong></span> <span class='ocrx_word' id='word_1_104' title='bbox 684 2319 794 2394; x_wconf 76' lang='lat' dir='ltr'><strong>primo,</strong></span> <span class='ocrx_word' id='word_1_105' title='bbox 829 2311 918 2397; x_wconf 93' lang='lat' dir='ltr'><strong>quod</strong></span> <span class='ocrx_word' id='word_1_106' title='bbox 948 2311 1107 2378; x_wconf 89' lang='lat' dir='ltr'><strong>conficiet</strong></span> <span class='ocrx_word' id='word_1_107' title='bbox 1132 2313 1231 2377; x_wconf 82' lang='lat' dir='ltr'><strong>instra</strong></span> 
     </span>
     <span class='ocr_line' id='line_1_16' title="bbox 125 2425 1230 2512; baseline 0.004 -26"><span class='ocrx_word' id='word_1_108' title='bbox 125 2451 141 2491; x_wconf 86' lang='lat' dir='ltr'><strong>a</strong></span> <span class='ocrx_word' id='word_1_109' title='bbox 162 2433 272 2492; x_wconf 89' lang='lat' dir='ltr'><strong>menta</strong></span> <span class='ocrx_word' id='word_1_110' title='bbox 291 2426 332 2492; x_wconf 95' lang='lat' dir='ltr'><strong>de</strong></span> <span class='ocrx_word' id='word_1_111' title='bbox 352 2427 468 2512; x_wconf 92' lang='lat' dir='ltr'><strong>quibus</strong></span> <span class='ocrx_word' id='word_1_112' title='bbox 486 2427 592 2492; x_wconf 63' lang='lat' dir='ltr'><strong>luerit⁴</strong></span> <span class='ocrx_word' id='word_1_113' title='bbox 611 2435 753 2511; x_wconf 81' lang='lat' dir='ltr'><strong>rogatus,</strong></span> <span class='ocrx_word' id='word_1_114' title='bbox 780 2428 825 2492; x_wconf 94' lang='lat' dir='ltr'><strong>nil</strong></span> <span class='ocrx_word' id='word_1_115' title='bbox 849 2428 998 2494; x_wconf 84' lang='lat' dir='ltr'><strong>veritatis</strong></span> <span class='ocrx_word' id='word_1_116' title='bbox 1020 2430 1172 2506; x_wconf 88' lang='lat' dir='ltr'><strong>tacendo,</strong></span> <span class='ocrx_word' id='word_1_117' title='bbox 1189 2425 1230 2491; x_wconf 86' lang='lat' dir='ltr'><strong>rel</strong></span> 
     </span>
    </p>
   </div>
   <div class='ocr_carea' id='block_1_6' title="bbox 124 2540 1229 2740">
    <p class='ocr_par' dir='ltr' id='par_1_7' title="bbox 124 2540 1229 2740">
     <span class='ocr_line' id='line_1_17' title="bbox 124 2540 1229 2630; baseline -0.002 -24"><span class='ocrx_word' id='word_1_118' title='bbox 124 2542 305 2608; x_wconf 76' lang='lat' dir='ltr'><strong>«falsitatis</strong></span> <span class='ocrx_word' id='word_1_119' title='bbox 325 2541 511 2626; x_wconf 90' lang='lat' dir='ltr'><strong>miscendo;</strong></span> <span class='ocrx_word' id='word_1_120' title='bbox 528 2547 665 2621; x_wconf 68' lang='lat' dir='ltr'><strong>amodo,</strong></span> <span class='ocrx_word' id='word_1_121' title='bbox 694 2542 782 2628; x_wconf 93' lang='lat' dir='ltr'><strong>quod</strong></span> <span class='ocrx_word' id='word_1_122' title='bbox 803 2563 867 2608; x_wconf 93' lang='lat' dir='ltr'><strong>non</strong></span> <span class='ocrx_word' id='word_1_123' title='bbox 890 2544 1058 2610; x_wconf 81' lang='lat' dir='ltr'><strong>revelabit</strong></span> <span class='ocrx_word' id='word_1_124' title='bbox 1076 2540 1166 2630; x_wconf 88' lang='lat' dir='ltr'><strong>qnod</strong></span> <span class='ocrx_word' id='word_1_125' title='bbox 1182 2542 1229 2607; x_wconf 90' lang='lat' dir='ltr'><strong>sibi</strong></span> 
     </span>
     <span class='ocr_line' id='line_1_18' title="bbox 124 2650 1229 2740; baseline 0.001 -25"><span class='ocrx_word' id='word_1_126' title='bbox 124 2677 140 2716; x_wconf 84' lang='lat' dir='ltr'><strong>a</strong></span> <span class='ocrx_word' id='word_1_127' title='bbox 159 2661 285 2720; x_wconf 89' lang='lat' dir='ltr'><strong>secreto</strong></span> <span class='ocrx_word' id='word_1_128' title='bbox 299 2654 504 2718; x_wconf 91' lang='lat' dir='ltr'><strong>commissum</strong></span> <span class='ocrx_word' id='word_1_129' title='bbox 524 2653 636 2733; x_wconf 85' lang='lat' dir='ltr'><strong>fuerit,</strong></span> <span class='ocrx_word' id='word_1_130' title='bbox 654 2655 714 2719; x_wconf 91' lang='lat' dir='ltr'><strong>nisi</strong></span> <span class='ocrx_word' id='word_1_131' title='bbox 728 2654 815 2740; x_wconf 88' lang='lat' dir='ltr'><strong>justa</strong></span> <span class='ocrx_word' id='word_1_132' title='bbox 828 2654 870 2721; x_wconf 93' lang='lat' dir='ltr'><strong>de</strong></span> <span class='ocrx_word' id='word_1_133' title='bbox 881 2650 986 2721; x_wconf 86' lang='lat' dir='ltr'><strong>¹causa</strong></span> <span class='ocrx_word' id='word_1_134' title='bbox 1001 2678 1010 2740; x_wconf 84' lang='lat'>3</span> <span class='ocrx_word' id='word_1_135' title='bbox 1029 2663 1133 2734; x_wconf 84' lang='lat' dir='ltr'><strong>tertio,</strong></span> <span class='ocrx_word' id='word_1_136' title='bbox 1156 2651 1229 2739; x_wconf 90' lang='lat' dir='ltr'><strong>quod</strong></span> 
     </span>
    </p>
   </div>
   <div class='ocr_carea' id='block_1_7' title="bbox 121 2769 1229 3552">
    <p class='ocr_par' dir='ltr' id='par_1_8' title="bbox 121 2769 1229 3552">
     <span class='ocr_line' id='line_1_19' title="bbox 124 2769 1229 2854; baseline 0.001 -25"><span class='ocrx_word' id='word_1_137' title='bbox 124 2793 140 2832; x_wconf 86' lang='lat' dir='ltr'><strong>a</strong></span> <span class='ocrx_word' id='word_1_138' title='bbox 161 2789 226 2836; x_wconf 92' lang='lat' dir='ltr'><strong>non</strong></span> <span class='ocrx_word' id='word_1_139' title='bbox 242 2769 390 2836; x_wconf 86' lang='lat' dir='ltr'><strong>conticiet</strong></span> <span class='ocrx_word' id='word_1_140' title='bbox 420 2770 561 2845; x_wconf 87' lang='lat' dir='ltr'><strong>scienter</strong></span> <span class='ocrx_word' id='word_1_141' title='bbox 584 2769 714 2854; x_wconf 88' lang='lat' dir='ltr'><strong>aliquod</strong></span> <span class='ocrx_word' id='word_1_142' title='bbox 731 2770 983 2836; x_wconf 85' lang='lat' dir='ltr'><strong>instrumentum</strong></span> <span class='ocrx_word' id='word_1_143' title='bbox 1006 2769 1051 2837; x_wconf 90' lang='lat' dir='ltr'><strong>de</strong></span> <span class='ocrx_word' id='word_1_144' title='bbox 1073 2775 1229 2836; x_wconf 87' lang='lat' dir='ltr'><strong>contracta</strong></span> 
     </span>
     <span class='ocr_line' id='line_1_20' title="bbox 124 2866 1229 2971; baseline 0.005 -25"><span class='ocrx_word' id='word_1_145' title='bbox 124 2866 144 2948; x_wconf 82' lang='lat' dir='ltr'><strong>a¹</strong></span> <span class='ocrx_word' id='word_1_146' title='bbox 161 2886 320 2963; x_wconf 87' lang='lat' dir='ltr'><strong>usurario,</strong></span> <span class='ocrx_word' id='word_1_147' title='bbox 343 2904 405 2951; x_wconf 89' lang='lat' dir='ltr'><strong>nec</strong></span> <span class='ocrx_word' id='word_1_148' title='bbox 421 2884 461 2949; x_wconf 93' lang='lat' dir='ltr'><strong>de</strong></span> <span class='ocrx_word' id='word_1_149' title='bbox 478 2886 541 2952; x_wconf 90' lang='lat' dir='ltr'><strong>alio</strong></span> <span class='ocrx_word' id='word_1_150' title='bbox 557 2887 672 2971; x_wconf 91' lang='lat' dir='ltr'><strong>quovis</strong></span> <span class='ocrx_word' id='word_1_151' title='bbox 688 2886 817 2969; x_wconf 87' lang='lat' dir='ltr'><strong>illicito;</strong></span> <span class='ocrx_word' id='word_1_152' title='bbox 835 2895 955 2968; x_wconf 80' lang='lat' dir='ltr'><strong>quarto,</strong></span> <span class='ocrx_word' id='word_1_153' title='bbox 978 2886 1071 2971; x_wconf 92' lang='lat' dir='ltr'><strong>quod</strong></span> <span class='ocrx_word' id='word_1_154' title='bbox 1088 2884 1229 2953; x_wconf 84' lang='lat' dir='ltr'><strong>retinebit</strong></span> 
     </span>
     <span class='ocr_line' id='line_1_21' title="bbox 122 3000 1227 3086; baseline -0.002 -22"><span class='ocrx_word' id='word_1_155' title='bbox 122 3024 139 3064; x_wconf 81' lang='lat' dir='ltr'><strong>a</strong></span> <span class='ocrx_word' id='word_1_156' title='bbox 157 3001 199 3067; x_wconf 92' lang='lat' dir='ltr'><strong>de</strong></span> <span class='ocrx_word' id='word_1_157' title='bbox 215 3001 363 3066; x_wconf 91' lang='lat' dir='ltr'><strong>omnibus</strong></span> <span class='ocrx_word' id='word_1_158' title='bbox 378 3001 642 3065; x_wconf 80' lang='lat' dir='ltr'><strong>instrumentis..</strong></span> <span class='ocrx_word' id='word_1_159' title='bbox 661 3020 732 3085; x_wconf 78' lang='lat' dir='ltr'><strong>que</strong></span> <span class='ocrx_word' id='word_1_160' title='bbox 749 3000 880 3067; x_wconf 90' lang='lat' dir='ltr'><strong>dederit</strong></span> <span class='ocrx_word' id='word_1_161' title='bbox 897 3009 1066 3086; x_wconf 83' lang='lat' dir='ltr'><strong>regestum</strong></span> <span class='ocrx_word' id='word_1_162' title='bbox 1090 3021 1149 3068; x_wconf 89' lang='lat' dir='ltr'><strong>seu</strong></span> <span class='ocrx_word' id='word_1_163' title='bbox 1167 3018 1227 3084; x_wconf 87' lang='lat' dir='ltr'><strong>pro</strong></span> 
     </span>
     <span class='ocr_line' id='line_1_22' title="bbox 123 3116 1227 3201; baseline 0.001 -25"><span class='ocrx_word' id='word_1_164' title='bbox 123 3141 139 3179; x_wconf 77' lang='lat' dir='ltr'><strong>a</strong></span> <span class='ocrx_word' id='word_1_165' title='bbox 157 3118 328 3200; x_wconf 79' lang='lat' dir='ltr'><strong>torollum3</strong></span> <span class='ocrx_word' id='word_1_166' title='bbox 347 3123 461 3199; x_wconf 76' lang='lat' dir='ltr'><strong>potato,</strong></span> <span class='ocrx_word' id='word_1_167' title='bbox 480 3116 568 3200; x_wconf 91' lang='lat' dir='ltr'><strong>quod</strong></span> <span class='ocrx_word' id='word_1_168' title='bbox 585 3118 647 3181; x_wconf 89' lang='lat' dir='ltr'><strong>erit</strong></span> <span class='ocrx_word' id='word_1_169' title='bbox 661 3116 768 3182; x_wconf 90' lang='lat' dir='ltr'><strong>fidelis</strong></span> <span class='ocrx_word' id='word_1_170' title='bbox 785 3118 815 3181; x_wconf 93' lang='lat' dir='ltr'><strong>ei</strong></span> <span class='ocrx_word' id='word_1_171' title='bbox 835 3135 933 3201; x_wconf 91' lang='lat' dir='ltr'><strong>aquo</strong></span> <span class='ocrx_word' id='word_1_172' title='bbox 954 3117 1019 3182; x_wconf 86' lang='lat' dir='ltr'><strong>fuit</strong></span> <span class='ocrx_word' id='word_1_173' title='bbox 1036 3126 1167 3184; x_wconf 90' lang='lat' dir='ltr'><strong>creatus</strong></span> <span class='ocrx_word' id='word_1_174' title='bbox 1183 3134 1227 3180; x_wconf 88' lang='lat' dir='ltr'><strong>no</strong></span> 
     </span>
     <span class='ocr_line' id='line_1_23' title="bbox 123 3232 1227 3319; baseline 0.003 -26"><span class='ocrx_word' id='word_1_175' title='bbox 123 3256 139 3295; x_wconf 82' lang='lat' dir='ltr'><strong>a</strong></span> <span class='ocrx_word' id='word_1_176' title='bbox 159 3235 271 3312; x_wconf 89' lang='lat' dir='ltr'><strong>tarius,</strong></span> <span class='ocrx_word' id='word_1_177' title='bbox 295 3239 329 3298; x_wconf 89' lang='lat' dir='ltr'><strong>et</strong></span> <span class='ocrx_word' id='word_1_178' title='bbox 345 3233 533 3299; x_wconf 88' lang='lat' dir='ltr'><strong>admonebit</strong></span> <span class='ocrx_word' id='word_1_179' title='bbox 551 3253 626 3298; x_wconf 90' lang='lat' dir='ltr'><strong>eum</strong></span> <span class='ocrx_word' id='word_1_180' title='bbox 642 3232 685 3298; x_wconf 92' lang='lat' dir='ltr'><strong>de</strong></span> <span class='ocrx_word' id='word_1_181' title='bbox 705 3235 744 3298; x_wconf 90' lang='lat' dir='ltr'><strong>iis</strong></span> <span class='ocrx_word' id='word_1_182' title='bbox 762 3253 832 3318; x_wconf 87' lang='lat' dir='ltr'><strong>quae</strong></span> <span class='ocrx_word' id='word_1_183' title='bbox 850 3234 983 3300; x_wconf 76' lang='lat' dir='ltr'><strong>sciverit</strong></span> <span class='ocrx_word' id='word_1_184' title='bbox 1001 3234 1035 3298; x_wconf 93' lang='lat' dir='ltr'><strong>in</strong></span> <span class='ocrx_word' id='word_1_185' title='bbox 1056 3233 1131 3319; x_wconf 87' lang='lat' dir='ltr'><strong>ejus</strong></span> <span class='ocrx_word' id='word_1_186' title='bbox 1150 3234 1227 3300; x_wconf 91' lang='lat' dir='ltr'><strong>dam·</strong></span> 
     </span>
     <span class='ocr_line' id='line_1_24' title="bbox 121 3349 1227 3435; baseline 0.002 -25"><span class='ocrx_word' id='word_1_187' title='bbox 121 3372 138 3410; x_wconf 79' lang='lat' dir='ltr'><strong>a</strong></span> <span class='ocrx_word' id='word_1_188' title='bbox 159 3368 237 3413; x_wconf 91' lang='lat' dir='ltr'><strong>num</strong></span> <span class='ocrx_word' id='word_1_189' title='bbox 261 3369 416 3434; x_wconf 82' lang='lat' dir='ltr'><strong>vergere;</strong></span> <span class='ocrx_word' id='word_1_190' title='bbox 434 3359 529 3431; x_wconf 77' lang='lat' dir='ltr'><strong>sexto,</strong></span> <span class='ocrx_word' id='word_1_191' title='bbox 553 3350 643 3435; x_wconf 93' lang='lat' dir='ltr'><strong>quod</strong></span> <span class='ocrx_word' id='word_1_192' title='bbox 663 3352 754 3416; x_wconf 88' lang='lat' dir='ltr'><strong>nullo</strong></span> <span class='ocrx_word' id='word_1_193' title='bbox 776 3350 852 3416; x_wconf 92' lang='lat' dir='ltr'><strong>odio</strong></span> <span class='ocrx_word' id='word_1_194' title='bbox 873 3351 927 3415; x_wconf 84' lang='lat' dir='ltr'><strong>rel</strong></span> <span class='ocrx_word' id='word_1_195' title='bbox 950 3369 1075 3428; x_wconf 88' lang='lat' dir='ltr'><strong>amore,</strong></span> <span class='ocrx_word' id='word_1_196' title='bbox 1106 3370 1162 3434; x_wconf 89' lang='lat' dir='ltr'><strong>spe</strong></span> <span class='ocrx_word' id='word_1_197' title='bbox 1181 3349 1227 3415; x_wconf 81' lang='lat' dir='ltr'><strong>rel</strong></span> 
     </span>
     <span class='ocr_line' id='line_1_25' title="bbox 122 3458 1224 3552; baseline 0.004 -26"><span class='ocrx_word' id='word_1_198' title='bbox 122 3488 139 3526; x_wconf 81' lang='lat' dir='ltr'><strong>a</strong></span> <span class='ocrx_word' id='word_1_199' title='bbox 156 3468 272 3532; x_wconf 89' lang='lat' dir='ltr'><strong>timore</strong></span> <span class='ocrx_word' id='word_1_200' title='bbox 288 3466 389 3532; x_wconf 87' lang='lat' dir='ltr'><strong>officio</strong></span> <span class='ocrx_word' id='word_1_201' title='bbox 405 3487 463 3532; x_wconf 89' lang='lat' dir='ltr'><strong>suo</strong></span> <span class='ocrx_word' id='word_1_202' title='bbox 482 3467 679 3531; x_wconf 87' lang='lat' dir='ltr'><strong>abutetur.»</strong></span> <span class='ocrx_word' id='word_1_203' title='bbox 698 3467 864 3552; x_wconf 80' lang='lat' dir='ltr'><strong>(Ferraria,</strong></span> <span class='ocrx_word' id='word_1_204' title='bbox 876 3458 1059 3533; x_wconf 62' lang='lat' dir='ltr'><strong>ad&#39;vocem</strong></span> <span class='ocrx_word' id='word_1_205' title='bbox 1080 3473 1224 3542; x_wconf 71' lang='lat' dir='ltr'><strong>Naroma,</strong></span> 
     </span>
    </p>
   </div>
   <div class='ocr_carea' id='block_1_8' title="bbox 12 3581 1227 3681">
    <p class='ocr_par' dir='ltr' id='par_1_9' title="bbox 12 3581 1227 3681">
     <span class='ocr_line' id='line_1_26' title="bbox 12 3581 1227 3681; baseline -0.001 -37"><span class='ocrx_word' id='word_1_206' title='bbox 12 3675 15 3681; x_wconf 21' lang='grc' dir='ltr'>Ι</span> <span class='ocrx_word' id='word_1_207' title='bbox 118 3600 151 3646; x_wconf 86' lang='lat' dir='ltr'><strong>n.</strong></span> <span class='ocrx_word' id='word_1_208' title='bbox 177 3581 220 3666; x_wconf 84' lang='lat' dir='ltr'><strong>t.)</strong></span> <span class='ocrx_word' id='word_1_209' title='bbox 236 3583 396 3647; x_wconf 84' lang='lat' dir='ltr'><strong>Consonat</strong></span> <span class='ocrx_word' id='word_1_210' title='bbox 408 3584 577 3665; x_wconf 84' lang='lat' dir='ltr'><strong>Fagnanus</strong></span> <span class='ocrx_word' id='word_1_211' title='bbox 593 3601 666 3646; x_wconf 88' lang='lat' dir='ltr'><strong>cum</strong></span> <span class='ocrx_word' id='word_1_212' title='bbox 685 3583 795 3648; x_wconf 92' lang='lat' dir='ltr'><strong>multis</strong></span> <span class='ocrx_word' id='word_1_213' title='bbox 807 3582 876 3677; x_wconf 86' lang='lat' dir='ltr'><strong>aliis</strong></span> <span class='ocrx_word' id='word_1_214' title='bbox 888 3583 1064 3648; x_wconf 88' lang='lat' dir='ltr'><strong>canonistis</strong></span> <span class='ocrx_word' id='word_1_215' title='bbox 1081 3584 1127 3670; x_wconf 93' lang='lat' dir='ltr'><strong>(in</strong></span> <span class='ocrx_word' id='word_1_216' title='bbox 1140 3589 1227 3666; x_wconf 92' lang='lat' dir='ltr'><strong>caput</strong></span> 
     </span>
    </p>
   </div>
   <div class='ocr_carea' id='block_1_9' title="bbox 115 3696 1227 4478">
    <p class='ocr_par' dir='ltr' id='par_1_10' title="bbox 115 3696 1227 4011">
     <span class='ocr_line' id='line_1_27' title="bbox 117 3696 1227 3786; baseline -0.002 -22"><span class='ocrx_word' id='word_1_217' title='bbox 117 3703 246 3780; x_wconf 75' lang='lat' dir='ltr'><strong>St&#39;cuttc,</strong></span> <span class='ocrx_word' id='word_1_218' title='bbox 259 3700 311 3764; x_wconf 85' lang='lat' dir='ltr'><strong>tit.</strong></span> <span class='ocrx_word' id='word_1_219' title='bbox 321 3704 366 3764; x_wconf 86' lang='lat' dir='ltr'><strong>Ne</strong></span> <span class='ocrx_word' id='word_1_220' title='bbox 375 3702 477 3762; x_wconf 82' lang='lat' dir='ltr'><strong>clerici</strong></span> <span class='ocrx_word' id='word_1_221' title='bbox 485 3701 533 3762; x_wconf 84' lang='lat' dir='ltr'><strong>act</strong></span> <span class='ocrx_word' id='word_1_222' title='bbox 543 3700 690 3775; x_wconf 75' lang='lat' dir='ltr'><strong>monachi,</strong></span> <span class='ocrx_word' id='word_1_223' title='bbox 707 3717 740 3762; x_wconf 92' lang='lat' dir='ltr'><strong>n.</strong></span> <span class='ocrx_word' id='word_1_224' title='bbox 756 3696 822 3782; x_wconf 84' lang='lat'><strong>16).</strong></span> <span class='ocrx_word' id='word_1_225' title='bbox 836 3700 976 3786; x_wconf 79' lang='lat' dir='ltr'><strong>Necesse</strong></span> <span class='ocrx_word' id='word_1_226' title='bbox 987 3706 1103 3765; x_wconf 87' lang='lat' dir='ltr'><strong>tamen</strong></span> <span class='ocrx_word' id='word_1_227' title='bbox 1112 3718 1176 3764; x_wconf 91' lang='lat' dir='ltr'><strong>non</strong></span> <span class='ocrx_word' id='word_1_228' title='bbox 1185 3703 1227 3762; x_wconf 88' lang='lat' dir='ltr'><strong>est</strong></span> 
     </span>
     <span class='ocr_line' id='line_1_28' title="bbox 116 3813 1227 3900; baseline -0.006 -16"><span class='ocrx_word' id='word_1_229' title='bbox 116 3825 154 3884; x_wconf 85' lang='lat' dir='ltr'><strong>ut</strong></span> <span class='ocrx_word' id='word_1_230' title='bbox 168 3819 237 3884; x_wconf 87' lang='lat' dir='ltr'><strong>haec</strong></span> <span class='ocrx_word' id='word_1_231' title='bbox 253 3819 360 3884; x_wconf 91' lang='lat' dir='ltr'><strong>omnia</strong></span> <span class='ocrx_word' id='word_1_232' title='bbox 384 3815 533 3898; x_wconf 84' lang='lat' dir='ltr'><strong>explicite</strong></span> <span class='ocrx_word' id='word_1_233' title='bbox 547 3813 636 3898; x_wconf 90' lang='lat' dir='ltr'><strong>juret</strong></span> <span class='ocrx_word' id='word_1_234' title='bbox 659 3816 813 3893; x_wconf 87' lang='lat' dir='ltr'><strong>notarius,</strong></span> <span class='ocrx_word' id='word_1_235' title='bbox 841 3814 901 3880; x_wconf 91' lang='lat' dir='ltr'><strong>sed</strong></span> <span class='ocrx_word' id='word_1_236' title='bbox 922 3814 1042 3881; x_wconf 90' lang='lat' dir='ltr'><strong>sufficit</strong></span> <span class='ocrx_word' id='word_1_237' title='bbox 1058 3814 1227 3900; x_wconf 84' lang='lat' dir='ltr'><strong>juramenti</strong></span> 
     </span>
     <span class='ocr_line' id='line_1_29' title="bbox 115 3930 799 4011; baseline -0.009 -12"><span class='ocrx_word' id='word_1_238' title='bbox 115 3934 258 3999; x_wconf 75' lang='lat' dir='ltr'><strong>formula</strong></span> <span class='ocrx_word' id='word_1_239' title='bbox 270 3933 446 4009; x_wconf 78' lang='lat' dir='ltr'><strong>defideltter</strong></span> <span class='ocrx_word' id='word_1_240' title='bbox 462 3933 611 4011; x_wconf 78' lang='lat' dir='ltr'><strong>implendo</strong></span> <span class='ocrx_word' id='word_1_241' title='bbox 625 3930 721 4008; x_wconf 78' lang='lat' dir='ltr'><strong>officio</strong></span> <span class='ocrx_word' id='word_1_242' title='bbox 735 3949 799 3993; x_wconf 79' lang='lat' dir='ltr'><strong>saco.</strong></span> 
     </span>
    </p>

    <p class='ocr_par' dir='ltr' id='par_1_11' title="bbox 116 4047 1227 4478">
     <span class='ocr_line' id='line_1_30' title="bbox 160 4047 1226 4130; baseline -0.002 -18"><span class='ocrx_word' id='word_1_243' title='bbox 160 4050 203 4113; x_wconf 87' lang='lat' dir='ltr'><strong>Il.</strong></span> <span class='ocrx_word' id='word_1_244' title='bbox 242 4052 349 4111; x_wconf 73' lang='lat' dir='ltr'><strong>Utrum</strong></span> <span class='ocrx_word' id='word_1_245' title='bbox 383 4048 531 4127; x_wconf 79' lang='lat' dir='ltr'><strong>proedicto</strong></span> <span class='ocrx_word' id='word_1_246' title='bbox 563 4050 733 4127; x_wconf 79' lang='lat' dir='ltr'><strong>juramenti</strong></span> <span class='ocrx_word' id='word_1_247' title='bbox 768 4047 941 4109; x_wconf 80' lang='lat' dir='ltr'><strong>solemnitas</strong></span> <span class='ocrx_word' id='word_1_248' title='bbox 979 4067 1021 4109; x_wconf 79' lang='lat' dir='ltr'><strong>ex</strong></span> <span class='ocrx_word' id='word_1_249' title='bbox 1053 4049 1226 4130; x_wconf 78' lang='lat' dir='ltr'><strong>oblr&#39;pata&#39;crrc</strong></span> 
     </span>
     <span class='ocr_line' id='line_1_31' title="bbox 116 4145 1227 4242; baseline 0.004 -19"><span class='ocrx_word' id='word_1_250' title='bbox 116 4145 284 4225; x_wconf 74' lang='lat' dir='ltr'><strong>adhibendo</strong></span> <span class='ocrx_word' id='word_1_251' title='bbox 306 4168 358 4241; x_wconf 77' lang='lat' dir='ltr'><strong>stt,</strong></span> <span class='ocrx_word' id='word_1_252' title='bbox 392 4165 504 4224; x_wconf 82' lang='lat' dir='ltr'><strong>doma</strong></span> <span class='ocrx_word' id='word_1_253' title='bbox 534 4168 682 4242; x_wconf 83' lang='lat' dir='ltr'><strong>potestate</strong></span> <span class='ocrx_word' id='word_1_254' title='bbox 706 4163 903 4224; x_wconf 81' lang='lat' dir='ltr'><strong>ecclesiastica</strong></span> <span class='ocrx_word' id='word_1_255' title='bbox 924 4168 1068 4226; x_wconf 77' lang='lat' dir='ltr'><strong>notarius</strong></span> <span class='ocrx_word' id='word_1_256' title='bbox 1095 4167 1143 4227; x_wconf 83' lang='lat' dir='ltr'><strong>cet</strong></span> <span class='ocrx_word' id='word_1_257' title='bbox 1163 4183 1227 4226; x_wconf 81' lang='lat' dir='ltr'><strong>cca·</strong></span> 
     </span>
     <span class='ocr_line' id='line_1_32' title="bbox 116 4274 1226 4360; baseline 0.005 -24"><span class='ocrx_word' id='word_1_258' title='bbox 116 4281 256 4342; x_wconf 77' lang='lat' dir='ltr'><strong>cellarios</strong></span> <span class='ocrx_word' id='word_1_259' title='bbox 269 4285 401 4340; x_wconf 83' lang='lat' dir='ltr'><strong>arcator.</strong></span> <span class='ocrx_word' id='word_1_260' title='bbox 418 4314 464 4325; x_wconf 88' lang='lat'>-</span> <span class='ocrx_word' id='word_1_261' title='bbox 476 4274 615 4341; x_wconf 87' lang='lat' dir='ltr'><strong>Videtur</strong></span> <span class='ocrx_word' id='word_1_262' title='bbox 631 4275 763 4360; x_wconf 91' lang='lat' dir='ltr'><strong>quidem</strong></span> <span class='ocrx_word' id='word_1_263' title='bbox 790 4296 828 4341; x_wconf 90' lang='lat' dir='ltr'><strong>ea</strong></span> <span class='ocrx_word' id='word_1_264' title='bbox 849 4277 1039 4344; x_wconf 79' lang='lat' dir='ltr'><strong>solemnitas</strong></span> <span class='ocrx_word' id='word_1_265' title='bbox 1052 4281 1087 4344; x_wconf 90' lang='lat' dir='ltr'><strong>in</strong></span> <span class='ocrx_word' id='word_1_266' title='bbox 1102 4297 1226 4345; x_wconf 78' lang='lat' dir='ltr'><strong>consue·</strong></span> 
     </span>
     <span class='ocr_line' id='line_1_33' title="bbox 116 4391 1226 4478; baseline 0.002 -20"><span class='ocrx_word' id='word_1_267' title='bbox 116 4391 260 4458; x_wconf 88' lang='lat' dir='ltr'><strong>tudinem</strong></span> <span class='ocrx_word' id='word_1_268' title='bbox 275 4393 458 4475; x_wconf 83' lang='lat' dir='ltr'><strong>generalem</strong></span> <span class='ocrx_word' id='word_1_269' title='bbox 473 4393 646 4470; x_wconf 87' lang='lat' dir='ltr'><strong>transiisse,</strong></span> <span class='ocrx_word' id='word_1_270' title='bbox 663 4412 737 4457; x_wconf 91' lang='lat' dir='ltr'><strong>cum</strong></span> <span class='ocrx_word' id='word_1_271' title='bbox 750 4391 793 4457; x_wconf 91' lang='lat' dir='ltr'><strong>de</strong></span> <span class='ocrx_word' id='word_1_272' title='bbox 810 4391 867 4457; x_wconf 89' lang='lat' dir='ltr'><strong>illa</strong></span> <span class='ocrx_word' id='word_1_273' title='bbox 881 4400 1054 4478; x_wconf 89' lang='lat' dir='ltr'><strong>tamquam</strong></span> <span class='ocrx_word' id='word_1_274' title='bbox 1067 4396 1226 4463; x_wconf 84' lang='lat' dir='ltr'><strong>observari</strong></span> 
     </span>
    </p>
   </div>
   <div class='ocr_carea' id='block_1_10' title="bbox 0 0 1362 4980">
    <p class='ocr_par' dir='ltr' id='par_1_12' title="bbox 0 0 1362 4980">
     <span class='ocr_line' id='line_1_34' title="bbox 0 0 1362 4980; baseline 0 2"><span class='ocrx_word' id='word_1_275' title='bbox 0 0 1362 4980; x_wconf 95' lang='lat' dir='ltr'><strong> </strong></span> 
     </span>
    </p>
   </div>
  </div>
 </body>
</html>
