<?xml version="1.0" encoding="UTF-8"?>
<!DOCTYPE html PUBLIC "-//W3C//DTD XHTML 1.0 Transitional//EN"
    "http://www.w3.org/TR/xhtml1/DTD/xhtml1-transitional.dtd">
<html xmlns="http://www.w3.org/1999/xhtml" xml:lang="en" lang="en">
 <head>
  <title>
</title>
<meta http-equiv="Content-Type" content="text/html;charset=utf-8" />
  <meta name='ocr-system' content='tesseract 3.04.00' />
  <meta name='ocr-capabilities' content='ocr_page ocr_carea ocr_par ocr_line ocrx_word'/>
</head>
<body>
  <div class='ocr_page' id='page_1' title='image "./tractatusdejudi00bouigoog_0328.png"; bbox 0 0 2714 4980; ppageno 0'>
   <div class='ocr_carea' id='block_1_1' title="bbox 491 322 1230 386">
    <p class='ocr_par' dir='ltr' id='par_1_1' title="bbox 491 322 1230 386">
     <span class='ocr_line' id='line_1_1' title="bbox 491 322 1230 386; baseline -0.003 0"><span class='ocrx_word' id='word_1_1' title='bbox 491 356 493 361; x_wconf 89' lang='lat'><em>·</em></span> <span class='ocrx_word' id='word_1_2' title='bbox 561 337 646 386; x_wconf 74' lang='lat' dir='ltr'><strong>arus</strong></span> <span class='ocrx_word' id='word_1_3' title='bbox 670 338 785 384; x_wconf 76' lang='lat' dir='ltr'><strong>rarus.</strong></span> <span class='ocrx_word' id='word_1_4' title='bbox 871 370 873 377; x_wconf 64' lang='grc'>,</span> <span class='ocrx_word' id='word_1_5' title='bbox 1165 322 1230 386; x_wconf 76' lang='grc'><strong>316</strong></span> 
     </span>
    </p>
   </div>
   <div class='ocr_carea' id='block_1_2' title="bbox 111 459 1324 4498">
    <p class='ocr_par' dir='ltr' id='par_1_2' title="bbox 111 459 1240 2630">
     <span class='ocr_line' id='line_1_2' title="bbox 119 459 1239 548; baseline -0.008 -11"><span class='ocrx_word' id='word_1_6' title='bbox 119 461 408 537; x_wconf 67' lang='lat' dir='ltr'><strong>rabennantium</strong></span> <span class='ocrx_word' id='word_1_7' title='bbox 428 461 585 548; x_wconf 78' lang='lat' dir='ltr'><strong>(exempli</strong></span> <span class='ocrx_word' id='word_1_8' title='bbox 606 462 728 546; x_wconf 85' lang='lat' dir='ltr'><strong>gratia,</strong></span> <span class='ocrx_word' id='word_1_9' title='bbox 751 462 909 544; x_wconf 85' lang='lat' dir='ltr'><strong>temporis</strong></span> <span class='ocrx_word' id='word_1_10' title='bbox 929 469 963 527; x_wconf 87' lang='lat' dir='ltr'><strong>et</strong></span> <span class='ocrx_word' id='word_1_11' title='bbox 985 459 1065 546; x_wconf 80' lang='lat' dir='ltr'><strong>lari)</strong></span> <span class='ocrx_word' id='word_1_12' title='bbox 1093 462 1181 528; x_wconf 84' lang='lat' dir='ltr'><strong>inter</strong></span> <span class='ocrx_word' id='word_1_13' title='bbox 1194 479 1239 528; x_wconf 85' lang='lat' dir='ltr'><strong>se</strong></span> 
     </span>
     <span class='ocr_line' id='line_1_3' title="bbox 119 574 1239 662; baseline 0 -22"><span class='ocrx_word' id='word_1_14' title='bbox 119 579 327 662; x_wconf 74' lang='lat' dir='ltr'>«pugnantia</span> <span class='ocrx_word' id='word_1_15' title='bbox 352 576 532 662; x_wconf 90' lang='lat' dir='ltr'><strong>deponunt.</strong></span> <span class='ocrx_word' id='word_1_16' title='bbox 561 578 681 657; x_wconf 85' lang='lat' dir='ltr'>Quales</span> <span class='ocrx_word' id='word_1_17' title='bbox 705 584 803 642; x_wconf 81' lang='lat' dir='ltr'><strong>erant</strong></span> <span class='ocrx_word' id='word_1_18' title='bbox 824 574 892 640; x_wconf 92' lang='lat' dir='ltr'><strong>dno</strong></span> <span class='ocrx_word' id='word_1_19' title='bbox 912 576 959 641; x_wconf 84' lang='lat' dir='ltr'><strong>illi</strong></span> <span class='ocrx_word' id='word_1_20' title='bbox 973 595 1072 641; x_wconf 86' lang='lat' dir='ltr'><strong>senes</strong></span> <span class='ocrx_word' id='word_1_21' title='bbox 1089 577 1239 641; x_wconf 75' lang='lat' dir='ltr'><strong>Susanna</strong></span> 
     </span>
     <span class='ocr_line' id='line_1_4' title="bbox 113 693 1238 779; baseline 0.004 -25"><span class='ocrx_word' id='word_1_22' title='bbox 113 718 137 759; x_wconf 72' lang='lat' dir='ltr'><strong>‚a</strong></span> <span class='ocrx_word' id='word_1_23' title='bbox 147 700 365 774; x_wconf 74' lang='lat' dir='ltr'><strong>accusatores,</strong></span> <span class='ocrx_word' id='word_1_24' title='bbox 380 713 520 779; x_wconf 89' lang='lat' dir='ltr'><strong>quornm</strong></span> <span class='ocrx_word' id='word_1_25' title='bbox 529 713 614 760; x_wconf 85' lang='lat' dir='ltr'><strong>unus</strong></span> <span class='ocrx_word' id='word_1_26' title='bbox 626 693 911 769; x_wconf 84' lang='lat' dir='ltr'><strong>adulteriicrimen</strong></span> <span class='ocrx_word' id='word_1_27' title='bbox 925 694 966 759; x_wconf 87' lang='lat' dir='ltr'><strong>ab</strong></span> <span class='ocrx_word' id='word_1_28' title='bbox 982 713 1020 760; x_wconf 87' lang='lat' dir='ltr'><strong>aa</strong></span> <span class='ocrx_word' id='word_1_29' title='bbox 1034 693 1238 762; x_wconf 82' lang='lat' dir='ltr'><strong>commissum</strong></span> 
     </span>
     <span class='ocr_line' id='line_1_5' title="bbox 112 809 1239 893; baseline -0.003 -18"><span class='ocrx_word' id='word_1_30' title='bbox 112 810 279 881; x_wconf 77' lang='lat' dir='ltr'><strong>ndiaehar</strong></span> <span class='ocrx_word' id='word_1_31' title='bbox 292 811 353 879; x_wconf 91' lang='lat' dir='ltr'><strong>sub</strong></span> <span class='ocrx_word' id='word_1_32' title='bbox 371 811 475 893; x_wconf 89' lang='lat' dir='ltr'><strong>prin0,</strong></span> <span class='ocrx_word' id='word_1_33' title='bbox 493 811 578 876; x_wconf 84' lang='lat' dir='ltr'><strong>alter</strong></span> <span class='ocrx_word' id='word_1_34' title='bbox 593 809 653 876; x_wconf 87' lang='lat' dir='ltr'><strong>sub</strong></span> <span class='ocrx_word' id='word_1_35' title='bbox 672 809 793 875; x_wconf 79' lang='lat' dir='ltr'><strong>achina.</strong></span> <span class='ocrx_word' id='word_1_36' title='bbox 816 814 1011 874; x_wconf 80' lang='lat' dir='ltr'><strong>Cumulatius</strong></span> <span class='ocrx_word' id='word_1_37' title='bbox 1026 813 1239 892; x_wconf 75' lang='lat' dir='ltr'><strong>simpuloritate</strong></span> 
     </span>
     <span class='ocr_line' id='line_1_6' title="bbox 113 923 1238 1011; baseline 0.003 -24"><span class='ocrx_word' id='word_1_38' title='bbox 113 951 131 990; x_wconf 79' lang='lat' dir='ltr'><strong>a</strong></span> <span class='ocrx_word' id='word_1_39' title='bbox 142 930 315 1010; x_wconf 74' lang='lat' dir='ltr'><strong>stupratores</strong></span> <span class='ocrx_word' id='word_1_40' title='bbox 336 933 428 1003; x_wconf 88' lang='lat' dir='ltr'><strong>sunt,</strong></span> <span class='ocrx_word' id='word_1_41' title='bbox 455 925 576 1011; x_wconf 90' lang='lat' dir='ltr'><strong>quide</strong></span> <span class='ocrx_word' id='word_1_42' title='bbox 604 927 730 993; x_wconf 84' lang='lat' dir='ltr'><strong>actibus</strong></span> <span class='ocrx_word' id='word_1_43' title='bbox 758 926 892 1011; x_wconf 87' lang='lat' dir='ltr'><strong>quidem</strong></span> <span class='ocrx_word' id='word_1_44' title='bbox 929 926 1077 1004; x_wconf 84' lang='lat' dir='ltr'><strong>diversis,</strong></span> <span class='ocrx_word' id='word_1_45' title='bbox 1110 924 1170 991; x_wconf 88' lang='lat' dir='ltr'><strong>sed</strong></span> <span class='ocrx_word' id='word_1_46' title='bbox 1196 923 1238 990; x_wconf 85' lang='lat' dir='ltr'><strong>ad</strong></span> 
     </span>
     <span class='ocr_line' id='line_1_7' title="bbox 113 1031 1240 1127; baseline -0.001 -21"><span class='ocrx_word' id='word_1_47' title='bbox 113 1041 303 1110; x_wconf 79' lang='lat' dir='ltr'><strong>«eumdem</strong></span> <span class='ocrx_word' id='word_1_48' title='bbox 326 1031 675 1119; x_wconf 61' lang='lat' dir='ltr'><strong>finem&#39;tendentibna</strong></span> <span class='ocrx_word' id='word_1_49' title='bbox 700 1061 838 1127; x_wconf 75' lang='lat' dir='ltr'><strong>seseque</strong></span> <span class='ocrx_word' id='word_1_50' title='bbox 868 1051 987 1108; x_wconf 88' lang='lat' dir='ltr'><strong>mutuo</strong></span> <span class='ocrx_word' id='word_1_51' title='bbox 1010 1040 1240 1126; x_wconf 86' lang='lat' dir='ltr'><strong>adjuvantibus</strong></span> 
     </span>
     <span class='ocr_line' id='line_1_8' title="bbox 112 1156 1234 1243; baseline 0 -21"><span class='ocrx_word' id='word_1_52' title='bbox 112 1158 335 1243; x_wconf 79' lang='lat' dir='ltr'><strong>«·deponnnt;</strong></span> <span class='ocrx_word' id='word_1_53' title='bbox 356 1159 439 1225; x_wconf 87' lang='lat' dir='ltr'><strong>ntsi</strong></span> <span class='ocrx_word' id='word_1_54' title='bbox 456 1176 540 1226; x_wconf 78' lang='lat' dir='ltr'><strong>nmis</strong></span> <span class='ocrx_word' id='word_1_55' title='bbox 561 1158 654 1223; x_wconf 84' lang='lat' dir='ltr'><strong>testis</strong></span> <span class='ocrx_word' id='word_1_56' title='bbox 668 1166 760 1223; x_wconf 87' lang='lat' dir='ltr'><strong>aotns</strong></span> <span class='ocrx_word' id='word_1_57' title='bbox 782 1156 920 1242; x_wconf 79' lang='lat' dir='ltr'><strong>alicujus</strong></span> <span class='ocrx_word' id='word_1_58' title='bbox 935 1157 1082 1223; x_wconf 85' lang='lat' dir='ltr'><strong>auditum</strong></span> <span class='ocrx_word' id='word_1_59' title='bbox 1096 1164 1234 1233; x_wconf 82' lang='lat' dir='ltr'><strong>asserat,</strong></span> 
     </span>
     <span class='ocr_line' id='line_1_9' title="bbox 114 1274 1235 1358; baseline 0.001 -22"><span class='ocrx_word' id='word_1_60' title='bbox 114 1301 129 1336; x_wconf 76' lang='lat' dir='ltr'><strong>a</strong></span> <span class='ocrx_word' id='word_1_61' title='bbox 142 1276 231 1349; x_wconf 83' lang='lat' dir='ltr'><strong>alter</strong></span> <span class='ocrx_word' id='word_1_62' title='bbox 244 1276 369 1358; x_wconf 81' lang='lat' dir='ltr'><strong>visum3</strong></span> <span class='ocrx_word' id='word_1_63' title='bbox 387 1275 414 1342; x_wconf 86' lang='lat' dir='ltr'><strong>si</strong></span> <span class='ocrx_word' id='word_1_64' title='bbox 430 1292 514 1341; x_wconf 90' lang='lat' dir='ltr'><strong>nnus</strong></span> <span class='ocrx_word' id='word_1_65' title='bbox 529 1281 694 1340; x_wconf 78' lang='lat' dir='ltr'><strong>asseveret</strong></span> <span class='ocrx_word' id='word_1_66' title='bbox 720 1274 948 1356; x_wconf 87' lang='lat' dir='ltr'><strong>Sempronium</strong></span> <span class='ocrx_word' id='word_1_67' title='bbox 973 1275 1090 1340; x_wconf 87' lang='lat' dir='ltr'><strong>citasse</strong></span> <span class='ocrx_word' id='word_1_68' title='bbox 1113 1280 1235 1357; x_wconf 85' lang='lat' dir='ltr'><strong>partes,</strong></span> 
     </span>
     <span class='ocr_line' id='line_1_10' title="bbox 113 1387 1239 1472; baseline 0 -20"><span class='ocrx_word' id='word_1_69' title='bbox 113 1389 233 1455; x_wconf 80' lang='lat' dir='ltr'><strong>«alter</strong></span> <span class='ocrx_word' id='word_1_70' title='bbox 247 1387 333 1454; x_wconf 86' lang='lat' dir='ltr'><strong>dieat</strong></span> <span class='ocrx_word' id='word_1_71' title='bbox 348 1388 501 1455; x_wconf 86' lang='lat' dir='ltr'><strong>eumdem</strong></span> <span class='ocrx_word' id='word_1_72' title='bbox 525 1389 638 1453; x_wconf 90' lang='lat' dir='ltr'><strong>tulisse</strong></span> <span class='ocrx_word' id='word_1_73' title='bbox 662 1389 866 1464; x_wconf 88' lang='lat' dir='ltr'><strong>sententiam,</strong></span> <span class='ocrx_word' id='word_1_74' title='bbox 884 1389 1002 1453; x_wconf 85' lang='lat' dir='ltr'><strong>tertius</strong></span> <span class='ocrx_word' id='word_1_75' title='bbox 1024 1389 1130 1472; x_wconf 89' lang='lat' dir='ltr'><strong>ipsum</strong></span> <span class='ocrx_word' id='word_1_76' title='bbox 1144 1389 1239 1452; x_wconf 83' lang='lat' dir='ltr'><strong>istam</strong></span> 
     </span>
     <span class='ocr_line' id='line_1_11' title="bbox 112 1503 1239 1593; baseline -0.003 -24"><span class='ocrx_word' id='word_1_77' title='bbox 112 1528 133 1569; x_wconf 79' lang='lat' dir='ltr'><strong>a</strong></span> <span class='ocrx_word' id='word_1_78' title='bbox 145 1505 334 1577; x_wconf 71' lang='lat' dir='ltr'><strong>executioni</strong></span> <span class='ocrx_word' id='word_1_79' title='bbox 349 1503 534 1593; x_wconf 76' lang='lat' dir='ltr'><strong>mandasse5</strong></span> <span class='ocrx_word' id='word_1_80' title='bbox 555 1504 582 1570; x_wconf 88' lang='lat' dir='ltr'><strong>si</strong></span> <span class='ocrx_word' id='word_1_81' title='bbox 596 1523 681 1574; x_wconf 87' lang='lat' dir='ltr'><strong>unus</strong></span> <span class='ocrx_word' id='word_1_82' title='bbox 695 1504 790 1570; x_wconf 80' lang='lat' dir='ltr'><strong>fandi</strong></span> <span class='ocrx_word' id='word_1_83' title='bbox 808 1505 1040 1588; x_wconf 85' lang='lat' dir='ltr'><strong>passessionem</strong></span> <span class='ocrx_word' id='word_1_84' title='bbox 1058 1505 1140 1568; x_wconf 81' lang='lat' dir='ltr'><strong>Titio</strong></span> <span class='ocrx_word' id='word_1_85' title='bbox 1153 1522 1239 1567; x_wconf 84' lang='lat' dir='ltr'><strong>asse·</strong></span> 
     </span>
     <span class='ocr_line' id='line_1_12' title="bbox 111 1619 1240 1714; baseline 0 -29"><span class='ocrx_word' id='word_1_86' title='bbox 111 1627 218 1699; x_wconf 74' lang='lat' dir='ltr'><strong>arat,</strong></span> <span class='ocrx_word' id='word_1_87' title='bbox 239 1619 329 1705; x_wconf 79' lang='lat' dir='ltr'><strong>quod</strong></span> <span class='ocrx_word' id='word_1_88' title='bbox 351 1619 472 1714; x_wconf 83' lang='lat' dir='ltr'><strong>viderit</strong></span> <span class='ocrx_word' id='word_1_89' title='bbox 492 1620 584 1685; x_wconf 91' lang='lat' dir='ltr'><strong>illum</strong></span> <span class='ocrx_word' id='word_1_90' title='bbox 600 1619 641 1686; x_wconf 90' lang='lat' dir='ltr'><strong>ab</strong></span> <span class='ocrx_word' id='word_1_91' title='bbox 665 1639 705 1687; x_wconf 86' lang='lat' dir='ltr'><strong>eo</strong></span> <span class='ocrx_word' id='word_1_92' title='bbox 720 1621 797 1697; x_wconf 87' lang='lat' dir='ltr'><strong>ooli,</strong></span> <span class='ocrx_word' id='word_1_93' title='bbox 815 1621 901 1686; x_wconf 89' lang='lat' dir='ltr'><strong>alter</strong></span> <span class='ocrx_word' id='word_1_94' title='bbox 918 1619 1006 1705; x_wconf 87' lang='lat' dir='ltr'><strong>qaod</strong></span> <span class='ocrx_word' id='word_1_95' title='bbox 1033 1619 1240 1703; x_wconf 75' lang='lat' dir='ltr'><strong>conspexerit</strong></span> 
     </span>
     <span class='ocr_line' id='line_1_13' title="bbox 112 1737 1239 1829; baseline -0.007 -22"><span class='ocrx_word' id='word_1_96' title='bbox 112 1757 222 1815; x_wconf 71' lang='lat' dir='ltr'><strong>neum</strong></span> <span class='ocrx_word' id='word_1_97' title='bbox 238 1738 406 1822; x_wconf 75' lang='lat' dir='ltr'><strong>collegisse</strong></span> <span class='ocrx_word' id='word_1_98' title='bbox 425 1757 465 1805; x_wconf 76' lang='lat' dir='ltr'><strong>es</strong></span> <span class='ocrx_word' id='word_1_99' title='bbox 482 1739 552 1821; x_wconf 79' lang='lat' dir='ltr'><strong>ipso</strong></span> <span class='ocrx_word' id='word_1_100' title='bbox 569 1755 718 1814; x_wconf 68' lang='lat' dir='ltr'><strong>mestum,</strong></span> <span class='ocrx_word' id='word_1_101' title='bbox 734 1743 801 1805; x_wconf 76' lang='lat' dir='ltr'><strong>eta.</strong></span> <span class='ocrx_word' id='word_1_102' title='bbox 814 1738 1056 1816; x_wconf 72' lang='lat' dir='ltr'><strong>Diuersifioutioe</strong></span> <span class='ocrx_word' id='word_1_103' title='bbox 1069 1737 1239 1829; x_wconf 71' lang='lat' dir='ltr'><strong>sirrpalmes</strong></span> 
     </span>
     <span class='ocr_line' id='line_1_14' title="bbox 113 1851 1239 1939; baseline 0.001 -22"><span class='ocrx_word' id='word_1_104' title='bbox 113 1863 232 1933; x_wconf 74' lang='lat' dir='ltr'><strong>asans,</strong></span> <span class='ocrx_word' id='word_1_105' title='bbox 250 1854 308 1939; x_wconf 86' lang='lat' dir='ltr'><strong>qui</strong></span> <span class='ocrx_word' id='word_1_106' title='bbox 323 1852 494 1936; x_wconf 86' lang='lat' dir='ltr'><strong>deponunt</strong></span> <span class='ocrx_word' id='word_1_107' title='bbox 504 1852 546 1923; x_wconf 91' lang='lat' dir='ltr'><strong>de</strong></span> <span class='ocrx_word' id='word_1_108' title='bbox 562 1852 656 1925; x_wconf 84' lang='lat' dir='ltr'><strong>fretis</strong></span> <span class='ocrx_word' id='word_1_109' title='bbox 669 1852 730 1918; x_wconf 93' lang='lat' dir='ltr'><strong>sibi</strong></span> <span class='ocrx_word' id='word_1_110' title='bbox 746 1853 888 1919; x_wconf 83' lang='lat' dir='ltr'><strong>invicem</strong></span> <span class='ocrx_word' id='word_1_111' title='bbox 900 1871 966 1918; x_wconf 90' lang='lat' dir='ltr'><strong>non</strong></span> <span class='ocrx_word' id='word_1_112' title='bbox 984 1852 1165 1928; x_wconf 80' lang='lat' dir='ltr'><strong>contrariis,</strong></span> <span class='ocrx_word' id='word_1_113' title='bbox 1177 1851 1239 1918; x_wconf 86' lang='lat' dir='ltr'><strong>sed</strong></span> 
     </span>
     <span class='ocr_line' id='line_1_15' title="bbox 117 1967 1238 2054; baseline 0.002 -24"><span class='ocrx_word' id='word_1_114' title='bbox 117 1971 297 2047; x_wconf 58' lang='lat' dir='ltr'><strong>«dirersis,</strong></span> <span class='ocrx_word' id='word_1_115' title='bbox 317 1977 352 2035; x_wconf 91' lang='lat' dir='ltr'><strong>et</strong></span> <span class='ocrx_word' id='word_1_116' title='bbox 369 1969 448 2040; x_wconf 83' lang='lat' dir='ltr'><strong>nihil</strong></span> <span class='ocrx_word' id='word_1_117' title='bbox 464 1989 499 2038; x_wconf 82' lang='lat' dir='ltr'><strong>se</strong></span> <span class='ocrx_word' id='word_1_118' title='bbox 512 1970 653 2037; x_wconf 73' lang='lat' dir='ltr'><strong>invicem</strong></span> <span class='ocrx_word' id='word_1_119' title='bbox 673 1967 862 2054; x_wconf 84' lang='lat' dir='ltr'><strong>juvantibus</strong></span> <span class='ocrx_word' id='word_1_120' title='bbox 879 1990 886 2034; x_wconf 92' lang='lat'>:</span> <span class='ocrx_word' id='word_1_121' title='bbox 902 1969 985 2034; x_wconf 86' lang='lat' dir='ltr'><strong>sicut</strong></span> <span class='ocrx_word' id='word_1_122' title='bbox 1000 1968 1123 2033; x_wconf 84' lang='lat' dir='ltr'><strong>factum</strong></span> <span class='ocrx_word' id='word_1_123' title='bbox 1138 1974 1188 2032; x_wconf 91' lang='lat' dir='ltr'><strong>est</strong></span> <span class='ocrx_word' id='word_1_124' title='bbox 1204 1969 1238 2033; x_wconf 90' lang='lat' dir='ltr'><strong>in</strong></span> 
     </span>
     <span class='ocr_line' id='line_1_16' title="bbox 117 2081 1238 2173; baseline -0.01 -14"><span class='ocrx_word' id='word_1_125' title='bbox 117 2108 228 2159; x_wconf 73' lang='lat' dir='ltr'><strong>nemu</strong></span> <span class='ocrx_word' id='word_1_126' title='bbox 245 2087 359 2170; x_wconf 77' lang='lat' dir='ltr'><strong>matris</strong></span> <span class='ocrx_word' id='word_1_127' title='bbox 374 2087 449 2155; x_wconf 78' lang='lat' dir='ltr'><strong>Grau</strong></span> <span class='ocrx_word' id='word_1_128' title='bbox 469 2094 502 2151; x_wconf 81' lang='lat' dir='ltr'><strong>to</strong></span> <span class='ocrx_word' id='word_1_129' title='bbox 522 2086 591 2173; x_wconf 70' lang='lat'><strong>(16,</strong></span> <span class='ocrx_word' id='word_1_130' title='bbox 613 2086 700 2154; x_wconf 83' lang='lat' dir='ltr'><strong>tituli</strong></span> <span class='ocrx_word' id='word_1_131' title='bbox 721 2088 775 2163; x_wconf 77' lang='lat'><strong>20,</strong></span> <span class='ocrx_word' id='word_1_132' title='bbox 796 2085 873 2154; x_wconf 88' lang='lat' dir='ltr'><strong>libri</strong></span> <span class='ocrx_word' id='word_1_133' title='bbox 889 2088 908 2151; x_wconf 80' lang='lat'><strong>2</strong></span> <span class='ocrx_word' id='word_1_134' title='bbox 926 2081 1080 2168; x_wconf 74' lang='lat' dir='ltr'><strong>decret),</strong></span> <span class='ocrx_word' id='word_1_135' title='bbox 1098 2084 1156 2149; x_wconf 88' lang='lat' dir='ltr'><strong>ubi</strong></span> <span class='ocrx_word' id='word_1_136' title='bbox 1171 2083 1238 2149; x_wconf 90' lang='lat' dir='ltr'><strong>dna</strong></span> 
     </span>
     <span class='ocr_line' id='line_1_17' title="bbox 113 2199 1240 2289; baseline -0.011 -13"><span class='ocrx_word' id='word_1_137' title='bbox 113 2230 135 2276; x_wconf 76' lang='lat' dir='ltr'><strong>o</strong></span> <span class='ocrx_word' id='word_1_138' title='bbox 150 2205 378 2289; x_wconf 71' lang='lat' dir='ltr'><strong>deposnerunt</strong></span> <span class='ocrx_word' id='word_1_139' title='bbox 391 2201 434 2270; x_wconf 90' lang='lat' dir='ltr'><strong>de</strong></span> <span class='ocrx_word' id='word_1_140' title='bbox 448 2203 789 2275; x_wconf 73' lang='lat' dir='ltr'><strong>excommunicationis</strong></span> <span class='ocrx_word' id='word_1_141' title='bbox 803 2203 964 2268; x_wconf 84' lang='lat' dir='ltr'><strong>sententia</strong></span> <span class='ocrx_word' id='word_1_142' title='bbox 982 2224 990 2268; x_wconf 88' lang='lat'>:</span> <span class='ocrx_word' id='word_1_143' title='bbox 1007 2221 1093 2267; x_wconf 90' lang='lat' dir='ltr'><strong>unns</strong></span> <span class='ocrx_word' id='word_1_144' title='bbox 1105 2199 1240 2286; x_wconf 88' lang='lat' dir='ltr'><strong>quidem</strong></span> 
     </span>
     <span class='ocr_line' id='line_1_18' title="bbox 119 2319 1236 2402; baseline -0.002 -18"><span class='ocrx_word' id='word_1_145' title='bbox 119 2347 136 2386; x_wconf 79' lang='lat' dir='ltr'><strong>a</strong></span> <span class='ocrx_word' id='word_1_146' title='bbox 149 2322 293 2399; x_wconf 86' lang='lat' dir='ltr'><strong>dicebat,</strong></span> <span class='ocrx_word' id='word_1_147' title='bbox 310 2322 410 2386; x_wconf 85' lang='lat' dir='ltr'><strong>latam</strong></span> <span class='ocrx_word' id='word_1_148' title='bbox 434 2320 521 2385; x_wconf 89' lang='lat' dir='ltr'><strong>illam</strong></span> <span class='ocrx_word' id='word_1_149' title='bbox 546 2320 644 2385; x_wconf 86' lang='lat' dir='ltr'><strong>fuisse</strong></span> <span class='ocrx_word' id='word_1_150' title='bbox 663 2328 749 2398; x_wconf 92' lang='lat' dir='ltr'><strong>ante,</strong></span> <span class='ocrx_word' id='word_1_151' title='bbox 769 2320 854 2385; x_wconf 88' lang='lat' dir='ltr'><strong>alter</strong></span> <span class='ocrx_word' id='word_1_152' title='bbox 871 2326 945 2402; x_wconf 91' lang='lat' dir='ltr'><strong>post</strong></span> <span class='ocrx_word' id='word_1_153' title='bbox 959 2319 1208 2402; x_wconf 82' lang='lat' dir='ltr'><strong>appellationem</strong></span> <span class='ocrx_word' id='word_1_154' title='bbox 1228 2338 1236 2382; x_wconf 91' lang='lat'>:</span> 
     </span>
     <span class='ocr_line' id='line_1_19' title="bbox 114 2434 1240 2518; baseline -0.004 -14"><span class='ocrx_word' id='word_1_155' title='bbox 114 2438 239 2508; x_wconf 73' lang='lat' dir='ltr'><strong>sidem</strong></span> <span class='ocrx_word' id='word_1_156' title='bbox 250 2435 378 2514; x_wconf 82' lang='lat' dir='ltr'><strong>residit,</strong></span> <span class='ocrx_word' id='word_1_157' title='bbox 395 2456 469 2506; x_wconf 88' lang='lat' dir='ltr'><strong>eum</strong></span> <span class='ocrx_word' id='word_1_158' title='bbox 481 2455 566 2502; x_wconf 89' lang='lat' dir='ltr'><strong>unns</strong></span> <span class='ocrx_word' id='word_1_159' title='bbox 580 2435 776 2504; x_wconf 78' lang='lat' dir='ltr'><strong>testificatur</strong></span> <span class='ocrx_word' id='word_1_160' title='bbox 789 2434 831 2501; x_wconf 89' lang='lat' dir='ltr'><strong>de</strong></span> <span class='ocrx_word' id='word_1_161' title='bbox 847 2435 923 2513; x_wconf 86' lang='lat' dir='ltr'><strong>Caii,</strong></span> <span class='ocrx_word' id='word_1_162' title='bbox 938 2435 1021 2500; x_wconf 81' lang='lat' dir='ltr'><strong>altar</strong></span> <span class='ocrx_word' id='word_1_163' title='bbox 1034 2434 1077 2500; x_wconf 91' lang='lat' dir='ltr'><strong>de</strong></span> <span class='ocrx_word' id='word_1_164' title='bbox 1093 2434 1240 2518; x_wconf 82' lang='lat' dir='ltr'><strong>Sempro</strong></span> 
     </span>
     <span class='ocr_line' id='line_1_20' title="bbox 114 2553 625 2630; baseline -0.008 -9"><span class='ocrx_word' id='word_1_165' title='bbox 114 2553 301 2628; x_wconf 63' lang='lat' dir='ltr'><strong>aniiaaede</strong></span> <span class='ocrx_word' id='word_1_166' title='bbox 315 2553 429 2622; x_wconf 87' lang='lat' dir='ltr'><strong>aTitio</strong></span> <span class='ocrx_word' id='word_1_167' title='bbox 441 2553 539 2630; x_wconf 81' lang='lat' dir='ltr'><strong>faeta,</strong></span> <span class='ocrx_word' id='word_1_168' title='bbox 561 2559 625 2618; x_wconf 88' lang='lat' dir='ltr'><strong>eto.</strong></span> 
     </span>
    </p>

    <p class='ocr_par' dir='ltr' id='par_1_3' title="bbox 114 2665 1324 3566">
     <span class='ocr_line' id='line_1_21' title="bbox 165 2665 1240 2751; baseline 0.001 -20"><span class='ocrx_word' id='word_1_169' title='bbox 165 2670 252 2740; x_wconf 73' lang='lat' dir='ltr'><strong>aEr</strong></span> <span class='ocrx_word' id='word_1_170' title='bbox 272 2668 330 2746; x_wconf 78' lang='lat' dir='ltr'><strong>bis,</strong></span> <span class='ocrx_word' id='word_1_171' title='bbox 349 2675 448 2751; x_wconf 80' lang='lat' dir='ltr'><strong>prima·</strong></span> <span class='ocrx_word' id='word_1_172' title='bbox 470 2674 587 2750; x_wconf 62' lang='lat' dir='ltr'><strong>moeris</strong></span> <span class='ocrx_word' id='word_1_173' title='bbox 606 2673 717 2744; x_wconf 81' lang='lat' dir='ltr'><strong>testea,</strong></span> <span class='ocrx_word' id='word_1_174' title='bbox 741 2685 802 2734; x_wconf 84' lang='lat' dir='ltr'><strong>naa</strong></span> <span class='ocrx_word' id='word_1_175' title='bbox 815 2666 1005 2751; x_wconf 75' lang='lat' dir='ltr'><strong>semiplena</strong></span> <span class='ocrx_word' id='word_1_176' title='bbox 1022 2666 1176 2750; x_wconf 87' lang='lat' dir='ltr'><strong>probant,</strong></span> <span class='ocrx_word' id='word_1_177' title='bbox 1198 2665 1240 2732; x_wconf 94' lang='lat' dir='ltr'><strong>ob</strong></span> 
     </span>
     <span class='ocr_line' id='line_1_22' title="bbox 114 2781 1240 2867; baseline -0.011 -8"><span class='ocrx_word' id='word_1_178' title='bbox 114 2784 423 2859; x_wconf 63' lang='lat' dir='ltr'><strong>«mansuetorum</strong></span> <span class='ocrx_word' id='word_1_179' title='bbox 446 2791 481 2852; x_wconf 85' lang='lat' dir='ltr'><strong>et</strong></span> <span class='ocrx_word' id='word_1_180' title='bbox 508 2784 773 2867; x_wconf 82' lang='lat' dir='ltr'><strong>repugnantiam,</strong></span> <span class='ocrx_word' id='word_1_181' title='bbox 802 2801 874 2866; x_wconf 80' lang='lat' dir='ltr'><strong>qua</strong></span> <span class='ocrx_word' id='word_1_182' title='bbox 903 2781 1033 2848; x_wconf 75' lang='lat' dir='ltr'><strong>redolet</strong></span> <span class='ocrx_word' id='word_1_183' title='bbox 1064 2783 1240 2848; x_wconf 78' lang='lat' dir='ltr'><strong>falsintern</strong></span> 
     </span>
     <span class='ocr_line' id='line_1_23' title="bbox 114 2897 1240 2990; baseline -0.008 -17"><span class='ocrx_word' id='word_1_184' title='bbox 114 2927 132 2973; x_wconf 82' lang='lat' dir='ltr'><strong>n</strong></span> <span class='ocrx_word' id='word_1_185' title='bbox 153 2903 277 2990; x_wconf 82' lang='lat' dir='ltr'><strong>(eapite</strong></span> <span class='ocrx_word' id='word_1_186' title='bbox 291 2906 373 2971; x_wconf 73' lang='lat' dir='ltr'><strong>treet</strong></span> <span class='ocrx_word' id='word_1_187' title='bbox 391 2921 512 2968; x_wconf 80' lang='lat' dir='ltr'><strong>mnsam</strong></span> <span class='ocrx_word' id='word_1_188' title='bbox 531 2905 570 2978; x_wconf 83' lang='grc'><strong>9,</strong></span> <span class='ocrx_word' id='word_1_189' title='bbox 589 2904 626 2965; x_wconf 82' lang='lat' dir='ltr'><strong>do</strong></span> <span class='ocrx_word' id='word_1_190' title='bbox 650 2897 805 2983; x_wconf 72' lang='lat' dir='ltr'><strong>Probat).</strong></span> <span class='ocrx_word' id='word_1_191' title='bbox 833 2901 874 2965; x_wconf 80' lang='lat' dir='ltr'><strong>lit</strong></span> <span class='ocrx_word' id='word_1_192' title='bbox 897 2899 959 2965; x_wconf 88' lang='lat' dir='ltr'><strong>boo</strong></span> <span class='ocrx_word' id='word_1_193' title='bbox 979 2918 1094 2966; x_wconf 80' lang='lat' dir='ltr'><strong>rernm</strong></span> <span class='ocrx_word' id='word_1_194' title='bbox 1111 2899 1240 2965; x_wconf 83' lang='lat' dir='ltr'><strong>estetsi</strong></span> 
     </span>
     <span class='ocr_line' id='line_1_24' title="bbox 115 3014 1241 3101; baseline -0.005 -15"><span class='ocrx_word' id='word_1_195' title='bbox 115 3042 136 3087; x_wconf 78' lang='lat' dir='ltr'><strong>n</strong></span> <span class='ocrx_word' id='word_1_196' title='bbox 155 3018 244 3085; x_wconf 84' lang='lat' dir='ltr'><strong>mille</strong></span> <span class='ocrx_word' id='word_1_197' title='bbox 257 3025 369 3084; x_wconf 85' lang='lat' dir='ltr'><strong>essent</strong></span> <span class='ocrx_word' id='word_1_198' title='bbox 385 3014 546 3101; x_wconf 85' lang='lat' dir='ltr'><strong>ejusmodi</strong></span> <span class='ocrx_word' id='word_1_199' title='bbox 564 3025 667 3083; x_wconf 85' lang='lat' dir='ltr'><strong>testes</strong></span> <span class='ocrx_word' id='word_1_200' title='bbox 686 3016 865 3100; x_wconf 74' lang='lat' dir='ltr'><strong>singulares</strong></span> <span class='ocrx_word' id='word_1_201' title='bbox 888 3016 986 3101; x_wconf 85' lang='lat' dir='ltr'><strong>:qaia</strong></span> <span class='ocrx_word' id='word_1_202' title='bbox 1007 3015 1096 3081; x_wconf 90' lang='lat' dir='ltr'><strong>mille</strong></span> <span class='ocrx_word' id='word_1_203' title='bbox 1114 3020 1241 3080; x_wconf 83' lang='lat' dir='ltr'><strong>tanum</strong></span> 
     </span>
     <span class='ocr_line' id='line_1_25' title="bbox 114 3131 1324 3224; baseline -0.004 -29"><span class='ocrx_word' id='word_1_204' title='bbox 114 3158 136 3195; x_wconf 72' lang='lat' dir='ltr'><strong>a</strong></span> <span class='ocrx_word' id='word_1_205' title='bbox 156 3133 336 3224; x_wconf 86' lang='lat' dir='ltr'><strong>pmbarent</strong></span> <span class='ocrx_word' id='word_1_206' title='bbox 363 3139 520 3218; x_wconf 84' lang='lat' dir='ltr'><strong>quantum</strong></span> <span class='ocrx_word' id='word_1_207' title='bbox 544 3151 648 3215; x_wconf 82' lang='lat' dir='ltr'><strong>anus3</strong></span> <span class='ocrx_word' id='word_1_208' title='bbox 677 3132 744 3200; x_wconf 85' lang='lat' dir='ltr'><strong>imo</strong></span> <span class='ocrx_word' id='word_1_209' title='bbox 767 3131 873 3201; x_wconf 86' lang='lat' dir='ltr'><strong>minus</strong></span> <span class='ocrx_word' id='word_1_210' title='bbox 894 3150 995 3216; x_wconf 76' lang='lat' dir='ltr'><strong>anam</strong></span> <span class='ocrx_word' id='word_1_211' title='bbox 1016 3149 1129 3199; x_wconf 87' lang='lat' dir='ltr'><strong>unus:</strong></span> <span class='ocrx_word' id='word_1_212' title='bbox 1156 3148 1241 3196; x_wconf 82' lang='lat' dir='ltr'><strong>unm</strong></span> <span class='ocrx_word' id='word_1_213' title='bbox 1322 3183 1324 3190; x_wconf 28' lang='lat' dir='ltr'><strong><em>s</em></strong></span> 
     </span>
     <span class='ocr_line' id='line_1_26' title="bbox 119 3246 1241 3331; baseline 0.001 -19"><span class='ocrx_word' id='word_1_214' title='bbox 119 3273 137 3312; x_wconf 77' lang='lat' dir='ltr'><strong>a</strong></span> <span class='ocrx_word' id='word_1_215' title='bbox 158 3249 286 3315; x_wconf 90' lang='lat' dir='ltr'><strong>enimsi</strong></span> <span class='ocrx_word' id='word_1_216' title='bbox 301 3248 388 3314; x_wconf 91' lang='lat' dir='ltr'><strong>solus</strong></span> <span class='ocrx_word' id='word_1_217' title='bbox 402 3256 498 3326; x_wconf 88' lang='lat' dir='ltr'><strong>esset,</strong></span> <span class='ocrx_word' id='word_1_218' title='bbox 509 3257 550 3314; x_wconf 86' lang='lat' dir='ltr'><strong>et</strong></span> <span class='ocrx_word' id='word_1_219' title='bbox 563 3247 797 3331; x_wconf 89' lang='lat' dir='ltr'><strong>impedimento</strong></span> <span class='ocrx_word' id='word_1_220' title='bbox 810 3268 875 3314; x_wconf 93' lang='lat' dir='ltr'><strong>non</strong></span> <span class='ocrx_word' id='word_1_221' title='bbox 890 3247 1068 3325; x_wconf 86' lang='lat' dir='ltr'><strong>laboraret,</strong></span> <span class='ocrx_word' id='word_1_222' title='bbox 1086 3246 1241 3330; x_wconf 85' lang='lat' dir='ltr'><strong>probaret</strong></span> 
     </span>
     <span class='ocr_line' id='line_1_27' title="bbox 118 3364 1240 3451; baseline -0.007 -14"><span class='ocrx_word' id='word_1_223' title='bbox 118 3365 272 3438; x_wconf 64' lang='lat' dir='ltr'><strong>«muana</strong></span> <span class='ocrx_word' id='word_1_224' title='bbox 285 3365 477 3448; x_wconf 81' lang='lat' dir='ltr'><strong>semi-pleae</strong></span> <span class='ocrx_word' id='word_1_225' title='bbox 500 3384 506 3427; x_wconf 92' lang='lat'><strong>:</strong></span> <span class='ocrx_word' id='word_1_226' title='bbox 532 3385 606 3430; x_wconf 85' lang='lat' dir='ltr'><strong>aum</strong></span> <span class='ocrx_word' id='word_1_227' title='bbox 625 3365 696 3433; x_wconf 86' lang='lat' dir='ltr'><strong>aliis</strong></span> <span class='ocrx_word' id='word_1_228' title='bbox 715 3364 909 3451; x_wconf 78' lang='lat' dir='ltr'><strong>adjunctus,</strong></span> <span class='ocrx_word' id='word_1_229' title='bbox 937 3365 981 3431; x_wconf 88' lang='lat' dir='ltr'><strong>nb</strong></span> <span class='ocrx_word' id='word_1_230' title='bbox 1003 3364 1166 3431; x_wconf 80' lang='lat' dir='ltr'><strong>dictorum</strong></span> <span class='ocrx_word' id='word_1_231' title='bbox 1187 3384 1240 3430; x_wconf 93' lang='lat' dir='ltr'><strong>re-</strong></span> 
     </span>
     <span class='ocr_line' id='line_1_28' title="bbox 119 3480 948 3566; baseline -0.012 -13"><span class='ocrx_word' id='word_1_232' title='bbox 119 3507 138 3552; x_wconf 77' lang='lat' dir='ltr'><strong>n</strong></span> <span class='ocrx_word' id='word_1_233' title='bbox 160 3482 383 3566; x_wconf 74' lang='lat' dir='ltr'><strong>paganarum,</strong></span> <span class='ocrx_word' id='word_1_234' title='bbox 401 3488 573 3564; x_wconf 78' lang='lat' dir='ltr'><strong>suspectus</strong></span> <span class='ocrx_word' id='word_1_235' title='bbox 588 3480 753 3554; x_wconf 85' lang='lat' dir='ltr'><strong>redditur.</strong></span> <span class='ocrx_word' id='word_1_236' title='bbox 786 3512 789 3517; x_wconf 94' lang='lat'>·</span> <span class='ocrx_word' id='word_1_237' title='bbox 947 3491 948 3494; x_wconf 74' lang='grc'>’</span> 
     </span>
    </p>

    <p class='ocr_par' dir='ltr' id='par_1_4' title="bbox 117 3595 1240 4262">
     <span class='ocr_line' id='line_1_29' title="bbox 135 3595 1240 3679; baseline -0.006 -9"><span class='ocrx_word' id='word_1_238' title='bbox 135 3614 137 3619; x_wconf 81' lang='grc'>’</span> <span class='ocrx_word' id='word_1_239' title='bbox 167 3599 313 3670; x_wconf 69' lang='lat' dir='ltr'><strong>stenes</strong></span> <span class='ocrx_word' id='word_1_240' title='bbox 327 3600 449 3667; x_wconf 65' lang='lat' dir='ltr'><strong>monadi</strong></span> <span class='ocrx_word' id='word_1_241' title='bbox 466 3603 598 3679; x_wconf 72' lang='lat' dir='ltr'><strong>penaria,</strong></span> <span class='ocrx_word' id='word_1_242' title='bbox 622 3595 787 3665; x_wconf 74' lang='lat' dir='ltr'><strong>diversam</strong></span> <span class='ocrx_word' id='word_1_243' title='bbox 809 3597 875 3663; x_wconf 80' lang='lat' dir='ltr'><strong>rim</strong></span> <span class='ocrx_word' id='word_1_244' title='bbox 897 3596 1018 3663; x_wconf 87' lang='lat' dir='ltr'><strong>habent</strong></span> <span class='ocrx_word' id='word_1_245' title='bbox 1036 3598 1071 3661; x_wconf 93' lang='lat' dir='ltr'><strong>in</strong></span> <span class='ocrx_word' id='word_1_246' title='bbox 1092 3597 1240 3663; x_wconf 63' lang='lat' dir='ltr'><strong>eriminab</strong></span> 
     </span>
     <span class='ocr_line' id='line_1_30' title="bbox 118 3711 1240 3805; baseline -0.008 -18"><span class='ocrx_word' id='word_1_247' title='bbox 118 3741 138 3787; x_wconf 81' lang='lat' dir='ltr'><strong>n</strong></span> <span class='ocrx_word' id='word_1_248' title='bbox 154 3714 252 3792; x_wconf 74' lang='lat' dir='ltr'><strong>libus,</strong></span> <span class='ocrx_word' id='word_1_249' title='bbox 269 3721 304 3785; x_wconf 86' lang='lat' dir='ltr'><strong>et</strong></span> <span class='ocrx_word' id='word_1_250' title='bbox 316 3715 351 3786; x_wconf 84' lang='lat' dir='ltr'><strong>in</strong></span> <span class='ocrx_word' id='word_1_251' title='bbox 362 3713 529 3783; x_wconf 82' lang='lat' dir='ltr'><strong>civilibus:</strong></span> <span class='ocrx_word' id='word_1_252' title='bbox 550 3711 593 3779; x_wconf 87' lang='lat' dir='ltr'><strong>in</strong></span> <span class='ocrx_word' id='word_1_253' title='bbox 604 3713 768 3805; x_wconf 83' lang='lat' dir='ltr'><strong>prioribus</strong></span> <span class='ocrx_word' id='word_1_254' title='bbox 782 3713 974 3799; x_wconf 86' lang='lat' dir='ltr'><strong>plerumque</strong></span> <span class='ocrx_word' id='word_1_255' title='bbox 990 3712 1032 3779; x_wconf 85' lang='lat' dir='ltr'><strong>ad</strong></span> <span class='ocrx_word' id='word_1_256' title='bbox 1047 3731 1179 3802; x_wconf 84' lang='lat' dir='ltr'><strong>poenam·</strong></span> <span class='ocrx_word' id='word_1_257' title='bbox 1190 3731 1240 3778; x_wconf 70' lang='lat' dir='ltr'><strong>on</strong></span> 
     </span>
     <span class='ocr_line' id='line_1_31' title="bbox 118 3828 1238 3913; baseline -0.004 -16"><span class='ocrx_word' id='word_1_258' title='bbox 118 3857 138 3897; x_wconf 67' lang='lat' dir='ltr'><strong>a</strong></span> <span class='ocrx_word' id='word_1_259' title='bbox 157 3829 316 3902; x_wconf 58' lang='lat' dir='ltr'><strong>&amp;aarum</strong></span> <span class='ocrx_word' id='word_1_260' title='bbox 342 3829 552 3913; x_wconf 77' lang='lat' dir='ltr'><strong>infligendam</strong></span> <span class='ocrx_word' id='word_1_261' title='bbox 571 3849 636 3897; x_wconf 93' lang='lat' dir='ltr'><strong>non</strong></span> <span class='ocrx_word' id='word_1_262' title='bbox 658 3829 838 3907; x_wconf 80' lang='lat' dir='ltr'><strong>sufficiunt,</strong></span> <span class='ocrx_word' id='word_1_263' title='bbox 864 3829 924 3897; x_wconf 88' lang='lat' dir='ltr'><strong>sed</strong></span> <span class='ocrx_word' id='word_1_264' title='bbox 946 3828 988 3894; x_wconf 90' lang='lat' dir='ltr'><strong>ad</strong></span> <span class='ocrx_word' id='word_1_265' title='bbox 1014 3829 1238 3913; x_wconf 80' lang='lat' dir='ltr'><strong>purgationem</strong></span> 
     </span>
     <span class='ocr_line' id='line_1_32' title="bbox 117 3944 1238 4028; baseline -0.012 -11"><span class='ocrx_word' id='word_1_266' title='bbox 117 3948 345 4027; x_wconf 72' lang='lat' dir='ltr'><strong>nonnonioam</strong></span> <span class='ocrx_word' id='word_1_267' title='bbox 365 3947 470 4016; x_wconf 83' lang='lat' dir='ltr'><strong>salam</strong></span> <span class='ocrx_word' id='word_1_268' title='bbox 495 3944 704 4013; x_wconf 84' lang='lat' dir='ltr'><strong>indicendam</strong></span> <span class='ocrx_word' id='word_1_269' title='bbox 730 3968 737 4011; x_wconf 92' lang='lat'><strong>:</strong></span> <span class='ocrx_word' id='word_1_270' title='bbox 763 3946 797 4011; x_wconf 91' lang='lat' dir='ltr'><strong>in</strong></span> <span class='ocrx_word' id='word_1_271' title='bbox 815 3944 1049 4028; x_wconf 81' lang='lat' dir='ltr'><strong>posterioribus</strong></span> <span class='ocrx_word' id='word_1_272' title='bbox 1076 3962 1156 4009; x_wconf 78' lang='lat' dir='ltr'><strong>uero</strong></span> <span class='ocrx_word' id='word_1_273' title='bbox 1181 3944 1238 4012; x_wconf 76' lang='lat' dir='ltr'><strong>alb</strong></span> 
     </span>
     <span class='ocr_line' id='line_1_33' title="bbox 121 4059 1239 4149; baseline 0 -24"><span class='ocrx_word' id='word_1_274' title='bbox 121 4087 139 4125; x_wconf 89' lang='lat'>«</span> <span class='ocrx_word' id='word_1_275' title='bbox 157 4061 290 4149; x_wconf 86' lang='lat' dir='ltr'><strong>qnando</strong></span> <span class='ocrx_word' id='word_1_276' title='bbox 303 4061 443 4146; x_wconf 85' lang='lat' dir='ltr'><strong>probant</strong></span> <span class='ocrx_word' id='word_1_277' title='bbox 455 4062 661 4145; x_wconf 71' lang='lat' dir='ltr'><strong>semiplene,</strong></span> <span class='ocrx_word' id='word_1_278' title='bbox 679 4063 724 4130; x_wconf 87' lang='lat' dir='ltr'><strong>ita</strong></span> <span class='ocrx_word' id='word_1_279' title='bbox 737 4069 776 4129; x_wconf 82' lang='lat' dir='ltr'><strong>ut</strong></span> <span class='ocrx_word' id='word_1_280' title='bbox 788 4063 881 4129; x_wconf 83' lang='lat' dir='ltr'><strong>laerta</strong></span> <span class='ocrx_word' id='word_1_281' title='bbox 894 4060 952 4128; x_wconf 86' lang='lat' dir='ltr'><strong>fiat</strong></span> <span class='ocrx_word' id='word_1_282' title='bbox 965 4059 1151 4144; x_wconf 83' lang='lat' dir='ltr'><strong>juramento</strong></span> <span class='ocrx_word' id='word_1_283' title='bbox 1162 4078 1239 4144; x_wconf 87' lang='lat' dir='ltr'><strong>snp-</strong></span> 
     </span>
     <span class='ocr_line' id='line_1_34' title="bbox 117 4176 827 4262; baseline 0.003 -19"><span class='ocrx_word' id='word_1_284' title='bbox 117 4203 138 4243; x_wconf 65' lang='grc' dir='ltr'><strong>,α</strong></span> <span class='ocrx_word' id='word_1_285' title='bbox 157 4178 320 4262; x_wconf 67' lang='lat' dir='ltr'><strong>plenum</strong></span> <span class='ocrx_word' id='word_1_286' title='bbox 337 4176 513 4262; x_wconf 85' lang='lat' dir='ltr'><strong>aliquando</strong></span> <span class='ocrx_word' id='word_1_287' title='bbox 529 4178 625 4247; x_wconf 84' lang='lat' dir='ltr'><strong>etiam</strong></span> <span class='ocrx_word' id='word_1_288' title='bbox 643 4178 791 4262; x_wconf 48' lang='lat' dir='ltr'><strong>plene.&gt;..·</strong></span> <span class='ocrx_word' id='word_1_289' title='bbox 824 4219 827 4222; x_wconf 61' lang='grc'><strong><em>«</em></strong></span> 
     </span>
    </p>

    <p class='ocr_par' dir='ltr' id='par_1_5' title="bbox 116 4291 1238 4498">
     <span class='ocr_line' id='line_1_35' title="bbox 167 4291 1238 4378; baseline 0.007 -23"><span class='ocrx_word' id='word_1_290' title='bbox 167 4317 186 4357; x_wconf 91' lang='lat'>«</span> <span class='ocrx_word' id='word_1_291' title='bbox 204 4293 352 4378; x_wconf 89' lang='lat' dir='ltr'><strong>Denique</strong></span> <span class='ocrx_word' id='word_1_292' title='bbox 370 4300 472 4359; x_wconf 82' lang='lat' dir='ltr'><strong>testes</strong></span> <span class='ocrx_word' id='word_1_293' title='bbox 495 4300 579 4357; x_wconf 78' lang='lat' dir='ltr'><strong>tertia·</strong></span> <span class='ocrx_word' id='word_1_294' title='bbox 603 4300 736 4377; x_wconf 79' lang='lat' dir='ltr'><strong>poneris,</strong></span> <span class='ocrx_word' id='word_1_295' title='bbox 762 4294 824 4363; x_wconf 84' lang='lat' dir='ltr'><strong>etsi</strong></span> <span class='ocrx_word' id='word_1_296' title='bbox 845 4302 995 4376; x_wconf 68' lang='lat' dir='ltr'><strong>maguam</strong></span> <span class='ocrx_word' id='word_1_297' title='bbox 1015 4291 1238 4376; x_wconf 69' lang='lat' dir='ltr'><strong>nasamone</strong></span> 
     </span>
     <span class='ocr_line' id='line_1_36' title="bbox 116 4408 1237 4498; baseline -0.008 -13"><span class='ocrx_word' id='word_1_298' title='bbox 116 4435 144 4485; x_wconf 75' lang='lat' dir='ltr'><strong>‚e</strong></span> <span class='ocrx_word' id='word_1_299' title='bbox 159 4423 253 4488; x_wconf 72' lang='lat' dir='ltr'><strong>nem.</strong></span> <span class='ocrx_word' id='word_1_300' title='bbox 266 4415 302 4482; x_wconf 80' lang='lat' dir='ltr'><strong>nt</strong></span> <span class='ocrx_word' id='word_1_301' title='bbox 318 4409 740 4498; x_wconf 64' lang='lat' dir='ltr'><strong>planurammniulsnom</strong></span> <span class='ocrx_word' id='word_1_302' title='bbox 751 4409 977 4497; x_wconf 73' lang='lat' dir='ltr'><strong>probatianum</strong></span> <span class='ocrx_word' id='word_1_303' title='bbox 991 4408 1123 4488; x_wconf 79' lang='lat' dir='ltr'><strong>noiant,</strong></span> <span class='ocrx_word' id='word_1_304' title='bbox 1141 4409 1237 4493; x_wconf 73' lang='lat' dir='ltr'><strong>plene</strong></span> 
     </span>
    </p>
   </div>
   <div class='ocr_carea' id='block_1_3' title="bbox 0 0 1362 4980">
    <p class='ocr_par' dir='ltr' id='par_1_6' title="bbox 0 0 1362 4980">
     <span class='ocr_line' id='line_1_37' title="bbox 0 0 1362 4980; baseline 0 0"><span class='ocrx_word' id='word_1_305' title='bbox 0 0 1362 4980; x_wconf 95' lang='lat' dir='ltr'><strong> </strong></span> 
     </span>
    </p>
   </div>
  </div>
 </body>
</html>
