2714 4980
528 313 607 362 runs
630 313 743 362 rmus.
1171 307 1191 370 9

82 437 160 507 idem
175 435 219 506 sit
232 447 396 506 mator
410 434 561 528 atjodcs‚
577 434 630 505 sed
642 433 736 527 quusi
752 434 958 509 masticata
968 438 1073 531 lm,
1089 439 1194 511 calda

79 555 194 646 [aeota
208 552 355 637 clumam
371 551 469 645 officii
485 550 538 621 sui
557 551 697 622 debitum
714 565 898 644 exequatur.
916 555 1040 643 (Capite
1057 555 1196 647 qualitor

79 685 104 740 ct
121 671 251 763 quoodo
272 675 326 753 24,
351 669 390 740 dc
416 670 542 754 Arcus,
566 672 650 739 libro
676 675 695 737 5
717 671 955 758 decretalium.)
982 673 1195 744 Concedimus

78 810 153 876 ergo
167 794 206 858 in
218 791 363 877 prefatis
377 789 504 856 casibus
521 810 585 857 non
605 790 730 876 requiri
749 798 787 856 nt
801 790 874 877 quis
887 789 1032 876 judicem
1049 791 1146 860 adeat
1160 801 1196 861 et

77 927 207 992 poenam
224 908 258 973 in
274 906 520 993 delinquentem
540 905 673 973 decerni
695 925 848 992 expresse
868 906 1026 993 postulet;
1044 928 1107 975 nec
1123 908 1196 976 infl-

76 1027 139 1092 cias
155 1027 240 1091 imus
255 1043 335 1091 vera
348 1042 419 1090 esse
429 1023 553 1108 judicia
567 1041 637 1109 quae
655 1022 717 1090 hoc
734 1022 831 1090 modo
848 1024 1079 1108 expediuntur.

118 1143 243 1209 Atvero
263 1147 342 1206 tunc
366 1139 570 1208 nibilominus
591 1159 657 1205 non
681 1139 801 1207 desunt
827 1140 883 1227 qui
908 1148 1036 1207 actores
1065 1141 1196 1226 speciali

76 1259 172 1328 modo
198 1266 308 1344 agunt,
331 1265 365 1324 et
382 1257 513 1325 sceleris
535 1256 711 1324 vindictam
729 1257 882 1342 implicite
905 1265 942 1324 et
961 1258 1195 1344 aequivalenter

78 1375 296 1462 postulant;ii
314 1393 431 1458 nempe
452 1373 510 1460 qui
529 1372 571 1440 dc
591 1379 721 1459 patrato
743 1373 876 1440 crimine
895 1374 1076 1459 loquuntur
1100 1382 1196 1442 etex

78 1511 217 1580 quorum
237 1491 558 1559 sermocinationibus
576 1492 706 1576 exurgit
732 1491 818 1558 fama
838 1491 979 1575 publica.
1007 1490 1087 1557 Cum
1109 1493 1195 1559 enim

76 1608 176 1694 judex
192 1610 294 1694 possit
314 1628 356 1675 ex
372 1606 474 1674 officio
492 1608 598 1674 ineos
618 1608 793 1694 inquirere,
809 1625 890 1694 quos
909 1606 995 1675 fama
1011 1606 1116 1674 refert
1129 1608 1194 1674 cri·

79 1726 169 1791 minis
184 1743 271 1804 reoS,
287 1725 343 1809 qui
359 1742 526 1791 rumorem
542 1722 585 1789 de
605 1723 738 1790 crimine
754 1730 911 1809 spargunt
924 1731 959 1790 et
969 1723 1089 1790 famam
1099 1722 1195 1791 affor-1

79 1847 179 1921 mant,
199 1841 261 1908 boo
279 1840 348 1925 ipso
362 1836 602 1928 quasicctorem
628 1839 844 1918 constituunt,
873 1858 949 1907 cum
972 1840 1059 1906 fama
1083 1839 1196 1927 hujus·

79 1958 164 2026 modi
194 1958 263 2024 vim
292 1960 409 2025 actoris
442 1957 584 2038 habeat3
614 1956 701 2024 unde
730 1976 845 2023 verum
868 1966 1017 2024 remanet
1043 1959 1078 2023 in
1108 1959 1194 2025 omui

79 2076 207 2162 proprie
225 2074 316 2142 dicto
328 2074 452 2161 judicio
466 2076 667 2142 intervenire
681 2081 827 2141 actorem
842 2075 1046 2161 aliquatenus
1055 2094 1074 2140 a
1083 2071 1193 2159 judice

79 2191 277 2259 distinctum.
298 2192 433 2259 Valeret
450 2189 583 2277 quidem
597 2210 696 2275 supra
707 2189 872 2276 descripta
883 2188 1033 2275 abJectio,
1051 2187 1194 2275 sijudex

78 2307 257 2393 procedere
278 2314 388 2392 posset
410 2307 539 2373 ex'sola
557 2305 617 2372 sibi
638 2305 772 2391 propria
796 2305 938 2372 criminis
964 2304 1091 2385 notitia,
1116 2305 1195 2392 quin

79 2424 236 2497 deiiceret
251 2425 391 2492 essentia
408 2424 541 2508 proprie
562 2422 643 2490 dicti
654 2422 770 2510 judicii
787 2445 794 2490 :
814 2426 1013 2507 at'negatur
1034 2421 1193 2507 judicium

78 2543 183 2611 vocari
197 2560 292 2628 posse
311 2539 400 2628 quod
409 2538 513 2626 judex
526 2539 695 2608 hocmodo
710 2549 835 2625 ageret.
847 2541 1083 2625 supponamus,
1100 2539 1194 2607 verbi

79 2659 187 2743 gratia
209 2658 390 2742 principem
403 2657 457 2724 vel
475 2658 700 2742 magistratum
718 2677 737 2723 a
752 2658 899 2742 principe
924 2674 1000 2722 cum
1024 2653 1195 2722 sufficienti

78 2783 238 2859 potestate
254 2775 479 2853 constitutum,
491 2775 626 2841 suismet
637 2774 740 2841 oculis
756 2773 875 2848 ‚vidisse
890 2774 1108 2859 patrationem
1124 2792 1193 2841 soe·

78 2888 149 2961 laris
164 2915 172 2960 :
188 2894 312 2977 poterit
328 2891 463 2978 quidem
474 2893 585 2958 statim
604 2893 638 2958 in
655 2910 750 2957 reum
772 2890 1048 2972 animadvertere,
1063 2909 1194 2976 poeuam

78 3009 133 3093 ipsi
144 3029 188 3076 ex
199 3007 274 3094 jure
293 3007 438 3075 debitam
453 3007 668 3093 imponendc;
685 3008 740 3074 ille
755 3027 834 3074 vero
848 3013 940 3073 actus
955 3006 1086 3074 forense
1105 3006 1193 3093 judi·

79 3128 162 3193 cium
178 3126 309 3192 minime
320 3127 507 3192 constituet.
525 3127 558 3193 si
571 3134 682 3193 autem
700 3126 905 3210 magistratus
919 3127 1114 3193 constitutus
1121 3131 1192 3192 tan·

78 3248 144 3310 tum
159 3243 263 3309 fuerit
277 3262 352 3308 cum
365 3248 528 3328 potestate
543 3241 703 3328 justitiam
722 3242 828 3310 forma
844 3241 990 3329 judiciali
1004 3242 1189 3324 exercendi,

77 3379 181 3446 neque
195 3360 317 3445 poterit
332 3360 526 3426 senteutiam
536 3358 624 3426 ferre
640 3360 674 3424 in
688 3378 781 3426 reum
797 3379 838 3426 ex
851 3361 916 3427 sola
932 3362 1048 3428 notitia
1059 3361 1193 3428 sceleris

77 3493 172 3561 quam
190 3475 259 3560 ipse
277 3482 432 3562 tanquam
447 3477 540 3551 testis
557 3464 706 3543 oculatus
721 3476 906 3562 acquisivit5
921 3477 981 3544 sed
992 3478 1114 3562 poterit
1124 3484 1194 3544 tan·

76 3600 145 3659 tum
157 3601 390 3672 matroneum,
408 3593 450 3660 ad
461 3591 553 3659 aliud
568 3593 713 3659 tribuual
725 3592 872 3673 citatum,
887 3595 1110 3662 testimonium
1119 3613 1193 3684 pro·

75 3709 176 3780 ferre.
201 3709 297 3778 Unde
318 3709 454 3777 tandem
476 3708 747 3789 concludendum,
764 3711 819 3779 vel
835 3731 901 3777 uon
921 3718 1034 3780 extare
1058 3713 1190 3798 proprie

74 3825 200 3895 dictum
212 3825 383 3914 judicium,
398 3829 453 3895 uel
467 3830 501 3894 in
510 3847 550 3895 ec
564 3829 704 3916 aliquem
719 3837 863 3900 actorem
873 3839 931 3898 aut
942 3833 1190 3918 quasi-actorem

74 3965 92 4011 a
100 3944 213 4032 judice
229 3943 419 4013 deonorum
432 3945 644 4013 intervenire.

118 4063 225 4145 Quam
246 4063 459 4150 questionem
477 4063 769 4149 Schmalzgrueber
794 4063 948 4150 expendit
966 4071 1001 4130 et
1017 4063 1114 4132 solvit
1128 4063 1190 4132 boc

73 4178 195 4249 modo:
217 4208 232 4235 α
248 4181 297 4247 An
313 4181 347 4246 in
365 4183 452 4247 omni
467 4180 591 4269 judicio
610 4202 743 4255 necesse
765 4185 807 4250 sit
825 4181 1025 4248 intervenire
1045 4179 1189 4268 judicem

77 4327 93 4353 ι
118 4304 263 4367 actorem
276 4305 312 4367 et
327 4301 445 4368 reum?
459 4300 599 4370 videtur
617 4298 882 4386 respondendum
895 4299 1058 4397 Πθὲἃῐὶἵθν
1072 4295 1189 4375 ⁰bdu·
1257 4389 1260 4396 .
1302 4394 1305 4399 .

77 4443 93 4472 ι
119 4414 237 4500 plicem
250 4413 419 4491 rationem.
433 4417 473 4486 ut
479 4415 589 4511 primo
599 4415 744 4504 quidem,
759 4416 877 4521 quain
888 4415 1010 4504 judicio
1018 4415 1184 4515 criminabj,
