2714 4980
191 267 232 330 64
537 281 724 330 raimerus
746 281 791 329 nn
812 279 961 329 runicus.

190 412 479 475 determinatim.
499 406 609 495 (Ibid.‚
623 427 657 472 u.
674 404 744 492 21.)
762 405 802 474 ld
814 404 934 492 probat
946 405 1067 470 Suarez
1081 421 1123 468 ex
1138 401 1307 485 Scriptura

189 545 292 605 sacra,
310 545 352 592 ex
362 523 437 611 jure
451 523 616 603 canonico,
635 543 676 590 ex
691 523 844 590 Ecclesia
859 522 962 607 praxi,
981 527 1017 586 et
1029 520 1169 588 ratione.

182 678 185 683 ·
234 646 314 711 Eam
329 651 441 710 autem
452 642 591 709 Suaresii
599 641 791 721 doctrinam,
804 641 904 708 fuisse
918 657 1124 709 communem
1137 655 1200 722 per
1210 635 1305 721 plura

188 763 307 829 secula
322 759 496 827 doctorum
509 759 625 827 schola
642 760 848 838 seutentiam,
863 766 1026 825 testantur
1041 775 1168 835 eorum,
1186 754 1304 840 quibus

188 877 393 946 bibliotheca
408 878 595 963 opplentur,
618 896 729 961 opera.
752 877 784 942 Si
798 876 968 943 hereticos
983 883 1018 942 et
1043 873 1214 944 damnatos
1229 890 1303 938 auc

186 1003 278 1072 tems
296 996 449 1078 excipias,
469 994 594 1060 nullum
617 992 690 1059 fere
711 992 861 1078 reperies
883 1000 959 1058 aute
987 992 1094 1058 exorti
1112 988 1303 1056 lauseuismi

185 1119 346 1196 tempora,
364 1113 421 1198 qui
438 1109 560 1177 dictam
571 1111 724 1177 Ecclesia
741 1129 783 1176 ex
795 1108 871 1197 jure
885 1108 994 1176 divino
1013 1108 1226 1175 coercitivam
1246 1125 1301 1192 po-

184 1237 341 1296 testatem
362 1247 423 1313 pro
440 1226 622 1294 indubitata
643 1247 709 1294 nou
730 1227 860 1294 habeat.
889 1227 1071 1294 Erroneam
1094 1233 1208 1292 autem
1232 1242 1300 1291 esse

186 1349 300 1433 nequit
326 1345 448 1434 aliquid
471 1345 631 1432 dogmatis
647 1344 745 1432 >quod
771 1346 989 1411 communiter
1010 1351 1126 1411 teuent
1149 1341 1300 1410 doctores

184 1463 313 1543 scholae,
330 1471 378 1543 ut,
401 1482 477 1529 cum
494 1463 671 1530 Melchiore
696 1462 793 1540 Cano,
811 1466 966 1548 tauquam
991 1468 1120 1528 certum
1139 1461 1181 1527 ab
1199 1459 1299 1527 omui-

180 1579 247 1647 :bus
260 1579 454 1647 admittitur.
471 1578 742 1647 concludendum
758 1598 837 1664 ergo
848 1577 891 1645 ad
903 1579 1082 1646 Ecclesiam
1096 1595 1216 1646 revera
1227 1576 1298 1663 jure
1329 1594 1331 1599 ’

184 1699 318 1783 proprio
332 1697 500 1783 pertinere
515 1716 578 1782 per
591 1716 704 1782 poeuas
722 1696 820 1764 etiam
848 1697 1037 1780 corporales
1052 1704 1088 1767 et
1102 1693 1298 1781 temporales

185 1813 362 1883 coercendi
375 1821 585 1900 potestatem.

698 2078 714 2150 5
738 2070 793 2136 lv.

483 2291 651 2352 Argumentum
660 2302 688 2339 ex
697 2287 806 2340 Ecclesia
815 2287 996 2362 delinitipuibus.

228 2518 373 2586 Vidimus
399 2538 498 2604 snpra
522 2519 640 2607 (capite
658 2518 690 2605 3)
710 2518 894 2590 damnatam
917 2518 1017 2585 fuisse
1046 2525 1085 2584 ut
1109 2519 1293 2590 hereticam

181 2637 313 2705 liarsilii
336 2635 486 2703 Patavini
502 2637 699 2722 opinionem,
718 2657 783 2724 qua
798 2639 862 2704 rim
881 2657 1011 2705 omnem
1037 2638 1220 2705 coactivam
1240 2640 1295 2706 Ec

173 2754 286 2822 clesiae
300 2752 494 2839 denegabat,
510 2762 646 2839 exceptu
660 2774 700 2821 ea
713 2774 811 2841 quam
820 2774 862 2821 ex
874 2757 1082 2823 concessione
1093 2756 1294 2823 monadum

172 2871 363 2954 principum
396 2870 598 2937 obtinuisset.
630 2872 734 2939 Porro
759 2890 801 2937 ex
824 2873 887 2937 ista
913 2870 1118 2939 damnatione
1148 2873 1296 2959 sequitur

179 2985 331 3054 Ecclesia
348 2993 538 3072 competere
550 2988 649 3054 etiam
660 3007 842 3073 perpoenas
857 2989 1042 3075 corporales
1051 2997 1086 3056 et
1094 2989 1295 3075 temporales

173 3106 389 3172 coercitivsm
402 3113 610 3190 potestatem.
630 3107 722 3186 Nam,
740 3105 820 3173 dnm
833 3106 1006 3175 haereticus
1023 3107 1078 3174 ille
1090 3109 1242 3190 asseruit,
1254 3107 1295 3174 ab

179 3218 324 3286 Ecclesia
339 3227 445 3304 puniri
457 3241 517 3286 aaa
525 3242 613 3305 posse
627 3226 725 3288 ullum
738 3225 885 3289 minem
896 3230 1053 3308 maritione
1067 3232 1214 3307 coactive,
1237 3226 1295 3292 mi·

171 3335 265 3401 nime
279 3334 442 3402 intellexit
456 3355 517 3420 per
529 3336 591 3403 ista
608 3337 722 3418 verba,
735 3345 894 3422 maritione
908 3347 1052 3422 coactiva,
1072 3343 1295 3410 excommuni-

180 3455 341 3520 cationem
365 3454 484 3520 aliasve
506 3456 691 3539 spirituales
710 3476 824 3542 poeuas
842 3480 849 3524 :
868 3459 968 3543 ipsius
985 3479 1004 3525 e
1024 3466 1140 3525 contra
1149 3467 1294 3544 systema

177 3575 285 3637 totum
294 3569 373 3636 inid
387 3569 589 3652 collimabat,
601 3581 640 3639 ut
653 3572 806 3639 Ecclesia
816 3582 1015 3658 potestatem
1025 3576 1111 3642 iutra
1122 3594 1294 3660 poeuaruru

178 3704 270 3753 mere
293 3688 507 3773 spiritualium
530 3690 723 3757 exercitium
750 3691 1053 3779 circumscriberet3
1079 3693 1126 3759 ita
1155 3695 1291 3776 scilicet,

172 3811 215 3894 ⁸ut
229 3805 445 3888 pronuntiatis
464 3804 650 3892 hujusmodi
668 3808 782 3892 poeuis,
803 3827 879 3875 reus
892 3810 1094 3877 conscientiae
1112 3829 1180 3876 suae
1196 3811 1294 3879 reliu-

176 3920 327 4007 queudus
343 3929 447 4008 esset3
467 3943 529 3990 uec
545 3923 696 3991 Ecclesia
712 3923 761 3991 fas
776 3935 865 3993 esset
882 3928 949 3995 ulla
963 3929 997 3995 vi
1012 3924 1159 4008 externa,
1178 3948 1294 4016 corpo-

176 4037 236 4104 rali
253 4039 390 4124 proinde
414 4040 470 4107 vel
496 4043 679 4127 temporali,
706 4063 782 4111 eum
809 4063 928 4131 cogere
952 4045 994 4112 ad
1016 4046 1291 4115 satisfaciendum.

175 4154 255 4222 liam
268 4156 369 4224 fuisse
384 4159 516 4226 Marsilii
530 4161 678 4227 Patavini
692 4169 847 4244 mentem,
861 4172 896 4231 et
911 4183 1024 4231 omnes
1042 4166 1097 4251 qui
1112 4163 1154 4232 de
1172 4184 1213 4234 eo
1228 4165 1293 4234 dis·

175 4283 292 4343 serunt
320 4283 453 4344 veteres
475 4285 627 4346 auctores
660 4280 914 4364 intellexeruut,
947 4290 982 4350 et
1008 4283 1078 4368 ipsa
1099 4281 1170 4371 ejus
1190 4285 1293 4354 verba

174 4401 289 4477 aperte
317 4403 491 4464 testantur.
513 4396 676 4466 absonum
702 4407 812 4468 autem
839 4408 891 4468 est
916 4400 1027 4469 dicere
1054 4400 1126 4489 ejus
1149 4411 1291 4490 systema
