2714 4980
117 274 182 337 412
469 291 657 340 rnacrsrus
678 293 723 340 nn
744 291 894 340 runrcns.

120 417 242 482 nuensi
255 421 289 482 et
302 416 478 482 Gariatensi
492 421 512 482 2
528 416 672 485 octobris
702 420 798 498 1706,
816 418 858 485 ad
880 422 910 484 5.
931 441 947 480 a
969 422 1042 485 Non
1061 426 1111 484 est
1125 429 1217 488 autem

116 535 204 600 inter
222 540 398 618 utrumque
409 534 557 600 tribunal
574 536 636 601 nisi
655 554 815 621 apparens
827 536 997 620 oppositio.
1024 538 1105 601 Nam
1127 538 1219 622 quoad

117 647 284 716 dioecesim
297 652 471 716 notabiliter
487 650 674 731 distantem,
696 660 730 717 et
748 655 780 718 in
795 671 858 737 qua
872 653 1052 736 Episcopus
1070 672 1133 718 non
1154 657 1221 720 resi·

117 763 187 842 det,
212 763 300 830 idem
322 763 499 831 dicendum
517 768 607 833 venit
625 788 661 833 aa
684 766 726 833 de
746 787 822 833 casu
845 769 997 851 Episcopi
1010 769 1046 832 in
1065 788 1123 833 sua
1141 771 1221 835 unica

118 877 252 945 dioecesi
269 900 335 944 non
353 880 541 948 residente:
562 902 660 967 porro
679 885 713 948 in
731 885 792 949 hoo
814 884 928 950 ultimo
944 903 1022 949 casu
1041 886 1148 951 teneri
1161 887 1222 969 Epi·

118 1014 252 1080 scopum
261 994 304 1062 ad
314 995 710 1081 deputandumVicarium
719 1001 916 1084 generalem,
927 999 1134 1085 admisitipsa
1142 1002 1220 1079 Rota,

117 1117 156 1176 ut
172 1129 270 1195 supra
281 1110 431 1178 vidimus.

628 1289 708 1366 Η.

360 1488 411 1546 Qua
424 1487 499 1537 lorma
512 1489 688 1541 constituendus
701 1493 732 1542 sit
744 1491 851 1542 Vicarius
864 1492 990 1552 generalis.

164 1699 327 1779 Quaeritur
338 1719 456 1784 nempe
470 1709 583 1766 utrum
596 1700 747 1768 adhiberi
758 1703 942 1769 necessario
957 1701 1082 1768 debeat
1101 1703 1227 1785 scriptu·

119 1834 176 1892 ra,
199 1835 242 1881 an
261 1834 341 1880 vero
363 1818 464 1901 possit
481 1818 657 1902 Episcopus
673 1839 752 1885 voce
770 1818 939 1884 dumtaxat
950 1818 1141 1902 generalem
1152 1818 1231 1883 Vica-

118 1931 203 1997 rium
222 1934 433 2000 constituere.
451 1937 555 2017 Quam
577 1938 786 2021 questionem
804 1935 1002 2002 sufficienter
1022 1922 1160 2002 resolvit
1175 1935 1231 2000 blo

119 2050 263 2116 macellus
271 2052 333 2116 hoc
346 2051 445 2118 modo
457 2075 464 2118 :
481 2076 497 2115 «
512 2055 667 2135 Quamvis
681 2055 828 2120 Vicarius
838 2056 988 2138 Episcopi
1000 2052 1132 2118 dicatur
1142 2050 1233 2136 juder

123 2167 346 2248 «ordinarius,
365 2178 401 2235 et
414 2170 535 2236 habere
549 2169 739 2235 mandatum
757 2170 861 2253 alege
876 2168 1090 2256 (...doct0res
1105 2187 1233 2234 commu·

95 2262 98 2269 ⁵
123 2283 262 2371 aniter);
283 2287 489 2353 nibilominus
507 2287 609 2354 debet
632 2289 665 2352 in
688 2289 816 2370 scriptis
841 2288 995 2353 constitui
1010 2294 1045 2351 et
1060 2285 1231 2369 deputari:

124 2426 141 2464 «
153 2422 219 2467 non
234 2405 307 2488 quia
317 2405 360 2468 sit
369 2404 549 2470 necessaria
561 2405 732 2488 scriptura,
748 2403 808 2470 sed
822 2403 1106 2487 adprobationem
1120 2403 1154 2467 in
1169 2421 1234 2468 casu

124 2544 141 2582 «
153 2537 218 2605 quo
231 2541 250 2585 a
264 2520 412 2603 partibus
425 2519 496 2606 ejus
510 2522 685 2587 auctoritas
705 2540 803 2605 super
824 2522 943 2607 aliquo,
964 2519 1098 2602 speciali
1114 2517 1158 2584 de
1169 2516 1234 2602 jure

125 2632 312 2720 «Episcopo
326 2644 512 2716 reservato,
536 2646 723 2721 negaretur,
742 2637 795 2703 vel
813 2638 890 2703 olias
905 2637 939 2700 in
952 2635 1092 2701 dubium
1102 2654 1235 2727 revoca-

124 2759 259 2818 «retur.
284 2752 472 2818 Periculosa
496 2760 547 2818 est
569 2754 656 2818 enim
683 2753 832 2820 doctriua
858 2753 1043 2835 Ventrigliae
1071 2751 1231 2839 (inpransi,

125 2878 248 2955 aparte
264 2873 295 2952 2,
310 2877 419 2935 annot.
442 2871 493 2947 14,
511 2890 545 2935 n.
564 2868 630 2955 52),
647 2871 705 2936 ubi
719 2878 855 2936 conatur
873 2869 1026 2952 probare,
1044 2867 1136 2954 quod
1148 2869 1175 2932 si
1185 2887 1235 2932 au-

124 3010 140 3049 a
156 2988 287 3052 ctoritas
308 2985 427 3052 vicarii
454 2974 602 3069 negetur,
622 2993 686 3050 aut
712 2984 753 3050 dc
780 3005 819 3051 ea
841 2992 1039 3069 opponatur,
1071 2991 1236 3069 postquam

125 3103 301 3169 «vicarius
319 3121 358 3167 ea
372 3120 450 3166 usus
468 3109 528 3181 est,
547 3100 667 3167 debeat
682 3101 834 3185 praesumi
852 3101 941 3165 illam
959 3098 1113 3164 babuisse
1129 3097 1174 3164 ad
1192 3117 1238 3162 su-

124 3243 141 3279 «
158 3218 342 3283 stinendum
360 3226 480 3296 actum,
501 3220 640 3284 maxime
653 3218 680 3282 si
690 3223 850 3301 prasente
864 3217 1023 3301 Episcopo
1042 3215 1238 3299 explevisset

125 3355 192 3401 nea
210 3352 281 3420 quae
306 3338 477 3420 requirunt
495 3337 667 3420 specialem
683 3336 883 3403 facultatem.
902 3333 984 3415 Quia
998 3351 1075 3397 cum
1092 3331 1238 3417 specialia

125 3453 312 3537 «Episcopo
334 3474 353 3520 a
373 3454 447 3541 jure
469 3461 654 3531 reservata,
682 3471 748 3517 non
769 3460 963 3518 censeantur
986 3469 1096 3535 neque
1120 3467 1239 3532 praesu·

126 3579 285 3637 amantur
310 3592 471 3651 concessa,
499 3573 558 3637 nisi
579 3573 613 3637 in
635 3570 788 3637 mandato
812 3577 846 3635 et
869 3568 1101 3635 constitutione
1124 3563 1238 3631 vicarii

126 3691 391 3774 «exprimantur,
413 3690 621 3773 praesumptio
634 3695 698 3753 stat
711 3707 771 3771 pro
786 3687 937 3751 nullitate
952 3689 1055 3760 actus,
1084 3683 1146 3748 nisi
1169 3701 1238 3766 pro

125 3807 255 3873 «betur
272 3807 465 3890 commissi03
489 3825 587 3890 quam
607 3806 747 3889 probare
765 3811 899 3869 tenetur
917 3803 986 3885 ipse
1005 3800 1165 3877 Vicarius
1192 3797 1236 3865 vel

124 3948 141 3987 «
155 3925 237 3991 alius
254 3926 311 4011 qui
328 3943 399 3990 eam
418 3923 612 4008 supponit...
629 3923 741 3988 Tutior
751 3939 829 4006 ergo
845 3921 897 3987 via
913 3926 973 3996 est,
989 3916 1081 4003 quod
1097 3915 1238 3981 Vicarius

124 4066 140 4103 a
155 4043 188 4107 iu
199 4042 357 4126 principio
371 4043 421 4106 sui
434 4039 528 4106 officii
542 4058 651 4105 coram
670 4038 818 4122 Capitulo
833 4034 1027 4102 cathedralis
1041 4052 1104 4117 per
1117 4030 1238 4098 cancel·

127 4157 271 4224 «larium
286 4158 413 4224 litteras
435 4175 500 4221 suae
522 4154 742 4239 deputationis
757 4153 922 4237 publicare
939 4151 1049 4228 faciat,
1069 4157 1104 4216 et
1120 4144 1237 4214 deinde

125 4299 142 4336 a
158 4293 258 4357 penes
280 4280 352 4340 acta
379 4271 581 4339 Cancellariae
611 4289 671 4355 per
700 4278 870 4336 extensum
899 4266 1069 4354 registrari
1102 4270 1235 4333 curet.»

127 4392 226 4480 (Part.
247 4396 277 4471 l,
295 4391 346 4457 tit.
369 4395 399 4471 1,
413 4391 554 4457 formula
572 4395 601 4467 l,
615 4408 649 4454 n.
670 4385 739 4474 30.)
