2714 4980
118 314 160 382 22
458 325 645 381 nuncnune
666 332 711 380 nn
732 328 881 379 surmus.

161 459 204 525 lit
218 461 352 524 notetur
365 454 532 539 propriam
545 468 619 519 earn
633 455 699 519 vim
717 469 787 520 esse
802 452 945 521 Murano
955 468 1016 522 scu
1029 457 1228 524 Justinianeo

115 568 201 656 jhri3
218 583 284 635 non
299 575 410 634 autern
429 582 635 634 communem
657 567 784 633 ceteris
809 584 873 652 quo
888 566 944 632 alii
960 568 1073 652 populi
1086 569 1137 634 nsi
1152 575 1229 638 sina

111 692 176 754 hut
189 682 287 752 bodie
304 690 444 751 utuntur
464 685 575 769 legum
596 682 773 751 codicibus.
795 685 930 775 Frustra
952 685 1040 750 enim
1060 686 1085 750 ii
1100 684 1230 752 codices

119 791 667 888 inumbatisnemndducerentun
684 800 833 887 quianon
843 819 910 879 eos,
925 799 1230 867 sedJustinianeum

116 918 287 987 dumtaxat
306 934 402 982 suum
424 915 504 982 iecit
524 913 666 983 Ecclesia
685 915 727 982 ad
749 915 968 1000 supplendum
982 918 1015 982 in
1032 916 1070 981 iis
1085 916 1231 983 materiis

118 1036 161 1103 de
181 1033 299 1122 quibus
318 1033 581 1112 serenessimi,
602 1041 660 1100 aut
674 1032 773 1099 dubie
798 1034 989 1119 loquuntur.
1015 1034 1098 1099 Hinc
1120 1041 1231 1100 autem

118 1160 233 1238 aperte
245 1151 393 1238 seqnitur
405 1168 472 1216 non
483 1167 576 1235 posse
590 1166 784 1236 quemquam
796 1148 878 1236 juris
895 1150 980 1216 sacri
989 1150 1133 1234 peritum
1142 1149 1227 1229 fieri,

118 1270 181 1336 nisi
192 1267 287 1335 simul
304 1268 486 1335 Romanum
496 1265 550 1352 jus
563 1265 692 1346 adierit,
709 1273 806 1353 atque
825 1287 866 1333 ex
882 1286 922 1333 eo
936 1267 1027 1333 ionte
1040 1285 1107 1333 nou
1125 1285 1232 1350 pauca

118 1386 274 1453 hauserit.
293 1386 398 1471 Atque
409 1383 486 1451 inde
497 1401 578 1464 uros,
592 1392 632 1450 ut
646 1384 680 1450 in
692 1383 960 1451 universitatibus
972 1385 1035 1468 ipsi
1048 1384 1148 1450 etiam
1166 1384 1232 1452 cle-

117 1504 180 1572 riei
190 1503 323 1589 utrique
338 1520 473 1588 operam
482 1510 617 1581 navent,
634 1508 735 1588 atque
748 1501 784 1567 in
793 1508 935 1587 utroque
947 1499 1156 1568 doctoratum
1168 1499 1232 1569 sibi

119 1620 359 1687 nanciscantur.

163 1736 374 1804 Nihilominus
390 1733 675 1824 deseruissem
695 1731 820 1824 specula
839 1735 920 1822 (que
940 1741 991 1802 est
1017 1735 1133 1802 ultima
1156 1733 1234 1802 libri

118 1854 210 1921 tertii
223 1848 448 1936 decretalium)
464 1866 531 1917 non
543 1859 673 1917 tantum
684 1851 727 1916 'ab
740 1871 783 1917 eo
794 1850 878 1938 juris
892 1851 1027 1918 Romani
1045 1848 1155 1918 studio
1167 1852 1234 1918 cle-

119 1971 204 2036 ricos
217 1976 252 2036 et
266 1969 433 2053 religiosos
445 1967 616 2033 deterrere
633 1967 773 2046 videtur,
792 1966 852 2033 sed
867 1985 1019 2050 expresse
1033 1966 1096 2033 sub
1108 1985 1235 2035 excom·

120 2085 344 2153 muniretionis
360 2064 463 2169 ¹prens
481 2082 647 2168 prohibet,
667 2102 710 2150 na
732 2083 875 2168 religiosi
897 2079 935 2149 dc
954 2078 1100 2150 scurris
1121 2092 1235 2150 enecat

119 2198 164 2269 ud
182 2197 376 2270 causoden
386 2194 483 2288 lcgcsr
500 2207 598 2285 atque
616 2219 689 2266 erm
700 2198 943 2285 dispositionem
957 2206 1071 2283 postea
1084 2198 1235 2266 extendit

119 2316 163 2385 ad
186 2317 418 2403 presbyteros,
442 2335 571 2382 necnon
594 2314 638 2383 ad
662 2317 797 2382 clericos
819 2324 1154 2401 omnespersonatum
1175 2318 1235 2384 ali·

119 2446 218 2523 quem
226 2432 425 2500 obtinentes.
440 2432 523 2498 liinc
532 2432 622 2518 apud
628 2433 811 2500 vcrrrrorristus
825 2440 904 2500 orte
919 2435 1127 2519 questiones:
1146 2437 1181 2500 1⁰
1192 2454 1234 2502 an

120 2552 325 2639 regularibus
336 2558 371 2618 et
389 2551 515 2617 clericis
524 2551 736 2617 suculsribus
744 2551 846 2618 hosat
854 2550 1162 2637 innumeremus
1174 2551 1235 2620 dc·

120 2690 213 2755 oere;
230 2674 264 2736 2⁰
278 2688 320 2735 au
332 2669 409 2752 ipsis
421 2670 517 2736 liceat
532 2668 677 2753 publicas
691 2668 902 2754 frequentare
918 2668 1043 2736 soboles
1057 2670 1094 2734 in
1115 2669 1234 2754 quibus

117 2787 171 2873 jus
182 2784 265 2854 illud
277 2786 414 2870 legitur;
432 2790 466 2852 3⁰
481 2786 609 2869 anipsis
619 2786 717 2852 liceat
728 2784 1071 2871 eidemjnripriratim
1080 2785 1230 2854 studere.

120 2904 207 2987 Quas
221 2901 416 2992 questiones
430 2900 506 2968 vide
525 2901 598 2968 fuse
609 2901 959 2986 dncmnsamgnano
973 2901 1018 2989 sm
1035 2901 1162 2968 dictum
1181 2922 1235 2987 ea

120 3016 181 3106 put
197 3035 290 3110 saper
303 3015 438 3111 speratis,
456 3039 489 3085 n.
515 3022 554 3087 lu
575 3026 611 3085 et
624 3015 860 3104 sequentibus).
874 3018 934 3084 liic
948 3016 1117 3086 dumtaxat
1131 3018 1235 3086 adno-

119 3137 260 3204 tabimus
276 3137 531 3204 communiorem
546 3135 722 3204 doctorum
741 3135 934 3202 sententiam
949 3156 957 3202 ι
973 3141 1089 3202 tenent
1106 3137 1233 3205 scilicet

120 3252 320 3338 prohibitum
333 3252 459 3319 clericis
467 3271 535 3318 non
546 3269 617 3318 esse
631 3251 775 3318 studium
784 3253 803 3317 J
804 3252 976 3318 ustinianei
981 3251 1074 3337 juris,
1087 3250 1187 3319 modo
1201 3254 1233 3320 ei

119 3372 274 3451 tanquam
290 3365 397 3430 minus
416 3363 591 3450 principali
611 3363 836 3449 incumbatur3
849 3363 885 3431 id
903 3371 970 3442 est,
987 3363 1085 3432 modo
1110 3365 1169 3432 fiat
1188 3365 1233 3433 ad

120 3480 289 3549 meliorem
299 3479 383 3568 juris
397 3480 542 3547 canonici
551 3480 809 3575 intelligentiam.
877 3523 879 3525 ·

169 3628 184 3656 κ
208 3597 378 3668 utantur
397 3597 534 3664 fortasse
562 3615 628 3663 non
643 3604 745 3664 nemo
768 3597 825 3685 (ait
846 3598 965 3682 hugal,
985 3599 1022 3664 in
1046 3601 1229 3682 ,pro'oemicg

125 3743 140 3774 a
164 3712 198 3784 n.
219 3713 286 3802 19),
308 3732 368 3782 cur
381 3715 421 3782 iu
444 3715 551 3800 capite
573 3715 691 3782 ultimo
706 3734 752 3783 fac
776 3711 885 3782 chrisi
912 3712 959 3782 cel
978 3711 1141 3793 mortosii,
1168 3717 1233 3786 sub

125 3860 140 3890 ι
161 3848 261 3920 puna
289 3829 629 3900 excommunicationis
649 3816 871 3900 interdicatur
890 3833 1040 3918 personis
1059 3834 1234 3901 ecclesias·

124 3976 140 4006 α
163 3951 236 4016 ticis
255 3947 401 4016 studium
418 3947 506 4035 juris
525 3949 654 4016 civilis?
669 3947 865 4033 Respondes
885 3948 921 4018 id
946 3949 1085 4032 intelligi
1098 3948 1149 4016 vd'e
1174 3950 1234 4017 tali

124 4093 140 4122 a
163 4065 274 4132 studio
287 4064 377 4152 quod
391 4064 549 4131 abstrahit
564 4085 586 4130 a
604 4065 672 4131 vita
687 4065 912 4143 eeoioeiastica,
928 4073 968 4132 et
988 4064 1031 4130 iit
1050 4066 1232 4134 intentione

123 4210 139 4239 α
162 4178 326 4251 subeundi
347 4200 489 4252 munera
504 4190 547 4250 et
570 4179 674 4249 o‘fficia
691 4182 898 4250 secularium
918 4180 1155 4250 sarmatorum
1173 4182 1234 4249 cul

122 4325 138 4354 ι
157 4298 325 4386 ‘judicum
339 4316 414 4367 ‘non
428 4304 539 4366 autem
555 4297 644 4386 quod
660 4297 700 4366 ut
713 4299 748 4365 in
762 4295 877 4365 ordine
893 4297 939 4364 hd
951 4297 1132 4383 peneum
1143 4297 1233 4383 ‚inuis

122 4444 138 4474 ι
161 4416 305 4485 canonici
322 4417 580 4520 intelligentiam.
603 4416 652 4485 ld
671 4415 828 4504 majorem
849 4423 958 4485 tomen
977 4416 1141 4487 mutuam
1158 4418 1232 4487 uui·
