2714 4980
384 313 848 436 TRAGTATUS

590 605 633 662 DE

58 849 412 1039 tttldlls
487 845 1170 1039 lttllsllslttlt.

157 1473 353 1551 sottus
377 1472 696 1551 TRACTATUS
719 1471 1078 1549 DISTRIBUTIO.

104 1729 292 1816 Accingenti
310 1746 381 1794 sese
400 1727 443 1794 ad
462 1728 648 1795 uniuersam
665 1724 864 1812 judiciorum
882 1727 1176 1794 ecclesiasticorum

59 1846 290 1914 excutiendum
302 1853 399 1931 atque
413 1843 660 1911 describendam
674 1862 831 1922 normam,
848 1843 1016 1910 commoda
1032 1844 1178 1913 occurrit

61 1964 161 2030 totius
182 1960 397 2027 concinnandi
419 1967 578 2026 tractatus
597 1958 751 2043 bipartita
772 1956 974 2038 distributio,
997 1958 1173 2027 videlicet:

63 2075 102 2144 dc
115 2072 256 2144 dediciis
269 2071 479 2143 ecclesiasticis
491 2070 528 2140 in
541 2093 662 2163 pertore,
673 2080 708 2141 et
721 2071 760 2140 dc
767 2069 910 2140 dediciis
919 2071 1130 2142 ecclesiacticis
1141 2073 1178 2142 io

60 2191 171 2284 specie.
195 2195 277 2260 Sunt
293 2210 410 2277 nempe
434 2192 582 2258 notiones
601 2191 765 2275 plurime,
787 2191 948 2276 quaslibet
966 2193 1178 2277 respicientes

62 2309 356 2378 ecclesiasticorum
374 2306 572 2393 judiciorum
595 2307 737 2390 species,
761 2325 842 2392 quas
863 2305 907 2372 ad
932 2308 1177 2393 intelligendam
1311 2326 1315 2334 ·

60 2427 289 2494 tractationem
306 2424 477 2509 reliquam,
496 2424 591 2509 eique
607 2422 743 2490 solidam
761 2423 796 2489 in
813 2433 1018 2492 antecessum
1032 2426 1179 2494 subster-

62 2544 206 2612 nendam
217 2541 422 2623 fundamenti
435 2541 512 2619 vim,
534 2541 688 2624 premitti
704 2560 837 2607 necesse
853 2550 903 2608 est
918 2564 925 2609 :
942 2561 988 2609 eae
1003 2562 1103 2627 porro
1117 2545 1178 2611 sub

63 2660 165 2747 priori
185 2659 308 2726 bitariae
330 2656 494 2725 divisionis
520 2655 669 2723 membro
689 2656 803 2724 sedem
822 2660 987 2744 propriam
1014 2660 1174 2729 obtinent.

63 2778 209 2860 Quarum
226 2776 326 2842 series
343 2773 437 2840 nobis
454 2773 516 2841 hoc
529 2771 644 2840 ordine
660 2774 833 2842 statuenda
848 2778 916 2845 visa
932 2783 982 2844 est
997 2800 1004 2844 :
1021 2779 1179 2862 imprimis

64 2895 186 2962 scilicet
205 2890 402 2977 expenditur
421 2891 501 2978 quid
520 2893 584 2959 sint
600 2889 722 2976 judicia
738 2893 955 2961 ecclesiastica
975 2903 1010 2963 et
1026 2915 1091 2982 quo
1101 2895 1176 2982 jure

63 3011 266 3098 reprlentnr.

105 3130 199 3206 Tum,
218 3146 260 3193 ne
278 3125 394 3193 subeat
408 3125 580 3205 dubitatio,
601 3144 680 3192 num
693 3124 779 3193 forte
799 3126 964 3212 illegitim
978 3128 1176 3215 judiciorum

63 3242 224 3331 ejusmodi
237 3245 346 3328 praxis
363 3243 398 3309 in
415 3242 557 3309 Ecclesia
575 3242 761 3323 invaluerit,
779 3243 938 3326 probatur
951 3253 1049 3332 atque
1067 3250 1178 3315 incon-

64 3379 157 3428 cusse
170 3361 321 3427 firmatur
332 3356 501 3445 judiciaria
517 3359 666 3426 llcclesiae
682 3366 836 3443 potestas.

109 3481 248 3563 insuper
265 3485 300 3544 et
319 3477 422 3563 qualis
435 3496 473 3544 ea
487 3481 543 3558 sit,
561 3496 620 3544 seu
635 3476 799 3564 quomam
811 3482 979 3564 proprium
994 3482 1055 3548 sibi
1070 3483 1179 3571 objec-

64 3602 134 3661 tum
153 3594 283 3674 babeat,
300 3591 519 3679 subjungitur.

109 3711 235 3794 Quibus
251 3711 285 3775 in
300 3718 505 3776 antecessum
523 3711 636 3790 missis,
659 3710 747 3776 subit
768 3710 810 3777 de
830 3714 927 3780 variis
945 3718 1090 3799 personis
1105 3737 1177 3806 quae

61 3826 191 3914 judiciis
204 3827 425 3893 ecclesiasticis
436 3828 636 3894 intervenire
653 3826 770 3908 solent,
785 3835 819 3896 et
831 3829 873 3897 de
882 3829 965 3916 juris
975 3835 1059 3902 sacri
1070 3835 1178 3920 quoad

66 3946 206 4031 singulas
221 3946 352 4010 statutis
366 3944 495 4030 legibus
510 3943 714 4030 disceptatio.

109 4061 189 4128 Cum
207 4081 287 4128 vero
302 4070 443 4148 nequeat
460 4081 663 4149 unaqueque
685 4082 780 4130 eausa
796 4066 857 4131 nisi
872 4086 891 4132 c
904 4075 1110 4153 competente
1127 4072 1180 4159 jn-

63 4176 136 4245 dice
150 4178 294 4263 legitime
309 4177 426 4258 dirimi,
444 4198 508 4265 qua
518 4180 644 4246 ratione
653 4178 755 4266 judex
766 4181 820 4249 ille
836 4191 1024 4268 competens
1035 4185 1182 4274 dignosci
1277 4220 1280 4225 ·

65 4293 183 4374 valeat,
202 4302 253 4362 est
265 4295 366 4362 etiam
379 4294 628 4380 indigitandum.

109 4410 148 4476 ln
163 4429 358 4498 unoquoque
374 4421 534 4498 preterea
547 4412 669 4499 jndicio
685 4414 886 4499 precipuum
904 4423 954 4484 est
967 4426 1005 4486 ut
1018 4421 1179 4505 probetur

137 4534 140 4539 '
211 4525 232 4583 l.
1041 4540 1053 4593 t
