2714 4980
427 304 429 308 ·
498 311 577 360 rens
599 312 758 360 secunus.
1116 298 1179 360 377

38 513 41 518 Ι
64 431 214 509 heretur,
242 438 276 498 et
297 433 401 499 solum
421 431 475 518 jus
501 436 660 518 scriptum
681 433 957 519 perpenderetur,
981 442 1090 518 posset
1106 435 1182 518 Epi·

64 564 168 631 scopo
182 548 360 631 supplicari
372 555 485 615 contra
499 550 685 615 nullitatem
699 550 868 616 sententiae
883 550 924 615 ab
940 550 1041 632 ipsius
1053 551 1182 616 Vicario

63 664 210 746 generali
228 665 374 748 prolatae.
397 666 429 730 Si
451 666 537 731 enim
557 668 658 750 possit
679 668 857 750 Episcopus
880 665 923 731 de
948 666 1088 750 proprie
1114 685 1180 731 sure

61 779 235 844 sententie
257 780 407 845 nullitate
429 782 659 864 pronuntiare,
687 786 723 846 et
746 781 833 846 illam
858 783 1051 847 sententiam
1076 788 1181 847 retra-

59 901 164 972 ctare,
182 914 201 960 u
215 895 343 961 fortiori
356 895 392 962 id
409 899 532 981 poterit
551 897 660 983 quoad
675 899 869 964 'sententiam
886 898 1004 963 Vicarii
1022 898 1082 962 sui.

105 1011 143 1074 4⁰
156 1011 298 1092 Questio
314 1030 355 1076 an
367 1015 468 1094 possit
480 1013 553 1078 fieri
567 1013 759 1097 supplicatio
777 1012 821 1077 ad
835 1013 1040 1097 Episcopum,
1057 1021 1096 1078 ut
1108 1031 1180 1077 sen·

57 1127 199 1192 tentiam
213 1126 331 1192 Vicarii
344 1129 393 1192 sui
407 1129 566 1211 generalis
580 1127 733 1214 injustam
749 1128 896 1205 declaret
910 1137 1008 1213 atque
1024 1137 1095 1192 eam
1109 1146 1180 1193 con

59 1241 158 1325 rigat,
176 1242 306 1308 omnino
316 1246 466 1327 negative
482 1242 638 1310 solvenda
653 1249 713 1309 est.
729 1245 819 1321 Nam,

106 1362 224 1437 Primo,
241 1356 369 1423 admitti
386 1361 499 1444 nequit
512 1361 617 1444 legem
632 1362 828 1438 canonicum,
846 1377 917 1444 quae
934 1358 1088 1441 prohibet
1102 1379 1179 1425 nec

58 1473 189 1537 Viccrio
206 1473 349 1556 generali
367 1473 410 1538 ad
424 1475 617 1558 Episcopum
635 1474 829 1557 appelletur,
845 1493 916 1539 esse
929 1473 1059 1538 inanem
1074 1482 1109 1539 et
1119 1473 1176 1539 ab·

57 1606 190 1654 sonam:
208 1589 298 1672 atqui
311 1589 386 1654 talis
401 1589 488 1654 foret
508 1590 535 1654 si
556 1588 694 1656 daretur
708 1589 900 1673 supplicatio
913 1589 947 1653 in
966 1608 1062 1654 sensu
1076 1607 1177 1672 expo-

57 1702 144 1766 sito:
158 1703 285 1786 quoties
305 1704 392 1768 enim
408 1706 479 1788 quis
499 1704 600 1770 uellet
619 1704 783 1788 appellare
798 1724 817 1769 a
835 1705 996 1769 sententia
1016 1705 1177 1787 generalis

58 1818 180 1883 vicarii
197 1818 240 1883 ad
257 1819 462 1902 Episcopum,
482 1820 639 1887 mutando
661 1839 774 1886 vocem
792 1823 910 1902 appello
925 1821 959 1884 in
976 1839 1091 1887 vocem
1105 1841 1176 1904 sup-

53 1937 147 2017 plico,
164 1935 328 2002 intentum
339 1943 607 2021 consequeretur.

102 2054 250 2132 Sectcodo,
276 2071 430 2118 recursus
449 2051 492 2118 ad
513 2052 658 2136 judicem
679 2051 844 2118 diversum
865 2060 904 2117 ut
920 2051 1039 2138 injusta
1058 2052 1176 2136 prioris

60 2167 224 2232 sententia
240 2171 432 2251 corrigatur,
448 2186 652 2252 quocumque
672 2170 800 2233 nomine
819 2176 967 2247 uocetur,
985 2175 1036 2232 est
1050 2185 1127 2232 vera
1141 2175 1175 2233 et

57 2283 192 2365 proprie
207 2281 295 2348 dicte
313 2285 506 2366 appellatio:
523 2283 583 2349 sed
597 2284 789 2367 supplicatio
805 2280 847 2348 de
871 2301 935 2366 qua
952 2285 1077 2366 agimus
1096 2282 1175 2348 nihil

56 2397 149 2463 alind
162 2406 212 2463 cst
225 2416 322 2482 quam
333 2416 486 2465 recursus
498 2399 533 2462 in
546 2397 636 2464 dicto
651 2417 768 2482 sensu3
785 2416 863 2481 ergo
875 2406 926 2463 cst
937 2417 1016 2464 uera
1032 2397 1175 2481 appella·

57 2516 114 2581 tio.
133 2516 216 2582 Cum
239 2535 319 2600 ergo
342 2517 556 2600 prohibeatur
577 2517 751 2599 appellatio
775 2536 794 2580 a
819 2516 944 2581 vicario
965 2516 1108 2599 generali
1131 2514 1174 2589 cd

57 2631 265 2716 Episcopum,
282 2632 446 2716 prohibita
464 2633 562 2698 etium
581 2630 744 2698 censenda
762 2640 813 2697 est
829 2631 965 2714 prefata
983 2633 1175 2717 supplicatio

56 2756 171 2815 contra
181 2748 332 2834 injustam
347 2748 466 2816 Vicarii
480 2750 636 2834 generalis
651 2752 855 2816 sententiam.

102 2865 263 2952 Equidem
282 2868 429 2933 nonnulli
448 2869 630 2944 canonista,
649 2869 737 2932 iuter
758 2885 839 2950 quos
856 2868 999 2951 Laymcn
1015 2868 1059 2954 (in
1074 2873 1173 2949 caput

58 2986 126 3048 Neo
136 2991 283 3066 potamos
297 2986 328 3062 2,
345 2987 382 3048 dc
396 2986 591 3058 consuetud„
608 2983 642 3045 in
655 2979 700 3065 6),
720 2982 955 3059 existimarunt,
963 2989 1088 3063 propter
1101 3001 1172 3062 pra·

56 3119 165 3164 comeo
184 3102 307 3163 illatum
327 3121 347 3162 o
372 3104 490 3164 Vicario
514 3101 647 3180 pectorali
674 3101 840 3181 supplicari
858 3119 944 3180 posse
962 3102 1122 3180 Episcopo,·
1139 3117 1172 3161 cc

55 3219 136 3299 qaod
155 3221 264 3298 rejecto
289 3218 465 3298 appellandi
484 3219 640 3296 sumitate,
657 3218 835 3279 concedatur
856 3217 963 3278 saltem
981 3217 1108 3296 querele
1121 3232 1173 3277 scu

56 3333 286 3416 supplicationis
299 3336 462 3396 remedium
478 3332 642 3418 (Layman,
660 3330 733 3397 loco
749 3327 858 3415 citato)
871 3352 878 3397 :
901 3330 960 3396 sed
976 3332 1003 3396 si
1014 3331 1076 3398 hoc
1092 3330 1174 3397 dicti

55 3455 208 3514 auctores
233 3448 416 3531 intelligunt
437 3447 479 3513 de
505 3447 739 3530 supplicatione
767 3446 810 3511 ad
837 3447 923 3512 hunc
947 3447 1112 3524 effectum,
1135 3455 1173 3513 ut

54 3566 236 3650 Episcopus
253 3563 371 3628 Vicarii
385 3564 435 3628 sui
448 3563 655 3637 sententiam,
671 3583 738 3628 non
753 3571 914 3646 quatenus
926 3563 996 3646 ipso
1010 3562 1084 3647 jure
1099 3563 1172 3628 n'ul·

53 3683 132 3758 lam,
156 3678 216 3746 sed
237 3687 383 3762 quotenos
397 3684 541 3762 injectam
563 3681 704 3762 corrigat
722 3699 759 3744 cc
782 3687 928 3755 revocet,
952 3681 1058 3743 minus
1079 3687 1171 3744 recte

53 3815 125 3863 rem
147 3796 357 3872 intellexisse,
373 3803 471 3879 atque
489 3796 524 3859 in
552 3795 612 3860 hoc
634 3794 885 3880 derelinquendi
904 3795 1071 3862 ridentur.

99 3912 133 3978 Si
147 3919 258 3977 eutem
274 3930 352 3978 reru
367 3913 408 3976 sit
421 3930 519 3996 quam
534 3912 743 3976 sustinuimus
756 3913 928 3988 sententia,
945 3913 1093 3995 sequitur
1102 3930 1171 3977 me·

54 4030 120 4094 rito
135 4026 231 4112 queri
250 4045 344 4110 posse
367 4026 663 4110 Archiepiscopum
681 4035 716 4092 et
736 4026 974 4111 suffraganeum
993 4029 1026 4092 in
1043 4027 1096 4111 jus
1114 4046 1171 4095 vo·

54 4161 145 4220 care,
163 4143 191 4207 si
211 4143 239 4207 is
257 4160 318 4226 per
332 4142 429 4219 viam,
445 4161 503 4208 seu
523 4144 632 4225 potius
651 4142 713 4208 sub
735 4151 898 4225 pretextu
913 4144 1167 4227 supplicationis,

54 4265 230 4343 cognoscat
245 4256 295 4323 de
302 4257 470 4323 'sententiis
480 4258 600 4324 Viccrii
616 4259 665 4322 sui
678 4257 847 4341 generalis,
869 4258 912 4323 ad
928 4257 1081 4326 ellectum
1096 4278 1172 4343 pro·

52 4373 227 4442 nuntiandi
241 4373 286 4440 de
302 4393 414 4441 earum
437 4372 603 4457 injustitia.
625 4375 707 4440 Cum
730 4375 816 4441 enim
833 4376 960 4445 certum
974 4377 1022 4442 sit
1042 4378 1172 4443 omnino
