2714 4980
484 306 671 364 raacrarirs
693 317 737 363 nn
759 305 908 362 rrinrens.

430 572 434 579 ⁴
479 660 893 810 sacrior.

128 1003 186 1075 De
208 1001 310 1075 Fora
326 1001 552 1099 competenti,
567 1022 631 1072 seu
652 1000 817 1100 quiamm
834 996 958 1072 uindex
980 993 1207 1069 ecclesianam

341 1125 389 1197 est
403 1126 443 1196 in
460 1138 671 1225 unaquaque
690 1146 796 1198 eausa
815 1130 1033 1222 conpetens.

169 1722 250 1804 Quia
264 1719 454 1806 jurisdictio,
474 1732 532 1785 sea
545 1718 610 1785 fari
624 1713 852 1813 competentia,
869 1719 969 1784 tatius
981 1715 1097 1803 judieii
1110 1722 1213 1784 eonte—

125 1837 199 1901 tiosi
217 1834 466 1900 fundamentum
488 1838 553 1912 eet,
569 1833 615 1898 ita
630 1839 668 1899 nt
685 1852 725 1899 eo
746 1830 920 1898 deficiente
933 1830 1093 1917 judiciuin
1107 1832 1149 1897 eit
1163 1827 1214 1895 nul·

123 1951 208 2034 lum3
228 1948 303 2016 idea
325 1946 433 2035 quoad
458 1966 717 2034 unamquamque
740 1968 869 2015 eausam
891 1956 967 2014 ante
1000 1948 1109 2014 onmia
1121 1946 1216 2030 aigae

123 2064 281 2132 scendum
293 2073 343 2130 est
353 2065 497 2149 quisnam
506 2062 610 2149 judex
619 2064 785 2148 legitimus
792 2065 834 2130 sit
841 2082 899 2129 eeu
910 2072 1112 2148 competens.
1125 2064 1215 2147 aeque

124 2183 210 2246 enim
230 2180 367 2265 quilibet
380 2178 483 2264 jadex
505 2185 703 2263 potestatem
722 2170 821 2245 hahet
844 2180 1005 2263 quaelihet
1028 2192 1140 2246 causas
1158 2176 1217 2243 diri-

123 2294 249 2378 mendi3
265 2292 324 2359 sed
350 2303 456 2359 certas
481 2292 649 2359 dumtaxat
674 2313 744 2378 quae
770 2294 870 2377 ipsius
890 2291 1111 2378 jurisdictioni
1133 2291 1218 2376 suhja-

124 2417 210 2474 eent.
227 2410 309 2473 Hinc
322 2407 437 2474 sedulo
452 2411 624 2476 canonistae
643 2410 811 2474 materiam
826 2410 914 2474 illam
929 2413 966 2473 de
980 2413 1048 2490 soro
1065 2411 1218 2493 competenti

123 2523 312 2607 expendere
331 2525 454 2608 solent5
469 2525 605 2609 subque
618 2525 715 2589 titulo
727 2522 794 2589 duo
810 2523 1051 2590 determinant:
1073 2531 1106 2590 1⁰
1122 2538 1218 2606 nempe

121 2656 269 2726 quaenam
283 2658 385 2704 causae
402 2640 445 2706 ad
456 2639 601 2726 judicem
617 2640 861 2706 eeclesiasticam
879 2641 1084 2723 pertineant,
1104 2647 1139 2705 et
1152 2653 1217 2724 que

121 2772 197 2819 nam
211 2752 255 2820 ad
269 2755 412 2820 tribunal
426 2756 600 2839 saeculare3
618 2759 651 2819 2⁰
672 2757 817 2840 quisnam
841 2775 882 2820 en
901 2755 1069 2840 judicibus
1088 2753 1217 2829 ecelesia

122 2870 209 2936 stieis
231 2879 418 2956 competens
432 2873 474 2936 sit
490 2870 599 2956 quoad
616 2872 758 2955 singulas
776 2891 897 2951 causas,
916 2891 988 2956 quae
1012 2872 1078 2938 fori
1092 2867 1216 2939 ecclesia·

121 2984 194 3051 stiei
206 2992 294 3050 sunt.

164 3101 228 3165 Nos
239 3098 281 3165 de
293 3101 395 3183 priori
405 3109 597 3183 argumento
608 3119 706 3184 supra
716 3099 783 3185 jam
798 3101 951 3187 (sectione
964 3098 996 3184 3)
1010 3103 1210 3172 tractavimus,

118 3212 379 3295 agendaaailiaet
393 3213 435 3280 de
446 3213 643 3300 judiciorum
653 3215 943 3282 ecelesiasticorum
955 3219 1092 3283 materia
1107 3212 1212 3283 eenole

117 3324 206 3411 jecta
221 3329 375 3413 propri03
392 3329 484 3396 ande
500 3331 552 3395 hie
568 3329 852 3396 determinandum
871 3332 1075 3400 solummodo
1089 3330 1211 3399 remanet

118 3440 281 3526 quodnam
297 3463 338 3510 ex
350 3446 447 3510 variis
463 3446 612 3512 Ecclesiae
626 3446 855 3526 tribunalibus,
870 3467 932 3530 pro
945 3467 1115 3514 causamn
1129 3430 1212 3513 adia

115 3569 191 3622 rum
205 3559 455 3626 ecelesiasticam
471 3562 704 3644 pertinentium
715 3564 884 3642 varietate,
898 3563 981 3630 adiri
995 3566 1097 3649 possit
1110 3569 1159 3630 ant
1168 3557 1211 3624 de

114 3675 201 3742 beat.
