2714 4980
121 324 182 386 tot
468 333 656 380 ruscrnrus
679 335 723 379 nn
745 331 894 380 runicus.

118 463 346 532 controversiae
362 459 502 526 obnoxia
517 465 565 524 est
580 467 637 525 aut
656 479 726 526 esse
740 465 848 543 potest
861 457 950 545 (vide
959 459 1049 526 inter
1064 460 1141 526 ulios
1153 461 1223 527 Leu-

118 583 258 659 renium,
276 580 349 645 loco
363 596 462 660 snpra
478 573 601 660 citato).

161 696 370 777 Qunsn1062.
392 729 437 740 -
452 694 500 757 Ao
514 694 763 774 Metropolitanus
778 694 953 774 quaudoque
970 698 1072 774 possit
1087 696 1226 757 Vitorium

117 816 284 898 generalem
295 815 481 893 suffraganei
491 809 884 889 cmstttoerel—Quaestio
895 809 963 874 haec
975 808 1075 874 aliem
1087 809 1224 887 involvit,

117 951 158 996 cn
164 947 283 1011 nempe
293 929 470 1010 Episcopus
476 924 993 1007 teneaturVicuriumgenerelem
1001 925 1136 991 hebere.
1147 926 1228 989 Dice

118 1066 188 1112 mus
201 1052 311 1111 autem
324 1042 410 1108 infra
428 1040 511 1118 deri,
526 1038 620 1125 juxta
639 1041 894 1106 communiorem
909 1043 1119 1119 sententiam,
1146 1059 1228 1106 casus

116 1162 298 1239 nonnullos,
314 1160 348 1223 in
365 1157 484 1243 quibus
501 1163 656 1222 teneatur
674 1176 791 1222 revere
803 1157 983 1240 Episcopus
1003 1157 1228 1240 Vicerinmge·

117 1279 262 1344 nerelem
282 1277 491 1343 constituere.
521 1275 580 1338 Hic
606 1292 686 1358 ergo
708 1275 918 1357 supponimus
935 1293 1051 1341 veram
1067 1294 1139 1340 esse
1154 1274 1228 1341 Man

116 1396 321 1473 sententiam,
343 1411 468 1456 necnon
484 1390 608 1455 versari
620 1391 654 1454 in
670 1388 831 1475 ejusmodi
853 1390 980 1456 essibus
994 1390 1166 1457 dioecesim
1181 1391 1229 1455 uli·

116 1530 228 1597 quum3
242 1517 276 1576 et
291 1507 730 1593 negligentetuneEpisccpo
742 1488 906 1571 Vicat-inm
917 1507 1107 1590 generalem
1123 1507 1230 1574 consti-

114 1636 223 1707 tuere,
235 1627 392 1711 queritur
403 1643 480 1689 num
494 1624 522 1687 is
537 1623 636 1706 possit
646 1643 665 1687 a
674 1622 924 1706 Metropolitum
943 1624 1113 1690 constitui.
1124 1624 1229 1708 Sisque

116 1744 334 1811 determinato
351 1740 535 1827 questionis
551 1757 659 1817 sensu,
689 1737 771 1823 quid
787 1739 958 1804 tenuerint
977 1738 1135 1806 doctores
1158 1759 1230 1824 pree

116 1861 301 1943 mittemus3
315 1866 387 1924 tum
399 1855 478 1942 quid
494 1854 758 1921 concludendum
775 1853 926 1920 videatur
940 1855 1170 1922 indicabimus.

164 1981 196 2042 1⁰
207 1979 353 2059 Excepto
363 1994 439 2039 casu
454 1991 519 2058 quo
527 1971 703 2055 Episcopus
715 1979 868 2037 teneatur
876 1979 911 2037 et
919 1973 1065 2058 negliget
1075 1974 1230 2040 vicarium

115 2094 302 2180 generalem
319 2091 530 2166 constituere,
548 2089 662 2173 nequit
677 2087 837 2171 ejusmodi
851 2089 1032 2154 Viceriuse
1050 2090 1231 2174 Metropoli-

114 2216 193 2275 tsno
201 2209 364 2275 constitui.
379 2229 395 2265 o
407 2204 673 2288 Archiepisccpus
690 2203 745 2291 (eit
757 2203 1051 2288 Luymenincapnt
1062 2208 1228 2281 Roruouol,
1259 2278 1263 2286 ,

118 2325 234 2392 «tituli
249 2324 291 2390 de
304 2325 408 2405 Officio
421 2327 545 2401 Vioorii,
563 2321 597 2384 in
612 2328 717 2398 sexto,
734 2340 766 2384 n.
789 2318 818 2405 l)
829 2320 1069 2388 indioecesibus
1086 2323 1231 2407 suffrage-

119 2467 134 2503 «
151 2459 288 2508 neorum
311 2438 568 2524 jurisdictionem
586 2437 707 2502 nullam
725 2446 879 2520 exercet;
897 2457 972 2504 cum
991 2458 1059 2506 non
1078 2443 1122 2506 sit
1141 2439 1230 2527 judex

120 2582 135 2618 u
152 2556 335 2623 ordinarius
352 2555 611 2621 dioecesanorum
626 2554 687 2617 nisi
712 2554 745 2617 in
761 2554 884 2632 habitu,
903 2572 961 2619 seu
976 2564 1138 2641 respectu
1162 2575 1230 2644 qno

120 2699 136 2734 u
156 2671 307 2739 rumdam
323 2671 559 2754 emergentimn
579 2677 767 2749 eventuum,
788 2670 883 2737 verbi
902 2673 1019 2755 gretie,
1036 2676 1066 2738 si
1078 2672 1123 2739 ad
1136 2675 1230 2759 ipsum

120 2813 135 2849 o
152 2788 345 2873 appelletur.
366 2786 612 2868 consequenter
626 2804 692 2849 non
707 2794 818 2868 potest
832 2770 1105 2875 Arcbiepiscopus
1120 2791 1153 2856 in
1164 2789 1232 2856 dic·

120 2931 135 2966 ι(
155 2904 284 2970 cesibus
303 2901 575 2984 coepiscoporum
597 2899 754 2967 Officiules
772 2911 830 2968 aut
848 2901 977 2988 judices
999 2925 1123 2972 creare
1145 2922 1230 2990 super

120 3048 136 3083 «
157 3020 262 3087 censis
275 3019 467 3084 infuturum
479 3019 742 3101 emergentibus:
763 3019 838 3105 quie
849 3020 918 3085 haec
934 3021 1104 3089 institutio
1120 3023 1229 3092 Officia·

121 3163 137 3200 «
152 3140 231 3205 lium
243 3136 286 3202 ud
297 3156 351 3202 eos
367 3135 498 3219 proprie
511 3136 665 3217 pertinet,
680 3136 736 3221 qui
749 3136 952 3203 ectuelemin
962 3136 1039 3204 loco
1049 3138 1229 3225 jurisdictio

121 3279 137 3315 u
155 3274 231 3320 nem
246 3252 395 3319 obtinent
406 3259 441 3317 et
454 3258 622 3317 exercent.
645 3273 661 3312 »

168 3394 185 3431 «
201 3371 312 3435 Senes
328 3367 457 3434 fortiori
473 3367 530 3454 (eit
541 3365 730 3453 Leurenius)
743 3368 816 3434 hinc
830 3369 979 3454 sequitur
991 3390 1062 3437 non
1075 3392 1172 3459 posse
1185 3374 1227 3440 lr-

123 3511 137 3547 o
155 3487 397 3570 chiepiscopum
415 3484 450 3547 in
468 3481 564 3548 dietis
580 3482 775 3549 dioecesibus
791 3485 989 3552 constituere
1005 3489 1175 3557 vicarium
1187 3509 1227 3575 ge

123 3629 139 3664 o
158 3603 302 3669 nerslem
314 3600 474 3684 Episcopi,
483 3619 542 3664 seu
558 3602 760 3666 committere
771 3603 801 3666 ei
817 3601 1066 3672 universitatem
1073 3624 1225 3674 eenssrun

123 3745 138 3782 u
156 3719 373 3804 spectantium
387 3716 430 3782 ad
442 3715 698 3800 jurisdictionem
715 3717 793 3784 dicti
816 3720 1008 3804 Episcopi.»
1036 3724 1093 3812 (De
1118 3728 1226 3791 Vieoriis

121 3841 236 3920 Eposo„
257 3852 327 3917 cap.
349 3835 378 3910 l,
401 3850 433 3916 q.
452 3829 519 3915 23.)

165 3956 200 4017 2⁰
214 3950 368 4015 ettamen
383 3949 560 4032 Episcopus
578 3956 731 4015 teneatur
749 3959 783 4016 et
801 3952 941 4036 negliget
957 3955 1125 4025 Vicarinm
1147 3975 1226 4044 gene·

121 4068 223 4135 nalem
237 4065 447 4141 constituere,
466 4063 650 4130 docuerunt
676 4067 824 4132 nonnulli
840 4070 1014 4136 cunonistae
1044 4093 1141 4158 posse
1166 4090 1224 4140 eun

122 4181 274 4250 constitui
288 4200 308 4246 e
321 4180 581 4263 Metropolitum.
602 4204 617 4239 n
635 4179 697 4247 Ubi
710 4189 820 4249 temen
837 4184 1016 4271 (subjungit
1030 4190 1148 4256 citatus
1159 4191 1226 4258 lec

125 4322 141 4360 u
156 4293 275 4380 senius)
286 4297 462 4379 Episcopus
475 4295 655 4380 negligeret
668 4301 866 4365 constituere
874 4302 1053 4385 vicarium,
1066 4307 1122 4372 ubi
1134 4306 1224 4373 udhoc

124 4436 141 4479 u
156 4417 340 4489 teneretur,
360 4416 469 4494 potest
484 4417 518 4475 et
537 4411 637 4477 debet
652 4416 921 4499 Metropolitanus
936 4420 1163 4506 prefigereilli
1174 4429 1224 4488 ter
