2714 4980
574 308 654 356 unns
678 308 792 355 umus.
1166 295 1241 359 «299

121 436 157 503 in
171 453 239 519 quo
251 433 298 499 sic
311 433 519 500 Innocentius
532 434 579 498 ΠΙ
594 455 601 500 :
616 439 756 498 Breviter
777 436 987 515 rependeres
1002 436 1081 516 prod
1094 454 1151 517 per
1167 437 1243 518 Ept-

123 570 255 633 scopom,
270 556 304 615 io
319 555 403 633 cujus
421 553 539 615 diocesi
560 553 698 631 deliquit,
716 556 864 614 sententio
876 553 1068 632 promolqori
1078 557 1193 633 poterit
1207 558 1243 616 ie

122 669 281 733 munden:
295 669 349 730 sed
360 669 399 730 oi
408 687 442 730 eo
457 672 490 730 to
503 672 586 748 cujus
605 671 722 731 dioecesi
738 668 910 746 occipicium
924 671 1047 747 obticet,
1069 674 1129 731 crit
1143 672 1242 750 quood

121 785 205 847 illud
225 788 358 847 wecotio
371 785 522 863 [modo.
540 784 590 848 De
605 802 700 848 sensu
713 791 823 848 nutem
838 784 925 848 illius
939 783 1116 863 decretalis
1129 784 1175 848 sic
1187 783 1242 848 hu-

122 896 182 962 bet
203 897 355 980 Pirrlring
378 896 422 983 (in
443 898 495 961 tit.
521 900 553 975 i,
571 898 630 963 lib.
649 901 669 962 2
695 897 836 977 decret,
857 919 891 962 n.
911 897 990 983 22):
1025 900 1241 982 «Dupliciter

122 1013 343 1097 «intelligunt
356 1019 391 1078 ct
404 1021 572 1096 exponunt
586 1014 647 1079 hoc
660 1020 757 1096 ceput
771 1015 971 1098 interpretes
985 1037 992 1080 :
1008 1020 1132 1095 Primo,
1152 1016 1242 1100 quod

111 1113 142 1192 ssc
154 1130 336 1212 Episcopus
354 1126 466 1194 delicti
480 1127 600 1194 debent
616 1129 705 1195 ferre
718 1131 911 1195 sententium
927 1137 1055 1196 tentum
1069 1150 1170 1215 super
1181 1134 1244 1197 cri-

125 1243 260 1326 «mine3
275 1241 335 1310 sed
352 1244 529 1328 Episcopus
552 1243 703 1310 beneficii
717 1246 910 1311 sententiam
921 1247 1130 1329 privatorium
1145 1246 1243 1312 bene

124 1358 232 1430 «licii.
241 1362 385 1440 Secundo,
398 1359 485 1445 quod
494 1361 672 1443 Episcopus
682 1360 794 1426 delicti
804 1361 1021 1428 deheutferre
1033 1364 1239 1443 sententium,

124 1475 256 1541 retium
281 1494 380 1559 super
404 1477 585 1559 privatione
612 1476 781 1561 beneficii;
807 1476 867 1543 sed
893 1479 1071 1562 Episcopus
1092 1478 1243 1545 beneficii

123 1613 145 1658 e.
155 1609 230 1659 enm
245 1593 431 1659 executioni
444 1592 621 1659 mandore:
638 1613 710 1679 quae
725 1596 883 1678 expositio
900 1597 1062 1678 posterior
1076 1600 1127 1660 est
1141 1595 1242 1680 magis

123 1709 332 1776 «conformis
346 1710 465 1776 littere
491 1717 526 1776 et
548 1713 664 1777 textui.
686 1713 778 1778 Ratio
794 1719 861 1790 est,
879 1714 956 1797 quio
978 1713 1115 1778 clericus
1137 1712 1242 1778 delin-

109 1851 140 1885 .«
154 1844 261 1910 quens
281 1826 314 1891 in
338 1827 442 1893 alienu
465 1826 617 1907 diocesi,
637 1828 763 1893 ratione
786 1826 896 1893 delicti
913 1827 1087 1913 subjicitur
1107 1827 1242 1913 jurisdi-

121 1943 257 2010 «ctioni
268 1943 354 2009 illius
367 1943 516 2027 Episcopi
531 1965 538 2009 :
555 1942 703 2029 adeoque
713 1951 820 2027 potest
831 1945 874 2010 ab
887 1964 926 2010 eo
935 1945 1052 2028 puniri,
1069 1953 1103 2011 et
1117 1946 1240 2028 privari

120 2058 331 2143 «beneficim
347 2059 414 2126 sive
428 2061 548 2148 (potest
560 2062 737 2145 Episcopus
750 2061 872 2147 delicti)
886 2063 1094 2147 promulgare
1107 2080 1238 2145 poenurn

123 2175 347 2259 «privationis
371 2196 390 2241 u
409 2176 483 2261 jure
508 2176 676 2242 decretum
698 2178 732 2243 in
754 2179 923 2263 eumdem;
941 2178 1067 2244 etiamsi
1086 2179 1121 2242 in
1135 2178 1239 2242 eliens

122 2315 141 2355 c
155 2291 292 2359 dioecesi
305 2291 463 2377 resideot;
484 2295 630 2379 quumvis
647 2296 881 2379 possessionem
896 2293 1047 2361 beneficii
1063 2294 1094 2359 ei
1106 2293 1239 2360 auferre

122 2415 222 2476 «non
239 2412 357 2494 possit;
378 2410 437 2476 sed
454 2412 550 2477 realis
566 2414 715 2478 executio
730 2413 898 2478 sententie
915 2412 1015 2478 debet
1027 2411 1100 2477 fieri
1111 2430 1172 2495 per
1187 2409 1239 2496 ju-

121 2526 266 2592 «dicem
281 2529 335 2593 vel
350 2525 544 2612 Episcopum
561 2528 635 2606 loci,
651 2530 685 2592 in
700 2548 765 2613 quo
787 2530 886 2593 situm
903 2536 953 2594 est
974 2527 1185 2612 beneficium
1202 2533 1239 2591 ut

121 2669 138 2705 r
156 2644 321 2727 colligitur
334 2663 375 2709 ex
397 2644 459 2710 hoc
475 2647 600 2728 cupite;
618 2646 676 2711 ubi
690 2647 848 2728 Episcopo
867 2645 1017 2710 beneficii
1038 2653 1166 2711 tuntum
1185 2664 1239 2710 re·

121 2761 313 2844 «linquitur
327 2767 362 2825 et
375 2769 589 2827 conservetur
602 2763 753 2834 executio
766 2761 946 2838 sententie,
965 2780 1031 2826 non
1049 2737 1159 2827 cutem
1173 2761 1239 2844 pri·

106 2901 140 2942 -c
157 2877 256 2944 vatio.
270 2879 350 2942 sam
364 2896 439 2943 cum
453 2879 569 2943 titulus
579 2878 730 2944 beneficii
740 2879 782 2942 sit
793 2895 894 2962 penes
908 2878 1073 2956 clericum,
1088 2898 1125 2943 uc
1136 2878 1239 2944 veluti

120 2994 280 3061 «ossibus
302 2993 372 3079 ejus
393 2995 550 3059 inhaereut
574 3013 633 3060 seu
654 3003 830 3078 'personam
848 2993 979 3072 efficiat,
1005 2999 1115 3077 potest
1134 2993 1238 3078 judex

121 3111 268 3177 «delicti
284 3110 436 3177 eumdem
454 3114 583 3195 privare
597 3111 671 3197 jure
689 3110 858 3190 beneficii,
876 3111 931 3175 vol
952 3111 1060 3195 potios
1074 3110 1238 3195 privatum

120 3250 139 3288 c
155 3225 344 3292 declarare:
362 3228 436 3311 quia
450 3227 518 3310 ipsu
537 3246 674 3310 persone
688 3246 829 3311 quoquc,
849 3228 974 3292 ratione
991 3224 1115 3305 delicti,
1134 3232 1185 3291 est
1207 3228 1238 3292 ei

121 3367 141 3406 α
155 3343 313 3428 subjectu,
331 3344 479 3429 Quintis
500 3343 675 3409 actualiter
697 3345 815 3429 exequi
831 3364 896 3410 non
918 3346 1019 3427 possit
1041 3343 1236 3410 sententium

122 3484 140 3522 u
154 3460 296 3526 lctumin
307 3460 423 3538 Reum,
434 3458 486 3524 vel
498 3478 638 3542 poensm,
650 3469 743 3526 extre
756 3480 850 3526 suum
860 3463 1081 3546 territorium;
1097 3459 1157 3526 sed
1167 3478 1238 3526 sen·

120 3598 141 3638 «
156 3575 259 3640 tentio
274 3574 315 3640 de
329 3575 418 3642 facto
428 3577 612 3641 executioni
627 3576 834 3642 mundabitur
848 3596 909 3660 per
923 3577 1016 3643 illum
1027 3579 1233 3662 Episcopum,

122 3693 187 3757 uin
203 3691 295 3776 cujus
312 3693 478 3758 territorio
491 3692 686 3759 beneficium
702 3695 801 3759 situm
819 3702 879 3760 cst.
898 3717 914 3756 >2

165 3809 304 3875 Rxouns
320 3811 416 3873 5·.--
430 3814 467 3874 Si
484 3812 564 3873 loces
578 3816 611 3874 io
627 3831 684 3892 quo
701 3815 873 3893 delinquens
886 3818 992 3876 existit
1006 3819 1060 3875 out
1077 3811 1237 3892 deprehen·

108 3929 217 4005 ditor,
240 3933 401 3989 extructius
421 3932 473 4005 sit,
491 3935 554 3989 tum
568 3928 686 3990 dioeeesi
704 3934 800 4009 ipsius
815 3935 956 4010 proprior,
983 3936 1046 3991 tum
1065 3930 1182 3991 dioecesi
1202 3932 1237 3991 io

117 4064 181 4126 cieo
200 4045 339 4124 deliquit,
359 4047 547 4125 probabilius
564 4064 624 4107 ooo
639 4053 740 4126 potest
757 4049 940 4109 ordinarius
960 4047 1045 4108 illius
1068 4048 1127 4107 loci
1144 4048 1236 4108 Reum

111 4163 255 4243 judicare
272 4177 324 4223 nec
342 4165 460 4240 punire.
482 4162 621 4225 -llum
646 4162 679 4224 in
703 4160 777 4245 jure
797 4161 948 4226 canonico
964 4161 1085 4225 mentio
1104 4159 1236 4246 quidem

118 4275 160 4342 tit
177 4273 221 4341 do
241 4282 382 4361 quotuor
398 4275 503 4341 modis
520 4277 629 4343 forum
653 4275 829 4360 sortiendi3
845 4276 971 4341 ratione
989 4277 1110 4342 scilicet
1132 4275 1237 4344 domi-

120 4391 204 4470 cilii,
232 4397 432 4472 contractus,
454 4394 503 4459 rei
517 4394 598 4472 sitae,
617 4402 651 4458 et
675 4393 737 4459 loci
762 4393 795 4456 in
820 4411 884 4479 quo
907 4399 1054 4476 patratur
1081 4393 1236 4465 delictum
