2714 4980
555 311 635 360 raas
656 309 770 358 ιιιιιι.
1160 289 1225 357 atu

106 464 180 527 Non
195 462 357 525 indiscrete
369 461 399 539 i,
418 458 507 524 tituli
525 458 577 537 ta,
594 457 711 536 librii,
729 458 761 522 in
777 455 825 540 6.)
845 455 973 521 Dicitur
985 460 1096 520 autem
1108 470 1227 538 procu·

107 584 201 642 rator
225 578 455 639 deteriorem
475 594 571 653 mm,
594 572 725 659 quaudo
748 572 948 637 constituens
968 570 1037 634 aiae
1061 568 1222 646 dominus,

106 708 172 775 per
193 698 326 774 pactam
352 690 547 773 particulare
574 691 605 755 ei
633 689 809 755 cessionem
833 688 913 753 fecit
940 687 1042 752 omnis
1063 685 1223 762 utilitatis,

108 824 169 871 seu
188 805 334 871 omnium
354 805 533 882 fructuum,
561 823 642 890 quos
662 824 704 870 ex
725 804 782 868 lite
798 810 919 886 sperat,
938 809 972 866 et
982 799 1141 884 litigando
1151 819 1228 884 per-

108 920 271 1003 sequitur.

157 1037 209 1100 10.
240 1036 369 1101 Mortuo
393 1042 606 1118 procuratore
636 1032 854 1099 substituente
877 1030 957 1096 dum
975 1048 1031 1096 res
1049 1029 1156 1094 adbuc
1177 1036 1227 1094 est

108 1151 249 1234 integra,
274 1149 469 1215 substitutus
489 1150 610 1234 poterit
626 1149 718 1215 litem
734 1148 899 1234 prosequi,
917 1147 1152 1211 sisubstitutus
1165 1145 1228 1211 tuit

110 1286 151 1332 ex
168 1266 379 1351 permissione
399 1267 584 1351 principalis
597 1285 656 1332 seu
668 1265 806 1349 damini;
827 1265 901 1349 quia
915 1271 995 1328 tunc
1011 1267 1164 1328 censetur
1185 1261 1227 1327 ab

109 1381 180 1466 ipso
201 1379 332 1445 domino
351 1382 546 1446 constitutus
565 1402 572 1445 :
590 1399 684 1445 secus
704 1399 784 1446 vero
805 1380 832 1444 si
847 1386 1041 1462 procurator
1066 1396 1142 1443 eum
1164 1376 1228 1442 sibi

109 1494 317 1562 substituerit
331 1496 364 1560 vi
375 1495 541 1560 facultatis
556 1495 617 1560 sibi
632 1493 733 1578 alege
755 1511 925 1569 concessa,
943 1491 979 1557 id
994 1497 1054 1569 est,
1073 1510 1112 1558 eo
1126 1490 1224 1576 quod,

109 1610 166 1679 lite
191 1616 382 1689 contestata,
404 1610 471 1697 jam
494 1621 581 1677 esset
605 1611 755 1675 dominus
772 1610 838 1675 litis
859 1630 866 1674 :
888 1617 967 1673 tunc
989 1608 1076 1674 enim
1099 1612 1228 1673 mortuo

110 1732 323 1812 procuratore
343 1726 573 1802 substituente,
591 1726 717 1811 expirat
736 1724 904 1789 substituti
919 1721 1117 1799 mundatum,
1132 1723 1159 1787 si
1175 1740 1230 1788 res

111 1843 151 1907 sit
172 1841 280 1908 adhuc
300 1841 437 1925 integra.
459 1841 509 1906 Ita
530 1840 703 1906 canonista
725 1846 759 1904 et
782 1839 866 1904 Rota
893 1836 981 1924 (vide
1005 1836 1171 1921 Pirrhing,
1196 1838 1230 1902 in

109 1957 161 2022 tit.
178 1959 233 2033 38,
254 1955 359 2021 librii
379 1953 521 2031 decret,
538 1975 571 2019 n.
592 1951 660 2037 77).
681 1954 841 2019 Remanet
855 1951 1032 2019 dicendum
1050 1950 1093 2018 de
1109 1951 1230 2018 effecti·

110 2072 171 2138 bus
183 2080 319 2137 actuum
334 2071 557 2155 procuratoris
572 2071 709 2136 relative
729 2068 771 2134 ad
790 2068 958 2135 dominum
980 2069 1037 2153 qui
1056 2087 1130 2133 eum
1154 2087 1230 2134 cou-

109 2187 216 2252 stituit
235 2193 372 2252 :utrum
392 2203 511 2270 nempe
526 2185 588 2268 ipsi
603 2192 743 2250 noceant
765 2184 820 2250 uel
842 2183 967 2267 prosint
984 2203 1003 2249 a
1018 2189 1229 2267 procuratore

109 2309 212 2386 gesta.

157 2420 210 2484 li.
237 2418 269 2483 si
284 2436 324 2483 ex
337 2415 458 2503 judicis
472 2418 526 2484 uel
535 2418 618 2502 legis
632 2424 798 2503 precepto
813 2415 964 2484 dominus
986 2415 1109 2501 aliquid
1121 2416 1230 2483 iacere

109 2532 291 2609 debuisset,
310 2539 346 2598 et
363 2532 424 2598 boc
442 2533 552 2599 iacere
572 2534 679 2599 omisit
699 2533 800 2618 ipsius
818 2537 1021 2617 procurator,
1038 2532 1164 2598 omissio
1177 2533 1233 2598 illa

109 2647 242 2715 domino
255 2650 435 2731 imputatur
455 2657 490 2714 et
512 2654 626 2732 uocet;
644 2649 707 2712 nisi
723 2656 833 2713 tamen
854 2649 1059 2731 procuratori
1076 2664 1233 2731 superve-

109 2764 195 2830 nerit
207 2781 280 2827 rem
293 2761 436 2828 faciendi
450 2763 579 2829 moralis
597 2763 846 2847 impossibilitas.
863 2763 914 2828 lta
929 2761 1084 2829 dectores
1094 2780 1233 2827 murmu-

111 2880 198 2945 aiter
223 2877 310 2966 (vide
328 2877 489 2962 Pirrbing‚
507 2879 666 2956 locauit,
684 2899 718 2942 ιι.
735 2875 802 2962 78).

155 2998 210 3061 ta.
229 2994 260 3058 st
272 3002 466 3078 procurator
485 2994 557 3078 ipse
578 2995 657 3082 (uon
670 3002 781 3059 autem
801 2992 962 3077 dominus)
981 3012 1022 3058 ex
1040 2991 1162 3077 judicia
1179 2994 1233 3059 vel

109 3111 190 3195 legis
207 3116 373 3194 praecepto
392 3109 515 3194 aliquid
531 3109 641 3174 facere
661 3117 814 3175 teneatur
836 3116 871 3175 et
889 3128 956 3174 uon
980 3108 1088 3186 faciat,
1107 3108 1234 3176 attalia

110 3225 151 3292 ait
166 3224 327 3311 ejusmodi
337 3226 545 3310 negligentia,
559 3231 597 3291 ut
613 3223 711 3291 cadat
723 3226 757 3290 in
773 3223 940 3303 delictum,
959 3233 994 3292 ct
1006 3244 1102 3310 poena
1113 3225 1155 3291 sit
1166 3224 1234 3309 ple·

108 3340 240 3418 utenda,
258 3340 291 3406 id
315 3350 412 3408 nocet
436 3343 737 3425 procuratorium
762 3342 905 3408 domino.
924 3343 1008 3425 Quia
1025 3360 1144 3427 nempe
1167 3361 1233 3410 uon

107 3465 266 3524 censetur
292 3455 461 3536 dominus,
492 3465 740 3541 procuratorem
771 3459 868 3524 etiam
893 3459 1080 3542 generalem
1115 3461 1233 3525 consti-

106 3571 246 3651 tuendo,
269 3573 408 3639 voluisse
431 3573 462 3639 ei
480 3573 638 3639 delictum
661 3575 852 3658 precipere.
882 3575 1059 3662 (Pirrhing,
1072 3577 1146 3642 loco
1160 3577 1229 3654 c'it.,

105 3710 141 3754 n.
167 3685 240 3773 79.)

154 3809 209 3872 13.
229 3805 261 3870 st
277 3824 356 3871 vero
366 3807 587 3889 procuratoris
602 3810 805 3874 contumacia
819 3810 853 3874 in
872 3807 1055 3875 omittendo
1076 3808 1165 3894 quod
1186 3809 1234 3876 ia·

107 3942 185 3989 cere
200 3929 345 4000 tenetur,
358 3942 424 3987 non
439 3931 531 3989 certo
547 3923 642 3990 eadat
657 3924 692 3989 in
707 3925 875 4005 delictum,
887 3925 921 3992 id
937 3934 988 3992 est
1005 3946 1070 3992 non
1086 3935 1177 3993 certa
1193 3929 1234 3993 sit

105 4038 150 4105 cle
165 4039 205 4104 iis
218 4038 450 4115 omissionibus,
465 4057 537 4124 qum
554 4038 647 4124 juxta
662 4039 907 4126 dispositionem
922 4042 1003 4126 legis
1018 4061 1114 4126 poena
1132 4043 1234 4126 plecti

106 4151 243 4230 debent,
266 4160 346 4218 tunc
364 4157 585 4237 procuratoris
610 4156 807 4241 negligentia
830 4165 927 4222 nocet
955 4156 1097 4224 domino.
1122 4158 1229 4236 unde,

106 4266 201 4335 uerbi
214 4268 329 4352 gratia
346 4269 375 4334 si
392 4277 587 4354 procurator
601 4273 710 4340 omisit
723 4274 889 4357 appellare
912 4273 998 4340 intra
1017 4273 1133 4341 decem
1148 4274 1229 4353 (lies,

108 4383 151 4448 ita
168 4391 206 4449 ut
221 4386 381 4451 sententia
395 4386 428 4451 in
441 4404 512 4454 rem
524 4386 703 4472 judicatam
718 4396 873 4467 transeat,
886 4409 952 4458 uon
969 4389 1164 4458 admittetur
1179 4411 1232 4476 po·
