2714 4980
549 304 628 355 unns
650 304 765 352 rmus.
1145 284 1207 345 223

95 430 176 495 liam
197 437 273 495 ante
289 430 357 493 litis
373 428 643 494 contestationem
665 427 728 510 ipsi
750 425 891 491 liberum
915 431 966 490 est
992 424 1211 505 procuratoris

95 542 237 609 officium
250 545 427 629 resignare.

138 658 262 725 Atvero
278 650 352 742 post
371 660 437 725 litis
453 658 732 735 contestationem,
755 657 871 741 nequit
886 663 1087 739 procurator,
1107 653 1211 719 invito

95 773 237 851 domino,
255 793 326 841 sese
341 775 444 841 officio
457 792 647 849 exonerare,
663 773 724 838 nisi
738 771 823 857 justo
839 770 881 837 de
896 790 1009 853 causa;
1027 769 1122 836 verbi
1138 788 1212 854 gra·

95 892 151 968 tio,
170 910 211 955 eo
223 889 314 975 quod
327 890 556 973 supervenerit
569 887 750 964 infirmitas,
770 888 825 953 vel
840 886 1003 951 inimicitia
1026 904 1101 950 cnm
1123 887 1212 969 prin-

95 1005 201 1090 cipali,
213 1005 267 1071 vel
275 1006 532 1090 inexspectatum
546 1003 722 1087 negotium,
737 1009 771 1068 et
786 999 980 1087 hujusmodi.
998 1001 1049 1065 Ita
1060 999 1212 1067 doctores

96 1123 323 1187 communiter.

140 1238 173 1304 4.
196 1239 281 1302 Item
294 1245 398 1303 cessat
410 1238 587 1303 mutatione
599 1236 832 1318 procuratoris,
847 1252 904 1299 seu
915 1234 1046 1318 qnando
1055 1233 1118 1317 ipsi
1128 1234 1211 1299 alins

99 1351 324 1434 substituitur3
339 1351 414 1436 qnia
438 1349 624 1435 hujusmodi
648 1350 837 1415 substitutio
857 1357 1012 1414 censetur
1031 1349 1208 1414 revocatio.

101 1465 156 1530 list
167 1466 330 1530 sententia
344 1466 521 1530 communis
534 1464 717 1530 doctorum.
732 1464 826 1530 Unde
840 1482 912 1549 quac
924 1463 1063 1529 diximus
1078 1463 1121 1530 de
1136 1480 1213 1529 casn

101 1580 325 1657 revocationis,
346 1580 566 1645 substitutioni
583 1578 774 1662 applicanda
793 1580 939 1644 veniunt.

144 1698 175 1759 5.
203 1693 314 1760 Cessat
327 1694 419 1759 finita
432 1695 593 1771 instantia,
609 1713 668 1759 seu
682 1693 747 1758 lata
764 1691 931 1759 definitiva
945 1694 1117 1759 sententia.
1135 1694 1214 1758 Nam

100 1816 175 1875 tunc
188 1816 383 1892 procurator
398 1808 498 1875 debet
511 1808 654 1894 quidem,
671 1828 712 1873 ne
727 1810 888 1875 sententia
902 1810 936 1874 in
951 1828 1021 1875 rem
1037 1808 1215 1893 judicatam

100 1930 254 2000 tmnseat,
275 1924 525 2006 appellationem
541 1926 770 2006 interponere,
792 1924 847 1989 rel
866 1924 981 1988 saltem
1005 1923 1216 2006 principalem

100 2039 209 2102 statim
221 2037 396 2103 admonere
407 2046 444 2102 ut
455 2039 534 2122 ipse,
549 2038 575 2102 si
591 2030 681 2115 velit,
699 2039 860 2122 appellet;
877 2057 942 2102 non
959 2045 1069 2103 autem
1080 2044 1215 2102 tenetur

100 2153 350 2237 appellationem
363 2154 526 2238 prosequi.
544 2154 600 2218 Est
614 2153 967 2240 sententiacommuuis
983 2152 1165 2218 doctorum.

143 2271 178 2334 6.
204 2269 316 2334 Cessat
335 2288 395 2353 per
408 2277 547 2335 mortem
562 2270 789 2336 constituentis
803 2290 840 2335 re
857 2269 964 2335 adhuc
981 2271 1126 2352 integra,
1140 2288 1215 2333 nam

99 2384 333 2450 Justmianeum
357 2383 423 2469 jus,
445 2385 486 2450 ub
506 2385 649 2451 Ecclesia
671 2386 705 2449 in
728 2384 790 2451 hoc
814 2393 936 2468 puncto
960 2393 1146 2469 receptum,
1168 2384 1216 2450 ita

100 2517 255 2583 expresse
280 2497 498 2566 decreverat:
520 2505 606 2565 Inter
628 2521 734 2564 causus
757 2504 916 2565 omittendi
941 2504 1097 2580 maudoit,
1123 2507 1216 2565 ecum

99 2635 178 2679 mors
197 2618 384 2679 umudotoris
402 2624 445 2679 est
451 2639 467 2695 ‚·
480 2635 550 2678 uum
570 2619 746 2680 mactatum
767 2619 896 2679 soluitur
916 2625 1010 2679 morte
1026 2617 1110 2702 (lege
1131 2619 1216 2680 Inter

99 2751 205 2795 cousus
218 2733 274 2804 26,
290 2731 377 2796 tituli
396 2735 424 2808 t,
444 2731 520 2796 libri
541 2735 579 2797 17
595 2729 820 2815 digestorum).
844 2735 922 2796 Item
936 2739 964 2795 si
981 2733 1080 2796 adbuc
1100 2737 1216 2813 intepro

99 2851 255 2927 manduco,
270 2868 350 2911 mors
362 2850 489 2912 alterius
500 2853 692 2927 interveniat,
707 2851 796 2928 idest,
815 2851 863 2911 uel
874 2855 1000 2930 ejusqui
1011 2851 1213 2929 mundaverit,

99 2969 144 3029 oct
154 2968 303 3046 illiusque·
314 2968 486 3044 amartolus,
501 2968 629 3028 soluitur
648 2968 825 3029 mundatum
839 2965 947 3051 (titulo
960 2968 1140 3029 Mandatum
1158 2968 1213 3043 27,

102 3084 117 3156 i
140 3083 193 3157 10,
213 3079 291 3144 libri
307 3083 328 3146 3
347 3080 613 3163 institutionum).
632 3081 674 3146 lit
687 3080 721 3146 in
736 3080 798 3146 boc
814 3079 1013 3146 concordant
1029 3081 1213 3147 canonista.

141 3195 176 3260 Si
191 3213 273 3262 vero
287 3192 481 3279 procurator
494 3192 537 3259 ad
548 3195 775 3260 executionem
786 3194 853 3279 jam
871 3194 1010 3261 deduxit
1028 3195 1218 3261 mandatum

102 3328 204 3389 mum,
224 3308 355 3394 quaudo
368 3311 544 3375 intervenit
555 3311 780 3376 constituentis
795 3311 914 3390 obitus,
935 3312 969 3375 in
982 3331 1041 3377 sun
1056 3317 1216 3394 potestate

100 3433 300 3508 perseverat.
320 3425 454 3491 Constat
471 3446 513 3491 ex
527 3426 625 3491 citato
646 3424 721 3510 jure
740 3426 901 3510 Romano;
920 3428 953 3492 in
970 3426 1113 3494 adducto
1131 3427 1217 3493 enim

99 3543 330 3608 Institutionum
346 3540 547 3624 paragrapho
561 3541 606 3605 sic
620 3538 754 3606 additur
768 3562 775 3604 :
791 3545 948 3623 Receptum
963 3551 1019 3621 est,
1042 3551 1070 3606 st
1086 3562 1120 3605 eo
1138 3562 1218 3605 uror·

98 3663 144 3723 tuo
154 3663 211 3741 qui
225 3658 282 3719 tibi
292 3658 500 3734 muudamrot,
521 3662 555 3718 tu
568 3661 711 3735 ipuoraus
722 3675 788 3717 cum
800 3658 956 3719 decessisse
971 3665 1110 3720 executus
1122 3659 1218 3737 fucris

95 3775 288 3848 mandatum,
309 3789 393 3851 posse
407 3777 533 3850 teupcre
555 3772 692 3832 mundati
708 3775 833 3834 actione.
852 3771 892 3835 Et
906 3770 1017 3836 valere
1033 3771 1068 3835 in
1081 3770 1154 3837 foro
1165 3789 1218 3835 ec·

95 3886 276 3957 nestastico
291 3885 378 3950 illam
390 3882 472 3968 juris
487 3883 728 3967 dispositionem
746 3884 955 3950 concorditer
969 3884 1106 3952 tradunt
1120 3905 1218 3951 cano·

95 4007 207 4086 dstae,
227 3999 288 4067 sed
307 4018 383 4065 cum
399 4000 533 4065 notabili
557 4000 749 4082 exceptione
768 4021 786 4066 a
813 4001 980 4067 Clemente
999 4001 1028 4066 V
1047 4000 1132 4085 facto
1158 4000 1219 4068 boc

95 4118 213 4187 nodo:
231 4120 460 4182 Procuratorem
484 4136 503 4177 a
527 4118 678 4194 Prolata,
706 4124 834 4195 rectore,
854 4118 901 4178 uel
926 4119 1139 4197 alioquolibet
1161 4139 1219 4201 pro

95 4233 231 4299 Ecclesia
241 4250 298 4294 suo
307 4233 355 4293 vet
365 4229 503 4307 beneficio
513 4235 720 4309 coustitutum,
736 4250 794 4311 per
810 4238 935 4293 mortem
949 4237 1160 4296 constituentis
1175 4253 1220 4296 re·

95 4355 197 4413 >ocari
211 4358 383 4410 censemus:
401 4351 494 4407 etium
508 4347 605 4426 quood
629 4350 748 4425 ueqotio
763 4349 834 4425 jem
856 4352 993 4427 incoepto,
1013 4355 1042 4410 ct
1055 4368 1162 4411 cousus
1185 4355 1217 4415 iu
