2714 4980
121 313 183 381 ibt
462 323 652 374 mucrnrus
674 325 720 373 nn
741 325 891 376 eunucus.

115 453 259 525 marene
272 470 338 520 non
351 448 529 529 excedere,
544 449 574 517 si
588 449 692 517 semel
705 449 761 518 vel
774 449 906 521 minius
918 457 1098 538 accepturo
1115 467 1235 521 assues·

117 575 170 637 cut
181 568 297 655 judex.
384 619 387 624 ⁵

162 688 195 758 6.
220 682 328 751 ludex
339 681 583 761 ecclesiasticus,
600 681 643 748 cd
653 680 859 750 reddendum
871 681 1028 768 justitium
1041 685 1234 770 fflgnctum

116 798 453 885 stipendinmhahens‚
464 818 530 866 non
538 798 878 883 potestelitigcntibm
885 802 1016 885 exigere
1025 801 1233 888 velrecipem

117 918 289 1003 sportulas,
298 916 403 995 idest,
414 915 520 982 ullum
530 915 738 982 honorarium
747 917 816 984 sive
827 917 993 985 salarium.
1007 919 1067 985 Est
1077 922 1234 989 sententio

118 1035 295 1105 communis
304 1033 1232 1120 mnonnterum.Probatureutemeepitecnnesonnmo,

117 1154 156 1217 de
169 1155 239 1217 Vite
250 1157 281 1216 et
290 1151 405 1215 bonest.
419 1152 518 1214 cleric.
533 1149 593 1215 coi
603 1149 760 1233 cupitihie
771 1151 982 1233 praemittitur
992 1151 1132 1218 titulus:
1146 1156 1237 1219 Eccle

118 1268 358 1349 siasticijredices
373 1272 403 1329 et
418 1267 550 1346 delepnti
562 1271 661 1346 protis
671 1268 812 1346 judicare
827 1268 943 1347 debent,
965 1286 1020 1333 nec
1035 1273 1161 1350 eripere
1171 1289 1237 1351 pos·

119 1389 190 1446 sont
200 1384 355 1459 decimam,
366 1384 414 1444 cel
423 1382 517 1444 aliern
526 1388 646 1462 pnotcrn
656 1383 733 1462 litis,
745 1387 864 1446 etiamsi
873 1384 1234 1451 nebebectconsnnnin

119 1499 244 1583 inipso
259 1506 370 1564 eutem
382 1497 517 1564 decreto
526 1497 572 1563 sio
588 1497 730 1580 legitur:
747 1503 810 1564 Nos
825 1503 1023 1581 etnubentes,
1038 1505 1121 1583 puod
1134 1504 1177 1569 ud
1190 1503 1238 1566 loc

120 1619 203 1681 vobis
216 1622 246 1679 et
259 1618 331 1686 eliis
344 1618 460 1678 clericis
471 1620 534 1679 sint
545 1618 737 1679 ecclesiastici
753 1618 870 1680 reditus
884 1619 1036 1700 deprimi,
1056 1625 1093 1683 nt
1109 1638 1152 1683 en
1168 1624 1239 1701 ipsis

21 1733 22 1738 ’
119 1733 852 1813 bonesteoiceredebentis...ideopnenenduncns
861 1737 1056 1815 prutenuscb
1069 1735 1239 1818 bipennis·

120 1852 325 1914 erectionibus
335 1852 372 1915 cle
380 1855 485 1913 coetero
499 1850 692 1929 abstinentes,
707 1855 840 1931 ciperem
846 1854 1050 1934 judiciarium
1063 1859 1166 1936 protis
1178 1860 1239 1919 stu·

118 1947 219 2035 ento
237 1970 427 2050 irrepentibus
437 1972 605 2049 inpleret

167 2093 199 2155 7.
224 2086 258 2152 Si
269 2090 381 2151 temen
393 2083 497 2170 judex
510 2083 745 2150 ecclesiasticus
756 2084 1031 2153 nullumhcberet
1043 2087 1239 2172 assignatum

118 2201 328 2286 stipendium,
344 2220 405 2267 nec
420 2218 595 2285 congruam
608 2201 887 2278 sustentationem,
901 2207 1013 2284 posset
1025 2203 1164 2288 exigere
1177 2204 1240 2271 nli

118 2316 520 2403 ligentibushonorerium.
530 2316 580 2384 Ite
590 2318 806 2385 communiter
815 2317 979 2397 doctores,
991 2338 1035 2385 ex
1044 2320 1235 2401 sancimus,

119 2433 210 2520 quod
225 2435 334 2502 nullus
346 2435 411 2503 suis
428 2433 598 2518 stipendiis
610 2435 750 2503 muitne
768 2434 934 2522 cogendus
950 2437 1007 2503 sit.
1064 2434 1067 2439 ’
1086 2492 1089 2497 ,

650 2696 706 2762 IV.

120 2926 559 2996 Deobttpmionejinteanntjnera
566 2926 768 2994 probabiliorem
776 2929 941 2980 animiam.
955 2928 991 2980 Bt
1002 2929 1076 2995 pute,
1087 2937 1238 2984 rennuente

394 3039 446 3090 pro
457 3031 568 3091 niropne
576 3030 654 3091 perte
667 3025 762 3089 epucb
769 3023 978 3088 probabilitate?

117 3292 120 3314 1
169 3260 199 3324 l.
213 3253 550 3341 Certumestjudicem
558 3253 1235 3340 tencrijuxtoprobebilioremsenteutiam,

120 3373 235 3443 rebem
251 3374 356 3439 minus
377 3373 550 3458 probabili,
568 3373 796 3458 pronuntiare.
816 3373 898 3437 Nem
912 3371 954 3436 ab
972 3372 1172 3437 Innocentio
1180 3372 1236 3451 XI,

122 3489 176 3559 die
194 3493 215 3556 2
232 3490 342 3556 martii
360 3492 457 3571 1679,
467 3489 620 3556 damnate
640 3496 690 3555 est
707 3487 872 3554 contrarie
884 3487 1076 3571 propositio,
1096 3506 1238 3572 nemper

118 3610 315 3692 probabiliter
327 3613 466 3671 enistino
471 3609 606 3691 jndicem
612 3625 700 3689 posse
706 3608 848 3688 judicare
853 3610 951 3687 juncte
963 3609 1136 3687 opinionem
1147 3611 1240 3670 etiem

123 3722 563 3806 nenesprobnbtlen.1temeb
572 3720 758 3788 Alexandro
766 3720 887 3787 Vlidie
896 3721 936 3785 24
947 3719 1143 3803 septembris
1155 3723 1239 3788 1665

124 3840 309 3910 confixuest
318 3839 505 3906 scandaloso
514 3839 690 3924 propositio
701 3857 765 3923 qur
776 3835 964 3904 dicebatur:
980 3839 1107 3918 munio
1120 3840 1241 3921 lin'pcn·

125 3965 170 4025 tes
183 3959 292 4023 beten
301 3978 358 4040 pro
371 3977 403 4021 se
415 3962 567 4039 opiniones
580 3976 661 4039 cepoe
670 3957 852 4039 probabiles,
865 3955 1072 4037 ponctjneee
1082 3961 1241 4036 pennen

124 4080 254 4156 tempere
260 4095 318 4157 pro
336 4077 462 4156 ferenda
472 4079 621 4140 sententia
635 4078 670 4137 in
686 4075 820 4154 fecorern
834 4077 924 4136 nnins
934 4090 1003 4153 prce
1019 4072 1093 4135 elio.

168 4192 244 4256 Haec
258 4199 368 4256 temen
380 4191 540 4274 generalis
552 4190 667 4274 regule
681 4188 907 4271 exceptionem
919 4187 1044 4271 petitur
1056 4185 1168 4271 qrnoed
1179 4186 1241 4252 cri·

125 4307 259 4373 mineles
271 4326 393 4373 causes.
404 4307 558 4390 Quemvis
571 4306 658 4372 euim
668 4304 790 4371 debeat
800 4303 904 4390 judex
913 4321 1008 4383 reum
1021 4300 1241 4382 absolverent

126 4424 326 4513 probabilius
334 4425 630 4503 innocensssistat,
638 4422 976 4493 eumdemtcmeunec
987 4419 1100 4500 debet,
1111 4439 1176 4488 nec
1184 4438 1242 4506 pc·
