2714 4980
526 333 607 381 nsas
629 332 787 382 sucuuua.
1154 320 1216 381 357

95 456 263 528 sententia
281 458 399 526 Vioarii
413 458 572 543 generalis
583 458 704 524 nullam
723 457 795 523 dari
810 453 852 523 ad
870 459 1065 543 Episcopum
1080 460 1221 543 appella-

95 577 236 655 tionem,
253 581 288 642 et
303 576 466 642 vicarium
484 575 670 659 generalem
690 573 778 640 idem
801 594 876 639 cum
899 575 1056 659 Episcopo
1076 575 1222 642 tribunal

95 713 160 760 seu
180 692 381 759 auditorium
391 691 513 758 habere
528 713 535 758 :
551 691 587 757 id
602 692 687 758 euim
706 711 771 757 uon
784 697 912 757 tantum
923 690 1032 757 firmat
1046 690 1220 758 doctorum

95 810 266 879 unanimis
283 827 469 888 consensus,
488 816 523 874 et
537 809 696 893 generalis
709 808 853 873 omnium
867 809 1077 875 ecclesiarum
1100 810 1219 893 praxis

95 925 163 995 sed
177 933 215 993 et
226 925 366 992 habetur
380 944 560 1010 cupressea
573 927 646 1010 lege
663 927 879 993 ecclesiastica
894 926 1066 992 definitum
1079 926 1140 992 hoe
1153 946 1222 992 mo-

95 1042 144 1111 do
164 1064 173 1108 z
192 1047 263 1107 Nou
271 1052 417 1125 putamus
427 1045 515 1107 illum
527 1046 780 1124 couuutudc'uem,
797 1052 1029 1125 quantocumque
1045 1051 1173 1126 tempore
1185 1045 1225 1108 de

95 1162 185 1240 facto
210 1165 373 1238 sucatum,
400 1178 558 1223 causacum
576 1165 701 1239 rationi,
720 1162 798 1240 quod
813 1163 851 1223 ab
871 1160 1002 1240 officiali
1019 1163 1159 1242 Episcopi
1180 1163 1223 1224 ud

96 1277 233 1340 eandm
246 1278 425 1356 Episcopum
435 1277 536 1338 ualeat
545 1277 694 1357 appellari
710 1296 720 1338 :
736 1296 772 1338 uc
786 1278 823 1338 ab
839 1278 939 1339 eodem
956 1278 998 1340 ud
1008 1281 1137 1358 seipsum
1146 1274 1223 1362 (cum

96 1398 143 1457 sit
161 1394 246 1455 imm
256 1393 442 1454 auditorium
455 1389 634 1475 utriusque),
648 1393 811 1475 appellatio
824 1398 1002 1475 interpositu
1011 1396 1151 1458 uideatur
1160 1392 1224 1480 (ca-

95 1515 165 1593 put
175 1509 209 1585 2,
228 1506 314 1571 tituli
329 1506 361 1584 4,
379 1506 456 1572 libri
474 1510 503 1585 l,
518 1508 551 1571 in
566 1506 684 1592 sexto).
702 1508 806 1573 Porro
819 1507 922 1593 judex
937 1507 1156 1576 habeusidem
1165 1510 1225 1576 tri-

95 1623 207 1692 bunal
223 1641 297 1688 oum
315 1623 485 1707 Episcopo,
506 1631 568 1689 eta
582 1643 647 1710 quo
659 1607 773 1710 nequit
788 1624 830 1689 ad
844 1625 1039 1708 Episcopum
1053 1626 1221 1710 appellari,

96 1740 322 1808 essentialiter
337 1738 448 1806 differt
467 1760 485 1805 a
502 1739 626 1825 judice,
651 1739 743 1825 cujus
760 1741 904 1807 tribunal
926 1741 968 1808 ab
988 1742 1162 1825 episcopali
1175 1749 1225 1808 est

96 1855 287 1934 diuersum,
304 1863 340 1920 et
355 1875 374 1920 a
390 1875 454 1942 quo
467 1863 559 1940 patet
572 1855 794 1940 apchatioad
809 1857 1005 1939 Episcopum
1017 1878 1025 1923 :
1036 1876 1115 1941 ergo
1131 1858 1225 1924 Vica-

95 1974 172 2040 rius
186 1973 349 2056 generalis
363 1981 398 2038 et
417 1971 588 2057 delegatus
599 1973 750 2057 Episcopi
759 1974 975 2039 essentialiter
987 1972 1154 2039 differunt.

144 2089 317 2156 Probatur
339 2096 448 2170 minor,
477 2108 595 2173 nempe
622 2089 797 2175 discrimen
814 2089 888 2156 'hoe
921 2109 1131 2170 evanescere,
1164 2092 1226 2158 nisi

95 2207 283 2291 Episcopus
302 2205 419 2271 Vioarii
439 2208 489 2270 sui
507 2205 668 2288 generalis
688 2212 779 2269 actus
796 2205 895 2271 faciat
913 2224 999 2272 suos.
1024 2207 1104 2272 Nam
1120 2207 1225 2290 posito

97 2321 195 2410 quod
213 2329 307 2387 actus
320 2320 594 2407 jurisdictiouales
608 2322 727 2387 Vicarii
747 2322 906 2405 generalis
924 2341 989 2388 non
1003 2320 1145 2389 habendi
1162 2322 1227 2390 sint

96 2447 261 2524 unquam
276 2438 317 2503 ab
331 2439 403 2522 ipso
413 2438 571 2521 Episcopo
586 2439 679 2522 gesti,
693 2437 759 2523 jam
774 2438 891 2514 falsum
906 2438 1053 2505 estidem
1068 2458 1138 2506 esse
1155 2441 1228 2527 Epi·

100 2557 198 2640 scopi
204 2563 240 2620 et
249 2555 366 2621 Vicarii
381 2554 452 2640 ejus
467 2555 627 2638 generalis
637 2555 791 2621 tribunal.
804 2521 962 2621 identitas
975 2556 1062 2621 enim
1075 2556 1129 2623 illa
1139 2558 1173 2622 in
1187 2577 1227 2625 eo

102 2671 242 2758 praeoise
252 2677 327 2750 stat,
345 2669 610 2756 quodsententia
620 2670 753 2736 eosdem
768 2672 923 2737 sortiatur
938 2670 1082 2751 effeetus,
1100 2674 1168 2738 sive
1185 2674 1227 2739 ab

103 2789 269 2874 Episcopo
291 2787 490 2874 proferatur,
510 2791 578 2854 sive
597 2809 616 2854 a
632 2789 777 2872 generali
799 2788 869 2874 ejus
891 2789 1035 2868 Vicario,
1057 2809 1117 2856 seu
1137 2789 1226 2875 quod

104 2906 271 2972 sententia
290 2905 408 2970 Vicarii
431 2905 592 2989 generalis
609 2905 759 2972 habenda
773 2906 816 2972 sit
836 2913 988 2990 tauquam
1007 2906 1049 2971 ab
1068 2906 1226 2989 Episcopo

104 3023 178 3107 ipso
205 3020 344 3104 prolata.
372 3021 404 3086 Si
430 3040 509 3105 ergo
527 3030 618 3087 actus
639 3023 759 3087 vicarii
776 3022 935 3106 generalis
953 3040 1028 3087 suos
1047 3041 1113 3086 non
1128 3020 1227 3088 faciat

106 3138 296 3222 Episcopus,
323 3135 489 3204 diversum
519 3140 581 3203 erit
606 3139 776 3224 utriusque
796 3137 1012 3223 auditorium3
1033 3158 1071 3205 ae
1089 3139 1227 3223 proinde

104 3254 173 3341 jam
187 3273 255 3319 nou
271 3260 324 3318 est
333 3253 427 3333 ratio,
454 3273 514 3319 cur
533 3274 552 3319 a
566 3255 727 3321 sententia
741 3254 861 3320 Vicarii
871 3255 1030 3339 generalis
1041 3255 1084 3321 ad
1097 3255 1228 3341 Episco-

106 3389 188 3456 pum
206 3390 272 3436 non
293 3370 394 3453 possit
415 3370 588 3454 appellari;
613 3390 651 3437 ac
675 3378 913 3457 cousequenter
932 3370 1081 3457 ejusdem
1097 3372 1227 3438 omnino

106 3485 302 3557 conditionis
324 3485 469 3554 evadunt
490 3487 636 3552 Vioarius
649 3487 819 3572 generalis,
841 3495 876 3554 et
897 3489 1048 3573 Episcopi
1061 3488 1104 3557 ad
1117 3508 1228 3558 causa-

106 3625 183 3673 rum
199 3604 480 3671 universalitatem
503 3604 683 3689 delegatus.

115 3784 119 3791 .
152 3721 258 3789 Valde
273 3728 383 3789 autem
399 3721 599 3788 attendenda
617 3729 668 3788 est
684 3722 861 3789 essentialis
869 3723 926 3788 illa
941 3723 1112 3789 doariatus
1128 3743 1227 3808 gene-

107 3840 184 3907 ralis
196 3839 392 3924 proprietas,
410 3838 497 3923 quod
514 3858 633 3923 nempe
653 3847 744 3905 actus
759 3839 830 3925 ejus
841 3858 916 3905 suos
925 3839 1024 3905 faciat
1032 3840 1221 3925 Episcopus.

108 3957 154 4023 Ea
167 3957 265 4036 enim,
283 3963 437 4041 tauquam
452 3955 636 4023 differentia
651 3957 791 4023 maxime
810 3957 953 4042 propria,
980 3955 1177 4040 discernitur
1193 3965 1228 4024 et

107 4074 142 4141 iu
159 4093 239 4140 vera
261 4091 319 4139 sua
329 4074 460 4141 notione
480 4052 719 4140 determinatur
737 4074 897 4160 ejusmodi
909 4073 1060 4141 officium.
1079 4074 1160 4141 Cum
1172 4094 1229 4140 au-

109 4197 176 4256 tem
191 4189 331 4257 dieinms
345 4191 539 4276 Episcopum
550 4211 625 4259 suos
636 4192 746 4258 facere
761 4193 880 4259 vicarii
891 4192 940 4256 sui
948 4192 1106 4276 generalis
1124 4199 1226 4272 aetna,

110 4307 318 4392 intelligimus
337 4306 445 4391 quoad
467 4307 549 4394 juris
571 4307 728 4375 effeetus:
749 4329 823 4374 nam
845 4309 872 4374 si
892 4329 933 4376 ex
954 4309 1077 4376 malitia
1095 4309 1150 4377 rel
1171 4310 1230 4376 im·

113 4425 224 4504 peritia
243 4423 362 4509 injuste
384 4432 459 4509 agat
471 4426 617 4493 vicarius
628 4427 800 4511 generalis,
817 4445 1019 4515 nequaquam
1035 4427 1121 4493 huuc
1135 4426 1230 4494 defe-
