2714 4980
477 356 481 363 ,
570 307 649 355 rans
671 276 847 357 sncuuna}
1186 294 1245 358 381

135 434 231 501 verbi
251 434 366 518 gratia,
392 432 637 499 contentiosam.
655 433 720 499 Per
739 432 822 499 banc
841 441 951 498 tamen
970 434 1119 518 Episcopi
1138 434 1252 518 jussio-

134 567 223 627 nem,
247 548 466 632 unusquisque
488 548 632 614 Vican'us
655 547 814 631 generalis
836 566 900 613 non
921 548 1041 613 amittit
1059 549 1252 632 generalita-

132 673 203 731 tem
235 663 487 749 jurisdictionis;
522 664 662 749 alioquin
696 665 782 729 enim
819 663 986 730 desineret
1009 684 1079 730 esse
1105 666 1252 731 vicarius

131 781 294 864 generalis
311 788 345 845 et
367 779 466 845 fieret
493 798 604 845 merus
626 777 805 863 delegatus.
832 778 927 844 Unde
950 781 987 857 si,
1014 798 1080 845 non
1103 780 1252 849 obstante

131 894 195 960 bac
221 895 373 981 Episcopi,
391 893 543 979 jussione,
571 894 768 979 prohibitam
785 894 848 960 sibi
865 893 1094 978 jurisdictionis
1108 897 1250 980 speciem

130 1016 317 1090 exerceret,
342 1009 467 1076 validus
488 1018 575 1076 esset
594 1019 703 1094 actus;
729 1011 876 1095 quamvis
895 1012 1014 1076 merito
1032 1019 1168 1093 propter
1188 1011 1249 1077 boc

129 1134 243 1211 posset
257 1145 333 1192 eum
347 1126 524 1210 Episcopus
542 1127 657 1209 punire
676 1131 710 1191 et
726 1133 950 1192 exauctorare.

645 1383 734 1461 §Ill

298 1591 331 1638 De
345 1590 475 1639 vicariatus
488 1586 792 1651 generalisetdffieialitatis
806 1586 922 1637 essentiali
936 1587 1064 1639 identitate.

174 1827 256 1897 Cum
278 1829 312 1893 in
335 1826 495 1893 nonnullis
520 1824 707 1909 regionibus
730 1825 838 1909 vigeat
857 1825 1057 1892 consuetudo
1078 1826 1243 1892 vicarium

126 1945 315 2027 generalem
330 1945 373 2010 ab
390 1943 524 2013 Officiali
538 1943 869 2028 distinguendi,iacile
885 1952 1030 2011 mentem
1045 1942 1156 2009 subire
1168 1961 1243 2028 pos·

126 2068 178 2126 set
192 2077 330 2126 erronea
344 2060 462 2144 opinio,
482 2058 645 2125 diversam
670 2078 741 2126 esse
764 2062 934 2145 utriusque
955 2059 1098 2125 muneris
1113 2056 1246 2142 jurisdi·

127 2176 270 2241 ctionem
292 2195 351 2241 seu
377 2181 584 2259 potestatem.
606 2175 669 2256 Qui
683 2194 777 2241 error
790 2176 853 2241 nisi
868 2184 1122 2259 praesumetur,
1140 2175 1244 2240 multa

125 2291 159 2356 in
178 2291 272 2374 praxi
285 2291 377 2375 sequi
391 2299 521 2374 possent
537 2290 656 2356 absona
668 2299 702 2356 et
713 2291 944 2357 anticanonica.
966 2291 1145 2374 Diligenter
1162 2307 1242 2374 ergo

126 2406 364 2492 exquirendum
377 2415 428 2473 est
441 2409 476 2473 in
493 2426 557 2493 quo
568 2408 701 2491 praecise
714 2413 780 2472 stet
789 2407 877 2491 apud
891 2407 996 2472 dictas
1009 2408 1159 2491 regiones
1169 2405 1242 2474 Odi·
1292 2446 1295 2451 -

126 2525 216 2589 ciclis
244 2529 278 2589 et
301 2525 418 2590 vicarii
440 2526 598 2608 generalis
624 2523 815 2608 discrimen3
831 2532 865 2590 et
887 2543 929 2589 an
944 2524 1170 2608 reponendum
1199 2526 1241 2591 ait

124 2641 157 2705 in
174 2641 282 2725 aliqua
295 2640 525 2724 jurisdictionis
539 2641 732 2720 differentia,
753 2660 795 2707 au
812 2659 892 2707 vero
916 2640 1033 2706 eadem
1050 2651 1241 2708 remanente

123 2775 226 2839 penes
239 2763 415 2842 utrumque
430 2764 619 2840 potestate,.
640 2756 793 2823 differant
816 2756 986 2821 dumtaxat
1002 2775 1044 2822 ex
1058 2757 1145 2824 iacto
1160 2775 1241 2841 quo·

123 2869 198 2938 dam
216 2873 408 2951 extrinseco,
430 2871 525 2939 dictu
541 2875 712 2956 potestatis
728 2871 935 2939 identitatem
949 2872 1135 2938 nullatenus
1148 2873 1241 2940 aufe·

90 2995 92 3003 ’
122 2996 229 3055 rente.

163 3105 364 3172 Pnoroslrlo
387 3106 426 3170 1⁸.
447 3142 493 3155 -
509 3111 552 3170 De
563 3113 636 3189 jure
649 3112 798 3170 commuue·
821 3111 934 3171 Vicurii
953 3111 1101 3188 pecualis
1121 3116 1150 3172 et
1165 3109 1240 3189 Offi-

119 3225 208 3286 dolis
223 3228 346 3286 imminu
360 3242 524 3305 spuoupmu
541 3230 622 3300 suci,
641 3230 671 3286 ct
684 3226 763 3286 idem
777 3229 896 3287 mutuo
913 3224 1041 3304 officium
1052 3231 1236 3308 caprimum.

120 3336 345 3403 -Probatur
370 3340 402 3402 1⁰
425 3357 467 3404 ex
487 3337 628 3403 testibus
639 3336 733 3421 juris.
755 3339 794 3403 In
808 3336 966 3404 decretali
978 3343 1054 3404 Cum
1071 3344 1174 3405 uultus
1192 3341 1234 3428 [3,

118 3453 207 3518 tituli
217 3457 249 3532 9,
264 3452 340 3518 libri
357 3457 386 3531 l,
404 3454 437 3518 in
452 3450 569 3537 sexto),
595 3453 640 3518 sic
663 3454 818 3519 statuitur
837 3455 924 3519 circa
946 3462 1141 3539 potestatem
1164 3476 1240 3524 con-

119 3567 277 3636 eedendae
308 3569 435 3635 clericis
466 3570 628 3637 facultatis
650 3575 688 3634 ut
709 3569 750 3634 ab
772 3571 877 3637 alieno
906 3571 1063 3657 Episcopo
1095 3573 1239 3640 ordinari

118 3685 243 3768 possint
257 3706 264 3749 :
281 3689 446 3766 Inferiores
459 3705 572 3766 quoquc
590 3688 775 3766 Proeluti...‚
793 3690 841 3749 ccl
854 3688 1002 3766 Offlriclis
1014 3692 1165 3772 Episcopi,
1180 3691 1238 3754 bu·

109 3803 248 3883 jusmodi
261 3809 408 3882 nmueuut
430 3805 583 3865 luentium
604 3807 766 3884 impertiri.
795 3806 940 3884 Episcopo
960 3812 1060 3868 cutem
1070 3811 1104 3869 iu
1115 3813 1237 3870 remotis

116 3925 235 4000 specte,
253 3923 392 4000 ipsias-iu
406 3920 618 4000 spiritualibus
631 3921 767 3982 Viccrius
780 3922 941 4000 pcccrulia,
957 3923 1005 3989 cel
1023 3923 1099 3985 Sede
1115 3930 1236 3985 comate

115 4035 338 4117 capitulum...‚
365 4037 439 4097 darc
455 4042 580 4115 possunt
605 4036 758 4097 tumtum
781 4037 956 4098 ordinandi.
982 4035 1080 4099 Patet
1100 4055 1141 4101 ex
1164 4036 1235 4118 ipso

115 4155 211 4215 textu
228 4156 263 4215 et
283 4167 325 4215 ex
341 4149 483 4214 unanimi
499 4150 719 4232 interpretum
742 4150 972 4226 consensione,
1000 4150 1155 4217 eumdem
1179 4154 1236 4237 qui

113 4271 254 4337 vocatur
272 4265 413 4349 primum
429 4265 576 4345 officialis
589 4269 740 4347 Episcopi,
759 4265 871 4332 vocari
888 4273 1000 4348 postea
1018 4271 1169 4332 Vicarium
1184 4289 1235 4349 pc-

112 4382 489 4464 communicante
508 4386 584 4446 Cum
600 4387 635 4444 iss
653 4383 787 4463 peueroii
809 4380 854 4468 (3,
880 4382 967 4447 tituli
988 4386 1039 4462 13,
1058 4384 1133 4451 libri
1153 4389 1183 4466 1,
1201 4389 1234 4452 in
