2714 4980
483 339 562 387 rans
584 339 741 387 susanna.
1108 320 1165 382 401

54 461 138 527 banc
162 461 371 546 quaestionem
392 460 445 546 jus
464 481 634 529 commune
661 463 811 539 variasse,
837 459 879 526 ob
901 459 1120 526 introductam
1140 461 1174 526 in

54 575 204 643 favorem
219 577 452 660 Episcopomm
467 578 746 645 consuetudinem.
757 575 938 644 Dicendum
953 595 1082 661 nempe,
1097 578 1174 643 olim

54 690 208 758 debuisse
230 693 394 759 vicarium
415 695 616 778 generalem·
627 695 790 772 constitui,
812 713 877 759 non
894 699 1024 758 tantum
1037 692 1080 758 de
1098 713 1175 760 con-

54 809 139 886 silio,
156 807 329 874 sedetiam
349 829 424 876 cum
437 830 594 878 consensu
610 811 772 894 Capituli:
788 809 884 877 hodie
896 830 975 878 vero
994 829 1087 894 posse
1100 830 1174 877 eum

55 925 99 991 ab
120 926 278 1011 Episcopo
305 927 457 994 constitui
476 928 598 1012 absque
618 929 684 993 ullo
709 929 936 994 canonicorum
968 946 1098 993 assensu
1121 928 1175 993 vel

56 1043 159 1109 etiam
171 1043 314 1110 consilio.
335 1074 348 1098 «
365 1044 580 1110 constituitur
593 1044 650 1132 (ait
659 1042 849 1128 Leurenius)
861 1065 920 1110 seu
932 1044 1111 1128 deputatur
1125 1045 1176 1109 hic

61 1161 241 1225 «Vicarius
266 1163 425 1227 hodiedum
447 1162 490 1228 ab
512 1163 682 1246 Episcopo,
710 1170 745 1227 ct
772 1162 903 1247 quidem
929 1163 1009 1241 solo,
1033 1163 1101 1227 sine
1128 1182 1177 1228 re-

61 1276 262 1362 «quotenne
288 1296 462 1344 consensus
482 1284 539 1343 aut
564 1278 686 1343 consilii
711 1277 850 1361 Capituli
874 1279 963 1365 (citat
990 1278 1036 1343 ibi
1059 1279 1178 1344 Leure·

61 1394 163 1487 «nius
172 1400 322 1459 auctores
336 1394 491 1477 plurimos
504 1393 593 1460 idem
608 1390 833 1477 affirmantes);
850 1394 1115 1478 approbaturque
1131 1394 1177 1460 id-

60 1540 73 1562 ι
88 1510 196 1594 ipsum
205 1510 438 1577 consuetudine
452 1516 604 1595 recepta3
626 1529 697 1595 quae
708 1508 812 1575 inhoc
821 1509 982 1575 servanda
997 1517 1088 1575 est...
1103 1511 1179 1574 Dixi

61 1657 74 1680 «
89 1627 267 1706 hodiedum·
281 1627 355 1711 quia
372 1627 448 1692 olim
466 1645 600 1692 necesse
622 1635 693 1692 crat
716 1626 862 1692 adhiberi
879 1645 1071 1691 consensum
1087 1625 1179 1711 Cepi-

62 1776 74 1798 «
92 1729 157 1810 tuli
171 1745 206 1809 in
225 1729 387 1811 creatione
405 1746 525 1809 Vicarii
547 1746 715 1828 Episcopi,
741 1751 779 1808 ut
800 1745 876 1809 satis
894 1742 1014 1809 indicat
1029 1744 1181 1809 Sbrozius

61 1893 73 1916 ι
95 1862 131 1945 (l.
154 1864 187 1937 2,
207 1880 240 1946 q.
263 1863 316 1939 55,
339 1881 371 1925 n.
391 1859 436 1945 2),
453 1861 511 1926 ubi
528 1861 573 1927 nit
589 1883 596 1927 :
614 1861 761 1926 Vicarius
779 1860 929 1943 Episcopi
944 1879 1009 1924 non
1023 1859 1062 1925 fit
1079 1861 1180 1927 asolo

60 1979 261 2062 «Episcopo,
285 1975 344 2043 sed
365 1996 440 2042 cum
461 1996 618 2042 consensu
638 1983 671 2041 et
694 1976 888 2042 auctoritate
908 1975 1057 2058 Capituli,
1080 1977 1179 2042 etsie

61 2126 73 2147 «
93 2093 379 2171 abuniversitate,
404 2111 475 2177 quae
498 2094 530 2157 in
556 2093 696 2176 capitulo
713 2098 747 2157 et
761 2092 919 2175 Episcopo
939 2093 1093 2157 consistit.
1115 2094 1181 2156 Nec

61 2241 72 2264 ιι
92 2209 235 2288 dicatur,
252 2208 342 2294 quod
362 2209 512 2273 vicarius
528 2196 677 2291 Episcopi
691 2228 709 2272 a
725 2208 794 2273 solo
814 2208 971 2291 Episcopo
985 2207 1042 2272 fiat
1060 2207 1112 2294 (ex
1129 2228 1182 2272 ca-

60 2357 72 2380 ι
91 2327 162 2410 pite
179 2329 211 2403 l,
226 2344 302 2390 cum
317 2326 432 2409 glossa,
451 2345 488 2388 ae
503 2329 632 2390 Praelata·
645 2331 722 2389 vices
736 2347 818 2404 snas,
838 2333 873 2390 et
887 2325 991 2408 capite
1006 2327 1037 2402 2,
1053 2328 1090 2388 ate
1108 2327 1181 2405 Offi-

59 2474 73 2498 ι
90 2450 139 2507 cio
155 2447 280 2523 Vicertt,
296 2443 331 2507 in
342 2440 445 2526 sexto)
463 2464 470 2507 :
494 2443 580 2527 quia,
599 2450 636 2507 ut
652 2444 757 2527 inquit
770 2444 867 2520 Bero,
887 2443 1014 2526 perilla
1027 2440 1102 2526 jura
1117 2463 1182 2508 non

58 2591 71 2614 ιι
91 2557 283 2625 excluditur
305 2558 493 2643 capitulum,
515 2577 534 2626 a
550 2578 614 2642 quo
630 2560 775 2624 Vicarius
798 2558 839 2622 de
860 2556 935 2642 jure
951 2557 1024 2624 fieri
1038 2557 1179 2624 dicitur:

59 2708 72 2731 «
89 2676 148 2742 vel
165 2674 386 2759 respondetur
403 2673 584 2739 secundum
609 2676 709 2752 Bere,
732 2673 821 2758 quod
840 2675 895 2738 illa
914 2675 987 2758 jure
1006 2674 1183 2758 loquantur

59 2822 72 2845 ι
91 2791 136 2858 de
162 2789 411 2869 consuetudine,
438 2789 620 2855 secundum
639 2809 737 2874 quam
752 2789 848 2854 hodie
863 2790 1012 2873 Episcopi
1025 2788 1184 2856 adversus

58 2907 239 2991 «capitula
263 2908 370 2973 omnia
388 2905 473 2991 jura,
493 2926 563 2991 quae
580 2908 626 2973 eis
644 2906 886 2989 competebant,
909 2915 1126 2989 usurparunt,
1146 2914 1184 2972 ut

58 3057 72 3081 ιι
90 3024 217 3090 dicitur
235 3023 391 3106 incapite
409 3029 456 3087 Ea
472 3030 617 3103 noscitur,
640 3027 677 3086 de
693 3025 741 3086 lu's
754 3043 820 3104 pute
835 3024 949 3101 ficato
967 3026 1100 3087 Praeloto
1120 3029 1184 3087 stne

59 3173 73 3196 ι
91 3160 237 3205 consensu
259 3141 406 3221 Capituli.
429 3140 499 3220 Qua
523 3138 769 3215 consuetudine,
794 3145 832 3202 ut
856 3156 916 3221 per
937 3139 1117 3218 Sbrozium,
1139 3140 1185 3204 sic

60 3290 75 3314 ιι
91 3263 214 3334 stante,
232 3254 329 3321 bodie
344 3255 520 3338 Episcopus
540 3274 605 3319 non
621 3254 678 3320 dat
690 3232 950 3339 jurisdictionem
966 3257 1105 3335 Vicario,
1126 3255 1187 3322 sed

61 3371 314 3455 «consuetudo;
342 3369 434 3454 cujus
459 3371 656 3436 authoritate
678 3371 774 3436 bodie
794 3372 881 3438 solus
896 3373 1073 3457 Episcopus
1095 3375 1186 3439 Vica-

62 3521 76 3545 «
93 3489 184 3555 rium
196 3486 275 3553 facit
295 3508 302 3551 :
324 3492 359 3552 et
371 3485 445 3552 ideo
461 3487 609 3552 Vicarius
627 3487 702 3552 olim
718 3507 737 3552 a
755 3490 897 3571 capitulo
911 3496 945 3553 et
961 3490 1132 3574 Episcopo,
1151 3497 1186 3554 et

63 3637 77 3661 ι
93 3605 142 3671 sic
166 3602 209 3668 ab
234 3604 464 3687 universitate3
485 3610 519 3668 et
534 3602 630 3668 hodie
652 3624 670 3668 a
692 3605 925 3670 consuetudine
944 3605 1044 3671 habet
1056 3603 1187 3690 jurisdi-

64 3720 252 3798 «ctionem,
270 3727 305 3785 et
323 3721 369 3784 sic
384 3719 504 3784 dicitur
515 3719 636 3785 babere
654 3719 867 3787 Ordinariam.
893 3752 905 3775 »
932 3721 1131 3807 (Leurenius,
1150 3725 1187 3785 de

60 3842 198 3904 veerte
214 3839 331 3918 Epire„
352 3854 424 3918 cap.
447 3840 476 3912 l,
495 3855 527 3920 q.
547 3834 615 3920 20.)

108 3952 333 4018 Universalem
356 3951 642 4029 consuetudinem,
662 3954 694 4016 vi
712 3950 804 4036 cujus
819 3971 905 4017 nunc
923 3952 1002 4017 licet
1023 3952 1191 4036 Episcopis

63 4057 232 4135 vicarium
252 4069 439 4152 generalem
458 4067 578 4152 absque
606 4069 674 4133 ullo
695 4069 834 4152 Capituli
858 4071 1048 4134 interventu
1071 4071 1191 4135 consti-

63 4193 173 4263 tuere,
195 4191 341 4249 testatur
352 4184 477 4267 pariter
490 4183 636 4248 Ferraria
657 4182 711 4270 (ad
725 4202 840 4247 vocem
868 4189 1005 4248 Vieortcs
1026 4188 1185 4266 pancratis,

66 4309 132 4368 art.
155 4305 184 4378 l,
208 4319 241 4365 n.
256 4298 288 4383 3)
309 4322 315 4364 :
334 4325 346 4356 ι
364 4300 551 4381 Episcopus,
565 4299 680 4383 inquit,
696 4306 804 4380 potest
817 4301 1015 4365 constituere
1027 4301 1190 4366 Vicarium

70 4416 285 4502 «generalem
304 4414 425 4500 absque
443 4434 599 4481 consensu
611 4416 664 4480 vel
677 4414 808 4479 coiasilio
833 4417 989 4501 Capituli3
1012 4426 1187 4499 comaaaaais,

219 4529 241 4587 l.
1033 4533 1069 4588 26
