2714 4980
149 279 212 362 dil
498 314 685 366 mauranus
707 319 752 367 nn
773 319 921 370 moruus.

145 433 325 525 impeditus
338 440 392 507 vel
406 438 504 507 etiam
520 449 625 507 morte
649 442 807 523 sublatus,
830 434 939 511 ceteri
953 443 1063 512 valide
1082 432 1257 530 proaedere

146 553 326 641 nequeunt.
354 557 437 622 Item
458 563 538 623 tunc
558 565 735 624 censentur
757 557 908 643 deputari
932 563 1141 644 collegiatam,
1154 562 1210 628 'ita
1224 570 1260 628 ut

147 691 266 756 nempe
288 691 328 739 ea
349 674 510 740 sententia
528 675 647 753 valeat,
667 675 720 740 cui
739 674 844 761 major
863 696 941 761 pars
966 696 1081 745 eorum
1103 677 1258 746 adheret.

147 788 229 856 ilinc
245 789 272 855 si
290 787 491 870 dissentiant,
510 797 545 856 et
558 791 713 876 utrinque
739 793 870 878 aqualis
894 800 961 860 stet
984 812 1164 874 numerus,
1187 793 1263 861 nillil

146 904 373 986 concludetur,
391 913 425 972 et
440 904 483 972 ad
502 905 710 992 delegantem
723 907 961 976 recurrendum
974 909 1050 976 erit.
1068 911 1150 992 Quae
1164 911 1265 976 omnia

148 1029 331 1107 sequuntur
343 1041 385 1088 ex
397 1023 494 1088 citata
509 1022 665 1090 decretali
681 1029 822 1105 causata,
837 1025 871 1090 in
889 1044 953 1109 qua
969 1023 1176 1110 disponitur:
1193 1029 1265 1091 dum

147 1133 238 1203 causo
248 1142 361 1204 duodus
370 1146 578 1222 committitur,
594 1146 742 1206 scatentia
751 1148 842 1206 antas
855 1161 916 1205 aaa
931 1149 1021 1207 tcaet.
1032 1141 1150 1208 Fusius
1159 1148 1266 1208 autem

151 1255 298 1340 exposita
322 1255 390 1322 haec
411 1254 520 1322 rideri
540 1265 676 1342 possunt
691 1256 781 1341 apud
794 1257 955 1341 Pirrhing,
974 1257 1119 1344 aliosque
1138 1258 1270 1323 canoni*

149 1380 226 1452 stas,
240 1373 298 1439 ubi
312 1375 445 1441 titulum
463 1379 505 1443 29
521 1376 597 1441 libri
608 1375 705 1461 primi
721 1374 934 1442 decretalium
950 1375 1191 1443 commentariis
1206 1375 1266 1442 suis

149 1466 329 1557 illustrant.

195 1604 365 1672 Praedicta
385 1625 465 1674 vero
482 1607 714 1687 conclusiones,
733 1606 775 1674 de
792 1606 889 1673 modo
911 1626 976 1693 quo
991 1606 1137 1694 delegati
1148 1608 1268 1694 possint

152 1724 208 1790 vel
233 1722 378 1790 debeant
402 1722 594 1810 procedere,
624 1725 722 1790 etiam
747 1722 789 1790 ad
810 1723 1004 1791 hodiernum
1025 1723 1079 1810 jus
1102 1726 1353 1809 pertinere=

154 1841 283 1908 omnino
309 1841 478 1906 censenda
512 1846 598 1906 sunt.
625 1843 813 1928 Sequuntur
839 1843 925 1907 enim
947 1861 988 1908 ex
1009 1842 1151 1926 genuino
1175 1860 1351 1915 sensi-

155 1957 370 2025 formularum
386 1975 457 2041 quae
473 1958 580 2024 solent
598 1958 750 2024 mandato
769 1958 868 2024 inseri
886 1979 893 2024 :
912 1957 969 2044 qui
984 1976 1097 2024 sensus
1119 1977 1185 2024 non
1208 1977 1303 2024 mu-
1321 1999 1350 2026 2

154 2077 246 2139 tatur
258 2088 332 2134 cum
350 2075 510 2155 tempore.
534 2070 628 2135 Unde
644 2072 671 2137 si
686 2069 781 2135 hodie
801 2068 943 2154 delegati
963 2069 1178 2155 deputentur,
1206 2069 1349 2135 for—-

155 2186 245 2252 mula
261 2204 374 2250 eorum
389 2185 535 2251 mandati
549 2207 614 2251 non
623 2184 759 2252 debebit
769 2187 864 2252 aliter
876 2186 1023 2269 intellegi
1033 2204 1072 2251 ac
1087 2186 1166 2252 olim
1180 2185 1347 2255 intel-

155 2302 215 2386 ligi
229 2301 412 2388 debuisset;
433 2304 508 2389 quia
525 2303 659 2370 tandem
675 2311 745 2370 tota
763 2310 907 2388 potestas
923 2301 1163 2387 delegatorum,
1179 2301 1344 2372 hodi-e

157 2417 338 2498 sieutolim,
357 2418 510 2505 pendeta
524 2421 692 2488 voluntate
704 2419 896 2506 delegantis,
914 2437 986 2505 quae
998 2439 1041 2487 ex
1053 2419 1344 2487 mundatior:-

159 2535 249 2605 mula
262 2534 474 2621 intelligenda
487 2544 549 2604 est.

694 2781 733 2844 V.

518 3011 556 3063 Dc
571 3009 659 3076 officio
673 3007 902 3074 delegatiiadtcio.

210 3248 241 3309 l.
268 3241 445 3326 Delegatas
465 3258 531 3305 non
551 3244 661 3324 potest
683 3236 866 3323 procedere
886 3244 962 3304 ante
977 3237 1039 3305 sibi
1054 3243 1329 3322 presentatum

164 3359 376 3446 delegationis
395 3358 603 3441 rescriptum.
622 3357 755 3423 Constat
777 3375 818 3421 ex
837 3354 994 3422 decretali
1011 3352 1191 3421 Alexandri
1214 3341 1326 3422 nl:

165 3483 201 3546 St
215 3484 314 3543 autem
330 3481 414 3540 intro
434 3483 547 3539 certum
569 3482 683 3557 tempas
704 3476 744 3537 lis
756 3475 920 3537 decidendo
932 3477 1143 3552 committitur,
1163 3492 1205 3536 ecc
1218 3476 1325 3536 tabit

166 3601 311 3659 toraniam
325 3599 432 3676 incipit
450 3612 579 3672 carrera,
603 3611 668 3655 cum
684 3593 803 3674 judices
823 3595 982 3671 1111191111
1003 3591 1122 3652 litteras
1145 3591 1324 3672 recipis-⁹0

167 3685 366 3800 (copsssnper
375 3730 407 3772 eo
420 3709 471 3785 12,
485 3708 573 3771 tituli
586 3709 640 3784 28,
654 3706 761 3771 libna
775 3702 929 3789 decret).
943 3704 1122 3784 Praeterea,
1136 3712 1177 3770 ut
1190 3685 1322 3770 11116ο

166 3828 323 3905 dicemus,
341 3823 442 3892 debet
456 3825 585 3890 litteras
599 3821 811 3907 delegationis
829 3823 863 3886 in
877 3822 982 3886 forma
997 3819 1187 3887 authentica
1198 3818 1322 3887 erbl-

166 3947 247 4014 here
265 3944 431 4031 partibus3
447 3961 525 4027 ergo
536 3960 668 4007 necesse
685 3949 734 4006 est
747 3947 785 4005 ut
800 3959 854 4006 eas
866 3939 1041 4022 receperit.
1060 3935 1158 4004 Unde
1165 3941 1315 4020 pitnw,

166 4064 201 4130 in
224 4063 382 4147 rescripto
403 4080 469 4125 non
486 4057 612 4124 attendi
631 4057 731 4122 debet
745 4064 875 4139 tempus
890 4058 981 4136 dato,
1003 4052 1062 4120 sed
1078 4055 1313 4136 presentata·

168 4158 313 4259 saulo,
336 4159 507 4261 processus
538 4173 708 4239 inchoatus
727 4178 802 4238 ante
829 4178 1059 4257 praesentatum
1077 4167 1182 4255 judici
1202 4159 1313 4235 dele

169 4304 244 4381 gato
259 4292 471 4379 delegationis
489 4292 694 4374 rescriptum,
711 4297 761 4354 est
782 4288 894 4353 irritus
915 4305 989 4351 cum
1010 4285 1092 4351 actis
1107 4285 1303 4352 ‹omnmust

169 4432 232 4479 nec
250 4416 362 4479 secuta
379 4409 627 4495 praesentatione
643 4407 883 4483 convalescunt,
901 4404 975 4489 quia
990 4403 1076 4470 facta
1092 4409 1202 4468 sunta
1219 4405 1295 4464 non
