2714 4980
137 325 199 389 17²
477 336 665 386 macrinus
687 340 730 386 ou
752 339 900 387 sunrcrrs.

132 451 223 532 Sedis
237 460 444 550 apostolicae,
467 462 495 528 si
516 481 626 529 eoram
652 462 721 529 istis
747 482 842 530 eausa
863 459 1052 532 ventilanda
1072 467 1133 550 sit3
1158 468 1190 534 4⁰
1206 470 1237 546 si,

131 582 209 648 licet
224 581 314 645 annis
335 582 373 645 14
400 578 516 657 minor,
541 579 583 643 sit
602 585 712 644 tamen
735 579 859 647 infante
875 579 988 666 major,
1010 590 1150 667 possunt
1169 602 1241 668 pra·

132 695 212 763 dieti
222 695 350 782 judices
366 694 573 761 ecelesiastici
590 694 651 778 ipsi
662 700 859 778 potestatem
877 695 988 762 faeere
1003 704 1053 776 ut,
1071 696 1147 763 loco
1159 717 1241 765 eura-

129 785 222 891 roas,
237 812 376 897 aliquem
391 811 460 895 ipse
479 809 540 876 sibi
550 818 760 894 procuratem
778 812 962 876 constituat.

176 926 337 994 Praedieta
352 933 462 992 autem
476 925 651 991 decretalis
671 926 849 991 etiamnum
867 924 921 1012 jus
941 947 1114 995 commune
1136 931 1241 996 consti·

130 1053 225 1112 tuere
242 1041 404 1110 censenda
420 1049 480 1107 est.
499 1043 535 1107 Ei
551 1041 690 1127 proinde
707 1040 868 1121 standum,
887 1044 947 1109 nisi
960 1044 1107 1130 legitime
1123 1046 1156 1110 in
1173 1066 1239 1112 con·

129 1162 266 1250 tranium
285 1159 473 1245 prescripta
498 1158 701 1226 consuetudo
724 1167 781 1224 ant
800 1158 965 1245 dispositio
987 1161 1112 1228 alieubi
1132 1163 1238 1248 probe

132 1284 200 1343 tur.

126 1360 130 1367 Ι
173 1393 212 1458 V.
227 1396 271 1457 Dc
281 1390 528 1472 suminis-Sic
538 1390 638 1455 habet
647 1390 823 1456 decretalis
833 1394 973 1455 Mulieres
981 1392 1142 1459 Boniiaoii
1150 1394 1236 1461 VIII:

128 1511 268 1574 Mulieres
286 1508 370 1595 (quus
385 1514 492 1591 vapori
507 1528 566 1571 uou
577 1513 713 1572 couucuit
724 1528 776 1571 uec
788 1514 922 1571 uirorum
936 1512 1056 1573 coetibus
1073 1509 1236 1597 immisceri]

127 1610 305 1690 auctoritate
321 1627 493 1689 litterarum
508 1627 595 1688 Sedis
606 1627 794 1707 Apostolicoe,
814 1627 862 1688 uel
881 1627 1046 1706 leputorum
1063 1633 1172 1709 ipsius,
1194 1635 1238 1692 cut

125 1745 190 1832 aliu
209 1763 400 1825 quocumque,
418 1744 621 1825 adjudicium
634 1746 839 1825 personaliter
850 1749 978 1824 euocari,
998 1747 1048 1807 cci
1070 1746 1155 1808 trebi
1169 1751 1237 1810 iuui-

128 1866 185 1940 tus,
204 1879 294 1922 ceusu
312 1862 429 1939 fcreudi
446 1865 659 1938 testimouium,
678 1867 732 1923 eut
748 1861 811 1922 clio
832 1861 1040 1943 qualibetpum
1051 1865 1085 1925 iu
1095 1867 1171 1944 jure
1188 1883 1237 1927 uou

125 1981 318 2058 exprimetur,
332 1977 565 2057 probibemus...
589 1979 736 2039 Cceterum
752 1980 881 2057 sumiuae
900 1978 1060 2058 retiyiosoe,
1073 1985 1237 2061 presertim

123 2113 188 2175 que
203 2094 307 2156 demut
319 2094 371 2154 urb
380 2093 520 2154 clausuro
530 2098 654 2172 morari,
673 2099 762 2156 extro
774 2113 860 2157 suum
871 2099 1086 2157 monasterium
1099 2115 1151 2158 scu
1164 2098 1237 2161 cluu-

124 2230 227 2302 surum
242 2231 301 2273 uou
316 2216 457 2272 uoceutur
477 2211 683 2290 adjudicium
705 2211 753 2271 uel
776 2211 938 2273 trultcutur
962 2230 1001 2272 ecc
1026 2218 1135 2293 quouis
1158 2233 1237 2277 ceusu

118 2329 332 2411 persecrutiter,
357 2329 476 2389 eticrusi
494 2327 535 2388 cd
550 2326 603 2387 troc
617 2328 756 2389 voluutas
769 2329 918 2389 accederet
935 2329 1118 2393 eurumdem.
1140 2332 1236 2393 Decer-

123 2449 223 2506 uimus
239 2461 350 2524 quoque
363 2449 398 2504 ut
411 2446 475 2521 ipso
479 2445 551 2522 jure
566 2446 607 2502 sit
620 2446 744 2503 irritum
755 2447 784 2503 et
803 2447 903 2521 iucuc,
921 2445 1035 2523 siquid
1048 2450 1155 2507 coutru
1165 2463 1237 2526 pru·

123 2561 382 2638 missucoutiperit
397 2560 555 2620 ctteutcri.
576 2553 665 2641 (Gap.
686 2557 716 2632 2,
740 2555 827 2620 tituli
854 2558 866 2619 l
892 2559 929 2619 de
951 2559 1095 2636 Iudiciis,
1120 2557 1197 2623 libri
1209 2560 1232 2633 I,

122 2654 218 2762 inii.)
236 2672 306 2753 Qua
317 2670 421 2754 posita
434 2671 521 2755 lege,
539 2672 585 2734 sie
600 2677 709 2752 potest
719 2669 773 2755 jus
788 2671 1043 2738 ecclesiasticum
1059 2672 1149 2737 eirea
1162 2672 1234 2737 hanc

122 2788 291 2854 materiam
317 2786 528 2854 determinari
546 2808 553 2851 :
576 2789 608 2850 1⁰
631 2786 784 2853 Mulieres
808 2763 977 2871 religiosae,
997 2789 1097 2854 etiam
1113 2807 1235 2856 eonsen-

120 2904 250 2983 tientes,
268 2904 302 2968 in
324 2904 414 2969 nullo
435 2921 512 2967 casu
528 2907 663 2986 possunt
681 2902 898 2985 personaliter
919 2903 953 2967 in
972 2901 1098 2988 judicio
1124 2924 1234 2972 conve

119 3021 183 3086 niri
198 3028 254 3086 aut
266 3021 451 3098 convenire,
471 3017 568 3084 idest
585 3037 760 3102 personam
775 3019 901 3085 Actoris
921 3020 974 3083 vel
994 3019 1054 3086 Rei
1065 3023 1231 3089 sustinere.

118 3135 222 3222 quue
235 3135 386 3219 procedit
401 3137 498 3202 etiam
513 3134 555 3202 de
572 3134 812 3219 religiosisque
829 3136 986 3200 clausurae
1001 3155 1042 3201 ex
1057 3139 1175 3222 regula
1184 3157 1232 3204 suu

117 3271 182 3317 non
211 3250 475 3336 adstringuntur,
503 3271 578 3316 oum
599 3250 729 3316 dicatur
744 3299 751 3328 ‚
769 3257 940 3333 presertim
966 3272 1031 3333 qucc
1054 3255 1164 3318 debcut
1187 3256 1232 3319 sui

118 3373 259 3434 clausuro
292 3375 417 3433 morari.
448 3372 482 3432 2⁰
508 3367 622 3450 Quoad
654 3374 788 3433 ceteras
822 3368 970 3433 foeminas
996 3368 1042 3433 sio
1074 3369 1234 3437 concludit

117 3483 428 3568 Sohmalzgrueber:
448 3513 462 3539 «ι
479 3482 753 3567 Drstinguendum
769 3491 818 3548 est
833 3484 919 3549 inter
939 3502 1051 3548 causas
1070 3486 1185 3552 civiles
1204 3489 1232 3552 et

123 3629 136 3654 «
153 3600 351 3684 criminales;
371 3600 490 3665 namin
507 3598 655 3665 civilibus
670 3599 778 3663 invitae
793 3599 1009 3683 personaliter
1023 3599 1064 3665 ad
1078 3599 1232 3686 judicium

123 3717 235 3783 «trahi
260 3737 324 3783 non
349 3718 604 3801 permittuntur,
627 3715 653 3779 si
676 3723 786 3780 tamen
806 3716 918 3792 velint,
939 3734 1036 3800 agere
1053 3722 1088 3782 et
1104 3737 1233 3805 respon·

122 3863 135 3925 r<
152 3833 230 3899 dere
245 3833 280 3898 in
301 3853 340 3899 eo
361 3839 506 3917 possunt.
523 3832 563 3896 ln
579 3830 797 3896 criminalibus
812 3851 877 3896 non
891 3830 1025 3916 quidem
1039 3834 1233 3915 permittun-

122 3959 206 4016 «tur
228 3970 325 4035 agere
343 3951 397 4016 vel
410 3968 582 4032 accusare3
610 3948 636 4012 si
658 3955 767 4012 tamen
788 3947 908 4013 atrocis
930 3947 1066 4035 alicujus
1096 3951 1233 4017 oriminis

122 4096 134 4125 a
152 4085 216 4133 reae
232 4069 306 4146 sint,
324 4068 433 4132 invitae
450 4068 484 4131 in
499 4064 754 4158 judiciumutruhi
769 4071 903 4148 possunt
922 4093 935 4118 »
961 4064 1005 4151 (in
1018 4066 1155 4132 titulum
1171 4071 1182 4133 l
1200 4071 1231 4133 dc

115 4185 255 4265 Iudiciis,
274 4172 385 4248 libris
400 4181 625 4259 decretalium,
642 4200 674 4246 n.
694 4176 762 4265 30).
781 4181 825 4244 Ea
844 4188 966 4246 asserta
982 4180 1103 4263 probat
1118 4184 1231 4249 citatus

116 4307 240 4376 auctor,
257 4307 328 4368 tum
345 4319 387 4365 ex
400 4303 469 4384 ipsa
484 4299 653 4376 decretali,
671 4305 741 4365 tum
758 4317 798 4367 en
810 4297 1072 4384 dispositionibus
1086 4300 1105 4364 J
1107 4301 1230 4375 ustinia·

115 4417 169 4482 uei
179 4415 272 4502 juris.
288 4418 348 4484 lias
364 4418 450 4485 euim
466 4414 692 4503 dispositiones
708 4416 829 4503 injure
843 4417 1044 4484 tustiniaueo
1063 4436 1227 4504 expressas
