2714 4980
568 335 650 389 ruas
672 339 786 388 rarus.
1171 327 1234 391 189

115 459 172 529 sed
188 462 245 529 v‘el
257 463 359 547 partis
377 463 541 548 litigantis,
560 463 616 532 rel
627 465 727 548 ipsius
742 464 965 548 procuratoris
982 483 990 531 :
1006 469 1041 531 et
1054 465 1100 531 sic
1115 463 1159 532 de
1174 483 1237 532 coe·

114 579 194 645 terIs
207 580 243 644 in
256 578 381 666 judicio
393 578 601 665 perficiendis
615 581 752 647 actibus.

154 697 255 762 Patet
269 697 367 762 etlam
379 715 420 762 ex
438 698 603 780 praemIssa
615 695 807 763 definitione
820 695 984 782 quomodo
1003 703 1200 781 procurator
1215 719 1235 764 a

114 817 222 878 tutore
237 818 273 879 et
284 820 436 879 curatore
451 811 593 879 differat.
610 814 691 878 Nam
705 813 759 878 Isti
770 833 837 880 non
851 833 871 880 a
884 814 1010 900 pupillo
1021 814 1076 880 vel
1090 815 1231 894 minore,

115 928 169 995 sed
187 950 208 996 a
225 928 312 1014 lege,
329 923 518 1014 magIstratu
537 930 590 996 vel
615 928 774 996 defuncto
795 935 954 997 testatore
974 933 1232 998 constituuntur.

113 1045 311 1114 Procurator
323 1066 404 1114 vero
419 1048 460 1113 ab
477 1048 547 1132 ipso
563 1046 709 1131 litigante
726 1045 917 1113 mandatum
930 1048 1058 1131 accipit,
1081 1049 1117 1114 vi
1138 1047 1233 1134 cujus

109 1165 211 1246 possit
230 1163 303 1251 ejus
316 1166 403 1232 vices
417 1184 527 1250 agere.
548 1141 551 1148 ¹

148 1283 185 1346 2.
213 1282 378 1366 Distingui
403 1283 507 1348 solent
532 1288 764 1366 procuratores
786 1283 820 1346 in
842 1282 948 1348 varias
966 1282 1091 1367 species
1109 1305 1117 1350 :
1129 1290 1231 1366 primo

97 1399 189 1463 alius
202 1406 255 1463 est
270 1402 429 1481 perterrito,
446 1399 502 1485 qui
521 1398 564 1465 ad
577 1399 683 1465 omnia
696 1400 826 1484 negotia
842 1419 1020 1486 omnesque
1038 1401 1112 1467 lites
1125 1422 1132 1485 ;
1150 1402 1230 1468 alius

94 1518 258 1598 mereatis,
281 1515 337 1600 qui
357 1514 401 1581 ad
423 1523 550 1582 certum
566 1515 736 1582 dumtaxat
751 1518 932 1600 negotium,
953 1524 1122 1583 certamve
1138 1517 1230 1584 litem

93 1631 348 1718 expediendam
368 1635 588 1699 constituitur.
605 1637 739 1700 Secundo
754 1639 950 1717 procurator
969 1633 1127 1717 generalis
1153 1654 1229 1702 con-

94 1751 257 1817 stituitur
271 1750 327 1816 vel
342 1753 531 1833 simpliciter,
546 1751 600 1817 rel
615 1772 681 1815 cum
700 1753 806 1830 libera,
828 1749 864 1817 id
886 1759 947 1828 est,
963 1770 1038 1818 cum
1058 1752 1156 1836 plena
1171 1771 1230 1836 po·

94 1872 227 1933 testate
252 1865 369 1950 agendi
392 1868 500 1933 omnia
524 1884 596 1953 quae
621 1874 731 1950 potest
756 1885 856 1950 agere
877 1865 1038 1933 dominus.
1062 1868 1229 1934 Posterior

94 1985 252 2050 alienare
266 1991 377 2067 potest
392 1981 460 2052 sive
478 1984 610 2050 mobilia
625 1985 693 2050 sive
707 1984 885 2049 immobilia
895 1985 993 2051 varim
1008 1985 1230 2052 contractibus

94 2102 262 2190 [excepto
279 2108 389 2168 tamen
403 2109 574 2169 contractu
590 2101 795 2187 donationis).
812 2102 909 2168 Prior
929 2102 1072 2168 alienare
1095 2122 1159 2169 non
1173 2121 1228 2187 po

94 2226 171 2286 test
191 2218 256 2283 nIsi
278 2238 317 2285 ec
344 2236 416 2304 quac
439 2218 536 2286 brevi
564 2226 820 2303 corrumpuntur
839 2226 873 2284 ct
896 2220 1021 2286 servari
1043 2226 1223 2305 nequeunt.

95 2341 209 2400 Tertio
230 2335 313 2402 alius
332 2344 383 2402 est
400 2335 600 2421 principalis,
627 2354 685 2401 scu
703 2335 829 2420 abipso
855 2333 987 2403 domino
1004 2337 1224 2403 constitutus:

95 2453 185 2518 alius
201 2453 392 2531 subtitutns,
410 2453 486 2538 quia
497 2471 614 2536 nempe
635 2471 654 2517 a
673 2452 844 2536 principali
868 2460 1083 2537 procuratore
1108 2454 1225 2519 consti·

95 2571 225 2636 tuitur.
246 2574 373 2652 erorto,
394 2570 475 2635 alius
488 2574 538 2635 cst
550 2567 724 2654 judicialis,
743 2569 800 2654 qui
817 2568 911 2634 litem
929 2569 1082 2636 mandato
1103 2568 1226 2636 domini

95 2685 284 2770 gerendam
305 2687 450 2770 suscipit,
471 2694 506 2753 et
527 2693 705 2772 propterea
715 2693 896 2768 procurator
915 2689 957 2750 rut
986 2689 1055 2751 liter
1077 2685 1222 2753 dicitur:

95 2803 186 2868 alius
201 2801 466 2888 extrajudicialis,
485 2802 541 2886 qui
560 2800 603 2868 ad
620 2802 752 2886 negotia
770 2808 864 2868 extra
880 2800 1038 2887 judicium
1052 2801 1226 2868 tractanda

100 2928 142 2986 ct
154 2919 349 3004 explicanda
363 2921 581 2998 constituitur,
602 2927 637 2986 ct
653 2926 849 3002 procurator
861 2922 903 2983 cd
919 2926 1038 3002 repotia
1049 2920 1220 2986 salutatur.

102 3036 208 3102 Nobis
223 3035 387 3119 agendum
406 3034 611 3102 solummodo
632 3034 674 3101 de
698 3044 912 3119 procuratore
933 3033 1089 3120 judiciali.
1111 3039 1224 3116 Quieto

102 3161 340 3236 procuratores
354 3153 407 3219 alii
425 3159 500 3218 sunt
518 3152 710 3236 sImpliciter
727 3151 896 3218 constituti
915 3173 922 3217 :
942 3152 996 3216 alii
1021 3157 1055 3215 iu
1079 3154 1219 3231 solidum,

103 3267 218 3348 idest,
235 3269 282 3334 ita
296 3277 335 3335 ut
349 3269 486 3355 quilibet
495 3269 601 3352 ‚possit
617 3287 747 3334 causam
758 3266 929 3351 expedire.
948 3269 982 3332 Si
996 3268 1108 3352 plures
1123 3268 1224 3354 depu-

104 3393 220 3453 tantur
232 3387 430 3470 simpliciter,
449 3406 533 3452 unus
545 3387 614 3452 sine
630 3386 699 3452 aliis
711 3384 839 3451 admitti
858 3403 923 3451 non
942 3384 1053 3452 dehet.
1072 3387 1106 3452 si
1119 3385 1223 3472 depu-

107 3501 422 3580 tenturinsolidum,
441 3510 475 3568 et
492 3521 577 3567 unus
586 3520 715 3567 causam
726 3503 1016 3586 praeoccupaverit
1036 3504 1146 3569 caetcri
1160 3504 1222 3571 hoc

108 3615 175 3702 ipso
191 3618 317 3684 exclusi
329 3625 477 3704 manent;
493 3619 555 3684 nisi
579 3626 690 3685 tamen
712 3620 745 3683 in
766 3617 919 3684 mandato
939 3627 1070 3685 cautum
1093 3619 1217 3701 iamset,

109 3739 143 3798 ut
161 3753 291 3801 causam
305 3753 370 3798 non
384 3742 601 3819 prosequente
616 3754 655 3801 eo
673 3736 728 3819 qui
741 3735 832 3819 prior
848 3753 921 3801 eam
939 3736 1124 3818 occupavit,
1136 3736 1220 3802 alter

108 3849 346 3917 admitteretur.
367 3852 418 3917 Ita
432 3871 583 3935 expresse
597 3852 781 3917 Boniiacius
795 3853 872 3918 vm
887 3850 1037 3917 decrevit
1053 3852 1168 3938 (capite
1183 3858 1220 3919 St

108 3970 162 4032 duo
179 3972 213 4048 6,
235 3971 274 4033 de
287 3971 537 4034 Procuratortdur
550 3969 584 4033 in
599 3966 631 4053 6)
653 3989 660 4035 ε
678 3973 714 4034 Si
730 3972 791 4034 duo
800 3976 1013 4051 procuratores
1030 3971 1140 4049 simul,
1159 3990 1219 4035 ucu

108 4088 217 4169 adjecto
235 4086 270 4151 in
289 4083 440 4165 solidum,
466 4089 657 4168 deputentur,
678 4107 756 4150 uuus
768 4091 833 4149 siue
848 4086 944 4149 altero
960 4105 1021 4149 nou
1033 4088 1149 4150 debebit
1162 4091 1220 4152 cd-

108 4208 195 4268 utttt.
220 4206 311 4268 Secus
325 4207 353 4265 si
365 4207 428 4265 siut
445 4208 478 4265 iu
502 4204 630 4266 solidum
647 4207 820 4282 constituti·
842 4203 895 4264 sed
915 4208 986 4264 tuuc
1008 4205 1095 4265 illius
1113 4206 1219 4269 melior

109 4326 159 4384 crit
170 4321 315 4399 coreditio,
337 4324 389 4400 qut
396 4339 453 4401 per
468 4321 533 4382 litto
547 4325 790 4383 coutestetioueru
811 4323 963 4399 negotium
972 4325 1120 4400 primitus
1135 4343 1218 4387 occu

108 4441 193 4513 pabit.
228 4442 303 4503 Post
326 4443 544 4519 occupationem
568 4445 668 4502 cutem
697 4437 878 4518 hujusmodi,
905 4437 985 4498 ulter
1008 4457 1039 4500 se
1066 4444 1219 4504 iuti-cruit-
