2714 4980
134 310 198 372 258
477 327 664 374 macrinus
687 327 730 372 na
753 320 901 373 sumens.

134 456 241 515 autem
267 457 317 514 est
337 447 472 535 judicia,
502 449 666 517 ordinarii
691 451 889 535 presertim,
916 452 1073 534 potestat.
1098 480 1144 501 ⁶-
1162 444 1226 517 itan

133 557 243 631 differt
257 564 355 647 moad
369 573 523 630 sententie
535 573 598 630 cim
609 575 640 631 ci
650 567 835 648 efficatiam
849 582 923 630 nam
935 584 977 631 ex
991 567 1153 631 sententia
1162 563 1229 650 judi

132 682 177 746 cis
196 681 302 747 oritur
326 682 426 761 actio,
449 691 483 748 ot
505 684 655 766 exceptio
678 685 728 748 rei
747 680 900 767 judicata
917 703 925 749 :
944 690 1064 748 neutra
1084 680 1180 748 datur
1197 696 1228 748 et

129 799 391 880 pronuntiatione
415 798 545 876 arbitri,
572 797 631 864 sed
658 814 761 881 poenn
785 803 913 863 tantum
938 799 1066 881 petitio.
1092 834 1139 848 -
1160 798 1228 864 lietu

128 910 239 977 differt
252 907 350 994 quoad
364 920 580 992 exccotioncm,
599 911 758 998 siquidem
776 912 878 998 judex
895 913 1096 979 sententiam
1108 912 1229 980 validat

126 1047 160 1094 se
174 1024 273 1093 latam
288 1029 408 1115 exequi
420 1037 529 1113 potest
543 1051 551 1094 τ
567 1048 633 1097 non
645 1036 756 1094 autem
770 1035 879 1113 potest
894 1029 1036 1107 arbiter,
1058 1031 1134 1114 quia
1146 1030 1229 1115 juris

125 1143 266 1209 dictione
295 1152 402 1224 caret,
435 1143 495 1210 sed
520 1147 669 1211 executio
695 1144 914 1211 demandatur
941 1145 1043 1231 judici
1068 1145 1227 1213 Ordinatio

122 1262 221 1344 ipsius
235 1262 304 1328 Rei.
322 1265 386 1328 Has
404 1271 439 1328 et
458 1263 628 1328 nonnullas
641 1263 717 1328 alias
728 1263 926 1328 differentias
940 1261 1016 1328 vide
1032 1282 1072 1328 ex
1088 1262 1161 1348 jure
1174 1263 1226 1329 no·

122 1397 218 1444 mano
238 1379 402 1462 probatas,
422 1379 508 1465 apud
524 1380 815 1466 Schmalzgrueber
834 1381 880 1468 (in
895 1380 1030 1446 titulum
1047 1381 1103 1460 42,
1121 1381 1224 1448 thrit

122 1493 347 1573 decretalium,
368 1517 402 1562 n.
419 1499 438 1560 t
454 1497 599 1582 etseq).

164 1617 292 1693 Quinto,
315 1612 425 1678 differt
442 1615 542 1679 etiam
563 1613 789 1696 multipliciter
809 1613 932 1678 arbiter
951 1612 1034 1698 juris
1052 1614 1096 1680 ab
1114 1613 1224 1680 arbitro

118 1729 405 1811 compromissario.
422 1730 502 1794 Nam
517 1729 632 1794 arbitri
644 1728 728 1814 juris
743 1728 895 1811 compelli
911 1737 1045 1812 possunt
1061 1729 1105 1795 ad
1121 1744 1223 1795 manat

119 1843 181 1909 hoc
200 1843 459 1929 suscipiendum3
482 1852 677 1910 nouantem
696 1845 813 1910 arbitri
837 1847 1119 1929 compromissarii.
1131 1847 1166 1912 -Si
1185 1855 1222 1912 tn

118 1980 192 2026 men
207 1962 328 2026 arbiter
344 1961 641 2044 compromissarius
656 1961 827 2026 arbitrium
842 1962 942 2028 semel
959 1964 1115 2047 suscepit,
1134 1961 1221 2028 adin·

115 2080 209 2163 plere
220 2077 311 2144 illud·
322 2085 467 2158 tenetur,
487 2079 547 2143 nisi
568 2085 746 2144 excusetur
765 2097 806 2144 ex
821 2077 986 2145 incidente
997 2079 1221 2164 impedimento

116 2195 233 2280 aliquo.
249 2196 392 2259 -Item
410 2195 524 2260 arbitri
533 2193 616 2279 juris
629 2194 751 2260 habent
763 2192 1024 2279 jurisdictionem
1043 2197 1136 2281 quasi
1148 2195 1221 2261 ortt

117 2312 256 2388 nariam,
279 2318 313 2376 et
328 2319 504 2394 propterea
519 2312 621 2375 instar
643 2311 713 2376 veri
730 2309 848 2396 judicis
863 2319 975 2394 partes
991 2312 1112 2392 citare,
1132 2320 1220 2380 testea

118 2428 312 2505 examinare,
324 2435 359 2492 et
369 2429 430 2493 alia
445 2428 555 2493 facere
566 2433 702 2511 possunt
716 2426 759 2492 ad
772 2445 875 2492 causta
889 2425 1116 2494 definitionem
1126 2440 1220 2495 necet

118 2545 222 2610 saria:
249 2551 363 2609 atvero
383 2544 498 2609 arbitri
521 2544 792 2628 compromissarii
813 2561 878 2608 nou
900 2550 1035 2626 possunt
1057 2552 1167 2629 partes
1187 2540 1218 2608 ad

118 2658 393 2743 comparendum,
413 2678 475 2723 nec
497 2667 600 2724 testes
621 2657 663 2723 ad
686 2656 1218 2743 1111111111111111111·οοηψθ11111ἐ.-ἡ

116 2774 210 2854 Item,
225 2775 414 2840 asententia
428 2774 543 2840 arbitri
553 2774 635 2859 juris
649 2773 805 2856 appellari
819 2779 937 2856 potest,
954 2792 1021 2838 non
1035 2794 1118 2840 vero
1131 2755 1150 2842 a
1162 2792 1218 2841 seu

117 2892 221 2958 tentia
240 2891 355 2958 arbitri
373 2891 650 2974 compromissarii.
674 2888 767 2977 (Vide
780 2888 1085 2974 Schmalzgrueber,
1101 2891 1171 2958 loco
1184 2892 1219 2957 ci·

118 3006 214 3092 tato.)
335 3017 338 3021 ’

162 3128 265 3188 Sexto.
282 3125 372 3188 Inter
391 3121 550 3186 arbitrum
572 3122 886 3204 compromissarium
902 3123 1036 3204 proprie
1056 3121 1179 3189 dictum
1193 3126 1219 3186 et

118 3241 358 3317 arbitratorem,
377 3258 434 3304 sex
446 3237 630 3303 discrimina
644 3245 815 3304 enumerat
828 3237 978 3304 laudatus
992 3239 1220 3325 Scbmalzgrue

118 3357 180 3423 ber
200 3357 244 3444 (in
256 3356 389 3422 titulum
403 3357 458 3433 tt,
472 3356 547 3422 libri
566 3359 578 3419 l
602 3354 829 3433 decretalium,
851 3374 884 3419 n.
905 3353 950 3439 4),
965 3373 1038 3441 quae
1054 3356 1132 3423 vide
1146 3351 1221 3441 apud

118 3475 235 3557 ipsum,
261 3473 380 3538 aliosve
402 3471 594 3549 canonistas,
618 3473 652 3535 in
674 3471 820 3554 ipsorum
844 3473 1084 3537 commentariis
1103 3473 1138 3537 in
1156 3473 1222 3538 utu

117 3584 187 3654 lam
201 3589 256 3667 42,
275 3588 351 3667 libri
364 3587 461 3670 primi
474 3585 698 3651 decretalium.

163 3711 304 3788 Septimo.
326 3728 342 3766 11
355 3705 476 3770 Arbitri
486 3703 569 3789 juris
584 3710 719 3786 possunt
735 3703 890 3767 constitui
903 3722 945 3768 ex
962 3705 1060 3770 variis
1079 3706 1224 3770 causiatt

120 3818 321 3906 «aliquando
335 3820 433 3884 etiam
451 3818 584 3884 debent.
610 3818 709 3883 Casus
737 3817 854 3901 quibus
876 3836 917 3882 ex
942 3817 1025 3901 legis
1047 3821 1224 3904 praescnpto

121 3962 137 3996 «
152 3937 303 4003 constitui
323 3935 456 4012 debent,
481 3943 557 3999 sunt
578 3935 716 3998 maxime
738 3941 930 4018 sequentes:
954 3934 988 3997 in
1011 3954 1110 4001 causa
1133 3935 1226 4019 suspi-

121 4078 136 4112 «
150 4054 249 4120 ciouis
267 4051 402 4138 objec'tae
417 4051 520 4138 judici
536 4053 655 4137 (capite
680 4058 864 4135 suspicionis
880 4057 934 4131 39,
957 4057 994 4118 ie
1012 4056 1120 4136 Officio
1137 4058 1223 4136 dcto.

122 4193 137 4228 κ
151 4168 315 4252 *Capite
330 4174 365 4234 si
375 4178 480 4233 contra
495 4169 527 4246 4,
547 4177 581 4234 et
596 4169 754 4251 capiteAb
770 4172 900 4232 arbitris
918 4172 969 4247 ll,
986 4167 1111 4236 eodem
1121 4169 1225 4246 titulo,

121 4309 137 4345 «
149 4285 183 4348 in
208 4283 240 4368 6)
261 4305 268 4348 :
294 4287 321 4349 si
347 4284 468 4351 diversi
503 4283 632 4369 judices
667 4303 766 4368 saper
800 4285 1008 4352 revocatione
1050 4286 1228 4354 litterarum

119 4399 397 4484 «apostolicarum
423 4398 611 4465 discordent
639 4401 755 4486 (capite
784 4404 955 4464 pastoralis
978 4402 1030 4478 14,
1057 4406 1230 4469 1111111111·-
