2714 4980
502 318 581 371 PARS
602 318 716 367 PRIMA.

383 625 677 766 SECTIO
720 629 843 765 ΙΙΙ.

76 931 137 1003 De
154 929 383 1004 dudiciornm
402 930 726 1005 ecclesiasticorum
748 932 903 1005 Materia
921 957 984 1006 sen
1003 933 1145 1034 objecto

538 1083 694 1155 proprio·

100 1544 233 1627 Duplex
248 1541 418 1608 inmundo
436 1542 648 1626 principatus,
676 1543 915 1609 ecclesiasticus
943 1552 977 1610 et
997 1545 1171 1614 secularis.

57 1660 187 1744 Duplex
199 1658 337 1744 proinde
349 1656 520 1744 judiciaria
532 1665 688 1742 potestas,
707 1658 869 1725 saecularis
887 1668 923 1725 et
939 1661 1170 1728 ecclesiastica.

58 1776 140 1843 Cum
154 1797 236 1843 vero
251 1785 391 1861 utraque
407 1798 425 1842 a
445 1778 515 1842 Deo
531 1777 572 1843 sit
590 1777 749 1855 ordinata,
769 1776 870 1844 debet
883 1798 1086 1864 unaqueque
1099 1798 1176 1864 pro·

57 1895 167 1977 pn'um
179 1894 301 1959 babere
317 1891 493 1978 objectum,
515 1894 560 1959 ita
574 1899 612 1958 ut
625 1900 715 1958 certa
731 1912 903 1959 causarum
919 1915 1038 1979 genera
1054 1897 1095 1962 ab
1112 1916 1177 1963 una

55 2010 284 2096 jurisdictione
308 2009 493 2095 pendeant,·
514 2018 631 2076 catera
651 2030 730 2076 vero
754 2010 848 2076 alteri
866 2010 1089 2096 subjiciantur.
1111 2013 1178 2079 Nisi

55 2128 143 2192 enim
163 2144 366 2212 unaquaeque
388 2125 638 2193 determinatam
659 2128 828 2192 materiam
846 2134 1000 2213 tanquam
1022 2129 1082 2194 sibi
1101 2148 1178 2214 pro-

54 2244 164 2326 priam
177 2241 345 2307 vindicare
360 2250 482 2326 posset,
499 2263 565 2308 non
578 2243 726 2308 ordinate
740 2249 774 2306 et
784 2245 950 2327 sapienter
961 2243 1043 2309 duas
1055 2244 1179 2311 mundo

54 2358 251 2425 simultanee
272 2378 410 2442 preesse
428 2367 607 2444 potestates
621 2360 812 2426 instituisset
826 2363 932 2446 Deus3
950 2361 1009 2426 sed
1023 2360 1179 2428 humanas

54 2493 113 2540 res
141 2476 274 2540 eternis
301 2474 528 2555 collisionibus,
556 2475 855 2559 perturbationibus
887 2485 922 2543 et
944 2477 1072 2560 flagitiis
1095 2478 1179 2543 mala

53 2597 171 2657 mente
183 2590 394 2670 subdidisset,
412 2591 500 2676 quod
514 2592 626 2657 dicere
642 2592 777 2675 impium
793 2600 827 2658 et
841 2592 1067 2676 blasphemum
1087 2600 1147 2660 est.

102 2708 186 2773 Hinc
206 2708 361 2773 tractanti
379 2707 422 2773 de
432 2707 561 2792 judiciis
579 2709 803 2774 ecclesiasticis
820 2710 974 2787 occurrit,
1001 2711 1088 2777 inter
1107 2730 1180 2795 gra-

55 2826 215 2902 uissimas,
235 2824 370 2909 questio
387 2824 429 2890 de
445 2823 656 2890 secernendis
673 2827 785 2902 causis,
805 2844 876 2910 qnae
893 2825 935 2890 ad
949 2826 1056 2892 forum
1073 2828 1179 2894 eccle-

58 2941 226 3006 siasticum
237 2942 432 3025 pertineant,
450 2940 492 3005 ab
505 2941 543 3004 iis
555 2959 634 3025 quas
649 2941 710 3006 sibi
721 2941 839 3005 merito
855 2941 1001 3030 vindicat
1017 2944 1179 3010 saecularis

62 3174 147 3253 prias
169 3175 341 3258 utriusque
357 3172 590 3258 jurisdictionis
612 3191 723 3236 causas
745 3167 942 3238 deducendo
964 3172 1179 3242 distinotionis

69 3297 101 3355 et
109 3292 319 3375 separationis
331 3292 433 3371 sulco,
452 3291 485 3356 in
499 3290 561 3357 hac
577 3291 721 3357 sectione
735 3289 828 3357 nobis
844 3297 894 3356 est
905 3290 1174 3360 incumbendum.

529 3571 663 3638 CAPUT
680 3571 706 3637 I.

69 3821 107 3877 1>ss
127 3835 300 3887 numurus
321 3836 365 3883 nx
386 3834 505 3895 oureus
527 3831 753 3881 nurnnurnaar
776 3832 884 3880 nuans
905 3833 1048 3893 Quanam
1071 3835 1180 3886 onusn

106 3955 150 4002 an
166 3953 281 4002 roauu
299 3951 576 4001 nccnnsnsnouu
595 3949 818 4010 enarrantur,
843 3951 885 3997 nr
905 3950 1048 4012 ananau
1062 3953 1107 4000 an
1123 3954 1180 4003 ro-

106 4068 177 4120 auu
198 4071 383 4127 adcumbo.

112 4305 255 4386 Quatuor
265 4305 655 4391 indicabimusprincipia,
665 4314 816 4390 tanquam
826 4303 956 4369 omnino
967 4310 1049 4384 tuta,
1062 4307 1105 4372 ad
1120 4308 1181 4376 dis·

69 4422 267 4491 sementum
277 4442 428 4508 quaenam
436 4443 541 4491 cause
553 4424 778 4491 ecclesiasticae
789 4419 1018 4506 jurisdictioni,
1042 4432 1078 4489 et
1093 4444 1181 4510 quoe-
