2714 4980
137 321 201 383 402
481 337 668 384 anserinus
691 337 735 382 nu
757 337 905 384 suemus.

138 465 213 528 «sic
232 461 432 546 approbante
443 464 535 545 praxi
551 471 585 527 et
598 463 832 528 consuetudine
850 461 1041 539 universali,
1058 480 1131 546 quae
1143 460 1249 527 inteli-

138 602 155 642 «
169 578 231 645 bus
251 587 301 645 est
321 577 482 644 servanda
503 579 620 666 (capite
645 583 691 642 Ec
715 586 849 643 noscitur
867 582 900 658 6,
923 583 961 643 cle
978 581 1039 643 His
1059 598 1128 660 quc
1147 578 1251 656 11111

137 699 258 762 «Proel.
277 701 341 758 stne
356 716 498 759 consenso
518 693 607 779 Cap.)
630 725 641 748 »ι
661 695 763 761 Etsic
779 696 905 778 pariter
930 701 1084 760 auctores
1112 692 1253 760 moderni

133 832 244 882 omnes
255 813 472 878 universalem
489 813 572 878 hanc
588 811 858 879 consuetudinem
871 820 1027 898 tanquam
1041 811 1167 877 iactum
1187 830 1250 876 cer-

132 939 204 996 tum
227 935 424 1014 memorant3
440 949 501 996 nec
522 936 629 1013 potest
648 929 828 996 ullomodo
846 930 880 993 in
895 928 1032 994 dubium
1047 928 1208 994 revocari,

176 1044 372 1110 Universalis
388 1051 498 1109 autem
523 1044 725 1110 consuetudo
748 1044 889 1127 legitime
920 1045 1126 1126 prescripta,
1156 1042 1250 1127 qualis

131 1160 188 1226 illa
200 1168 260 1239 est,
279 1179 343 1224 non
365 1166 493 1225 tantum
514 1158 580 1244 juri
604 1161 766 1226 communi
783 1158 931 1242 derogat,
946 1157 1006 1224 sed
1021 1159 1141 1242 etipsa
1158 1157 1249 1242 injus

131 1294 302 1341 commune
320 1276 447 1340 transit.
458 1275 548 1342 Adeo
563 1285 601 1340 ut
619 1275 685 1341 dici
697 1276 807 1361 possit,
825 1275 921 1340 hodie
938 1274 979 1340 de
994 1273 1073 1360 jure
1095 1275 1248 1341 communi

128 1393 288 1476 Episcopo
314 1400 501 1477 competere
526 1398 723 1475 potestatem
750 1393 914 1457 vicarium
936 1410 1032 1456 suum
1051 1392 1244 1475 generalem,

128 1510 244 1575 omisso
260 1509 399 1592 Capituli
412 1527 544 1574 assensu
564 1517 661 1594 atque
678 1509 821 1586 consili0,
840 1507 1073 1574 constituendi.

172 1625 323 1705 ansmo
345 1627 390 1690 3¹.
416 1662 460 1673 -
482 1628 529 1688 An*
545 1629 698 1689 Vtccricm
712 1627 879 1706 peccarem
896 1628 954 1687 sibi
966 1630 1151 1687 constituere
1160 1630 1247 1705 possit

127 1743 364 1804 Administrator
382 1743 515 1803 dioecesis
532 1743 650 1804 cidcoe:
670 1749 699 1803 et
714 1760 755 1803 an
768 1743 1008 1804 Administrctor
1027 1725 1165 1804 cdoecesis
1190 1759 1247 1821 quc

127 1862 229 1919 vicum
246 1857 334 1918 tabet
346 1862 504 1938 proprium
522 1860 724 1938 Episcopum?
742 1893 787 1904 --
805 1854 919 1936 Quoad
945 1857 1095 1938 priorem
1111 1855 1247 1923 Admin-

126 1977 298 2035 stratorem
318 1971 363 2034 ita
377 1970 581 2034 Leurenius:
603 1991 619 2031 c
634 1960 829 2053 Respondeo
852 1969 1064 2054 affirmative;
1086 1972 1163 2056 quia
1183 1988 1246 2034 suc-

129 2085 247 2149 «cedit
266 2085 300 2148 in
318 2084 490 2150 Ordinaria
508 2083 733 2169 jurisdictione
757 2086 923 2169 Episcopi,
955 2093 990 2150 et
1016 2088 1242 2171 aequiparatur,

129 2199 266 2286 «quoad
281 2207 487 2284 potestatem,
509 2201 660 2285 Capitulo
674 2201 756 2267 Sede
778 2210 915 2268 vacante
937 2202 1117 2288 (Pirrhing‚
1141 2202 1185 2270 ad
1198 2204 1241 2269 tit.

129 2339 144 2379 «
159 2322 196 2382 de
218 2318 321 2397 Officio
342 2321 467 2397 Viturii,
487 2338 519 2381 n.
540 2320 593 2397 29,
613 2319 645 2381 in
667 2316 758 2402 fine).
780 2349 792 2371 υ
817 2317 932 2399 Quoad
949 2320 1173 2401 posteriorem
1192 2316 1244 2386 sd-

126 2435 400 2512 ministratorem,
431 2436 487 2519 qui
509 2454 627 2519 nempe
649 2456 668 2500 a
686 2437 776 2519 Papa
800 2437 1009 2501 constituitur
1042 2435 1154 2502 adhuc
1179 2438 1242 2504 rivo

124 2552 257 2634 proprio
276 2550 422 2616 dioecesis
435 2552 602 2635 Episcopo,
618 2552 663 2616 sic
677 2551 777 2617 habet
790 2554 908 2618 citatus
919 2561 1059 2619 auctor:
1083 2584 1097 2609 «ι
1117 2553 1241 2621 Dubita-

126 2689 143 2728 a
157 2674 213 2731 tur
230 2688 237 2732 ε
260 2665 392 2732 videtur
407 2665 441 2731 id
462 2684 566 2750 posse,
586 2668 660 2751 quia
676 2669 761 2751 gerit
772 2667 1031 2753 jurisdictionem
1056 2678 1092 2735 et
1108 2675 1241 2754 potesta

126 2791 224 2848 «tem
248 2782 444 2849 ordinariam
477 2784 638 2867 Episcopi,
665 2784 720 2868 qui
740 2783 774 2849 id
795 2792 915 2868 potest.
941 2815 954 2838 »
983 2784 1190 2871 (Leurenius,
1211 2788 1239 2849 de

125 2905 254 2964 Vicarc'a's
271 2905 388 2983 Episc,
406 2918 478 2982 cap.
501 2903 529 2978 1,
549 2918 581 2985 q.
599 2898 667 2984 24.)

168 3016 319 3096 Qumsmo
342 3017 386 3079 4¹.
413 3050 458 3061 —
482 3018 529 3078 An
547 3021 634 3097 Papo
651 3018 743 3079 soleat
761 3018 935 3097 quandoque
954 3021 1111 3081 Viccrium
1126 3037 1238 3100 penm-

121 3137 178 3196 lmn
203 3136 342 3214 Episcopi
357 3136 560 3228 constituere?
576 3168 620 3178 --
638 3155 655 3194 c
675 3131 870 3216 Respondeo
895 3131 1091 3200 affirmative
1122 3133 1236 3221 (Pignu-

124 3251 260 3327 «tellus,
275 3259 354 3316 tom.
373 3253 424 3328 10,
441 3250 579 3315 consult.
604 3247 694 3334 129);
714 3251 770 3316 ubi
785 3250 883 3316 etiam
899 3271 940 3316 ex
955 3252 1144 3332 Passerino,
1157 3249 1234 3338 quod

123 3389 139 3429 n
155 3367 300 3431 vicarius
315 3367 370 3431 ille
386 3367 576 3451 episcopalis
589 3386 607 3431 a
619 3368 708 3449 Papa
720 3369 925 3445 constitutus,
944 3366 1108 3453 majorem
1128 3368 1235 3435 lrabeat

121 3483 352 3560 «facultatem,
382 3483 562 3566 praesertim
574 3483 606 3546 in
622 3482 850 3548 substituendo
866 3483 929 3548 sibi
947 3484 1061 3564 aliurn,
1081 3505 1181 3570 quam
1193 3483 1235 3552 ti-

121 3600 258 3666 «carius
282 3600 443 3683 generalis
468 3599 509 3664 ab
536 3600 693 3684 Episcopo
714 3599 918 3665 constitutus.
939 3599 1185 3686 ».(Leurenius,
1206 3603 1234 3666 o

121 3722 250 3782 Vtccrtts
272 3720 387 3797 Episc,
407 3735 477 3798 cap.
499 3717 527 3792 l,
551 3734 583 3799 q.
603 3712 671 3798 26.)
690 3716 731 3779 Et
747 3713 838 3780 addit
858 3717 977 3781 citatus
995 3725 1126 3797 auctor,
1146 3719 1231 3784 talem

118 3834 282 3900 vicarium
307 3852 377 3896 esse
402 3833 506 3896 relate
522 3831 565 3897 ad
580 3833 774 3916 Episcopum
795 3833 1051 3900 inamoribilem.
1076 3837 1232 3902 Posuimus

118 3960 229 4018 autem
251 3958 376 4015 tantum
389 3949 422 4012 in
439 3950 613 4034 quaestione
628 3952 777 4013 assolent
794 3951 881 4033 Papa
897 3951 980 4016 tales
997 3952 1146 4043 vicarios
1168 3970 1232 4018 con·

116 4071 269 4150 stituere3
291 4067 365 4152 quia
380 4065 536 4131 utrumid
547 4066 656 4131 iacere
670 4067 781 4161 possit,
798 4066 978 4132 absurdum
1003 4079 1091 4136 esset
1107 4072 1142 4135 in
1157 4087 1231 4156 mio·

117 4186 254 4252 sticnem
277 4182 453 4249 adducere.
473 4181 568 4263 Quod
587 4190 696 4247 autem
712 4202 749 4247 ea
771 4184 812 4248 sit
828 4203 946 4250 revera
968 4185 1123 4252 Romanu
1145 4186 1229 4253 cmic

116 4302 235 4384 praxis,
254 4305 395 4364 testatur
408 4298 534 4380 pariter
555 4300 699 4363 Ferraris
716 4299 769 4385 (ad
787 4319 899 4366 vocem
924 4306 1064 4367 Vicarics
1079 4306 1225 4385 peccatis,

117 4425 178 4484 art.
202 4420 230 4494 1,
249 4437 281 4479 n.
307 4413 353 4499 6),
371 4415 397 4478 si
411 4433 529 4498 nempe
555 4416 734 4499 Episcopus
759 4436 824 4482 non
857 4425 943 4482 esset
970 4421 1102 4502 peritus
1113 4419 1224 4505 junco,
