2714 4980
528 296 609 347 rans
629 297 745 346 rmus.
1131 221 1193 346 its

94 429 171 489 uxta
182 420 330 506 regulam
342 423 385 488 68
396 421 430 485 in
443 423 476 500 6,
492 420 688 504 regulariter
700 422 772 506 quis
782 420 964 488 concedere
977 426 1011 488 et
1023 439 1084 505 per
1096 422 1195 488 alium

94 558 242 607 mercare
262 545 381 622 potest,
397 536 487 623 quod
510 537 573 604 sibi
596 539 765 622 proprium
786 544 845 605 est.
863 537 998 605 Accedit
1021 538 1055 604 in
1078 538 1197 622 proha·

94 658 206 724 ionem
228 656 406 722 communis
428 654 601 722 doctorum
624 656 802 734 sententia,
822 664 855 721 61
879 664 1028 722 constans
1046 656 1195 723 Ecclesiae

94 772 203 839 raxis.
219 771 316 855 Quod
330 791 410 838 uero
424 777 566 857 nequeat
584 770 775 838 Ordinarius
787 777 890 838 totam
904 790 995 837 suam
1004 770 1200 857 jurisdictio-

94 905 156 953 em
176 887 276 952 alteri
293 886 447 971 delegare
468 887 535 951 sine
556 886 728 971 principis,
744 885 781 952 id
803 894 852 954 est
863 888 998 954 Romani
1018 888 1195 969 Pontificis,

94 1020 226 1083 ssensu,
245 1005 398 1085 collinitnr
413 1003 468 1090 (ait
483 1001 782 1088 Schmalzgrueber)
799 1010 870 1085 qnia
884 1008 1093 1069 committendo
1106 1013 1200 1070 totam

94 1139 169 1184 uam
178 1123 436 1202 jnrisdnltonem,
452 1140 512 1184 nen
526 1128 588 1184 tam
598 1129 764 1186 censeretur
775 1124 922 1204 delepore,
939 1142 1028 1205 qnam
1041 1129 1160 1186 omnino
1170 1143 1202 1188 se

94 1238 226 1300 udicare
228 1239 453 1319 jurisdictione,
476 1257 527 1300 sen
541 1237 637 1316 officio
653 1257 705 1301 seco
712 1286 724 1317 ,
741 1240 820 1319 qnod
830 1243 894 1302 sine
902 1244 1050 1320 principis
1060 1257 1202 1303 cernensi

94 1357 188 1434 nquit
206 1351 251 1439 (in
264 1352 317 1416 tit.
340 1354 399 1436 293
415 1351 491 1418 libri
512 1354 525 1417 1
546 1350 774 1433 decretalium,
795 1374 828 1418 n.
847 1351 899 1439 9);
919 1354 954 1419 in
969 1372 1034 1440 qno
1048 1361 1202 1445 tanquam

94 1474 180 1535 terto
198 1465 401 1534 admittendo
417 1467 615 1535 concordant
626 1467 788 1536 doctores.

129 1588 164 1651 3.
187 1585 321 1650 Certum
335 1592 385 1650 est
407 1583 593 1669 delegatum
607 1605 626 1650 a
642 1586 741 1669 Papa,
760 1605 854 1670 possa
877 1586 1072 1671 regulariter
1084 1585 1206 1654 subde-

94 1718 212 1784 legare.
240 1700 373 1767 Constat
399 1720 441 1767 er
465 1699 623 1768 decretali
641 1707 677 1767 Si
698 1721 758 1785 pre
785 1705 940 1767 debilitate
956 1702 1006 1789 (3,
1034 1702 1125 1777 tituli
1142 1705 1204 1782 29,

94 1814 167 1882 libri
192 1819 205 1880 1
238 1814 475 1902 decretalium),
500 1816 620 1902 inqua
642 1818 687 1882 sic
709 1815 857 1884 decrevit
880 1815 1065 1885 Alexander
1089 1819 1207 1885 tertius

95 1948 172 1998 anno
189 1933 275 1997 1166
291 1952 298 1996 :
315 1936 415 2013 Sipre
426 1935 594 2013 debilitate,
610 1936 657 1996 ecl
672 1935 803 2013 qnalibet
814 1936 878 1996 alic
889 1939 978 2015 praui
993 1935 1209 1998 6666666166-

95 2054 239 2127 cessitate,
253 2049 421 2111 tractandis
432 2053 529 2111 renus
538 2067 603 2129 pure
613 2050 668 2111 1161
678 2049 782 2112 nSede
790 2050 959 2129 Apostolieu
967 2054 1205 2130 committantur,

96 2164 233 2225 interesse
253 2181 314 2225 nen
323 2167 456 2242 poteris,
476 2163 601 2225 liberum
620 2164 677 2226 tibi
692 2167 733 2225 sit
743 2168 881 2243 persenis
895 2164 1033 2226 discretis
1051 2169 1080 2226 et
1094 2165 1210 2227 idmtcis

98 2281 168 2340 vices
183 2284 254 2341 tuns
263 2283 446 2341 committere
456 2298 467 2340 :
482 2284 528 2341 ita
544 2285 643 2341 tomen
657 2281 735 2360 qnod
750 2283 777 2341 si
791 2297 838 2341 res
852 2283 932 2342 tanti
942 2285 998 2359 est,
1019 2286 1047 2343 te
1060 2281 1211 2344 consulere

98 2392 218 2458 noeane
233 2398 320 2457 :nisi
334 2396 412 2473 sorte
424 2413 521 2457 consor
535 2398 581 2457 ite
596 2413 703 2475 praees
715 2399 788 2473 sint,
808 2395 887 2475 qnod
901 2399 965 2458 sine
977 2400 1142 2477 presentie
1157 2402 1211 2460 tna

97 2513 280 2594 nonpossint
293 2510 440 2592 commode
452 2514 619 2573 terminari.
636 2509 719 2575 Item
733 2515 858 2575 constat
873 2527 914 2574 ex
929 2508 1087 2576 decretali
1101 2515 1211 2575 -Pusto-

95 2628 167 2689 ntis
184 2622 358 2711 (1611611
375 2624 429 2702 29,
446 2621 523 2688 libri
542 2624 555 2686 1
576 2620 730 2707 decret).
749 2624 787 2689 In
802 2642 865 2709 qua
880 2625 925 2689 sie
940 2623 1148 2690 Innocentius
1163 2624 1212 2691 111

95 2751 175 2808 tuno
195 2741 282 2805 1206
299 2760 306 2806 :
324 2741 545 2804 Consultationi
560 2747 619 2803 inre
632 2742 1038 2835 deeimnsrespondendum,
1054 2744 1133 2824 quod
1145 2761 1211 2806 eum

95 2853 234 2941 lelepato
251 2877 272 2918 c
284 2862 420 2939 principe
427 2859 604 2938 jurisdictio
622 2859 718 2921 dandi
731 2859 866 2938 jadicem
880 2862 921 2922 sit
942 2877 962 2920 a
981 2860 1043 2941 lepe
1061 2878 1207 2937 concesse,

95 2971 254 3042 ammodo
269 2978 332 3057 ipse
347 2993 509 3037 exonerare
527 2979 655 3055 seipsum
670 2977 819 3036 malitiose
833 2994 894 3038 nen
912 2982 1029 3057 queret,
1044 2981 1108 3039 etc.
1125 2974 1211 3057 Ergo
1324 3005 1326 3009 ’

95 3093 267 3175 elegatur
293 3106 313 3153 a
338 3089 484 3173 principe
516 3089 616 3156 habet
645 3089 901 3174 jurisdictionem
928 3109 987 3156 seu
1015 3096 1211 3175 potestatem

96 3211 189 3276 andi
199 3209 347 3289 Jndicem,
362 3204 470 3285 idest,
483 3205 730 3290 subdelegandi.
744 3205 837 3274 Idem
853 3206 1021 3274 confirmat
1033 3209 1211 3275 communis

96 3332 269 3395 octorum
285 3322 446 3388 sententia
461 3331 497 3388 et
509 3329 659 3388 conamus
673 3323 793 3407 praxis.
1136 3396 1140 3404 ,

124 3436 289 3508 Diximus
304 3440 495 3520 repnlcrlter,
516 3438 559 3504 ob
577 3446 770 3523 sequentem
787 3426 1027 3523 exceptionem,
1044 3457 1162 3526 nempe
1181 3442 1209 3508 si

96 3560 123 3627 tt
139 3553 256 3622 electa
271 3551 432 3619 industria
451 3555 628 3638 personalis
649 3553 803 3639 delegati.
825 3554 1012 3622 Gensendus
1029 3563 1139 3624 autem
1156 3565 1208 3625 est

96 3675 220 3743 lectus
239 3668 281 3735 oh
295 3667 489 3734 industriam
504 3669 717 3753 personalem,
739 3671 766 3736 si
779 3671 813 3736 in
831 3671 989 3754 rescripto
1007 3670 1136 3737 dicatur
1149 3691 1207 3753 per

96 3797 233 3875 eipsrnn,
253 3785 308 3852 vel
316 3788 518 3869 persmtoliter
539 3794 715 3878 exequaris:
729 3785 808 3852 item
827 3787 855 3852 si
872 3806 967 3853 causa
982 3789 1023 3853 sit
1038 3789 1084 3854 ita
1101 3790 1208 3871 gravis

96 3915 120 3974 ,t
133 3903 289 3970 decanta
300 3900 449 3985 delegato
462 3901 533 3985 ipso
549 3901 665 3981 dirimi,
679 3902 923 3987 prouthabetnr
933 3904 968 3984 in
982 3905 1078 3969 citata
1090 3903 1216 3988 decre-5

96 4024 194 4091 nliSr'
198 4041 255 4104 pro
266 4022 435 4084 debilitate:
445 4020 524 4086 item
533 4021 560 4085 si
568 4018 719 4106 delegato
729 4023 950 4088 committatur
958 4041 1050 4089 mera
1057 4024 1208 4090 executio

97 4160 149 4207 eu
165 4135 292 4202 nudum
304 4136 527 4202 ministerium.

134 4257 170 4321 4.
195 4239 372 4337 Delegatus
382 4253 423 4318 ab
439 4251 612 4320 Ordinario
624 4253 790 4333 inferiore,
808 4254 1006 4338 regulariter
1019 4276 1083 4322 non
1098 4265 1207 4342 potest

96 4372 319 4456 subdelegare.
349 4373 481 4438 Constat
504 4391 545 4438 ex
568 4373 673 4454 capite
688 4375 762 4435 Cnrn
783 4372 985 4460 6661616162,
1006 4378 1044 4439 de
1058 4377 1205 4464 Appen).

203 4485 224 4542 1.
1069 4490 1103 4547 10
