2714 4980
545 314 627 364 rens
648 314 808 365 secusne.
1171 303 1235 368 tta

120 468 136 495 ι
154 456 255 523 scopo
271 445 308 505 et
334 457 354 504 a
374 439 463 523 Papa
485 438 675 522 admissam3
711 444 745 505 7ο
772 457 835 523 per
851 441 1030 526 legitimum
1058 441 1240 527 ingressum

119 585 134 610 «
152 555 304 639 Episcopi
317 555 498 640 inaliquam
510 556 720 640 religionem
736 560 773 624 8ο
786 576 847 641 per
857 559 1077 642 captivitatem
1089 559 1239 643 Episcopi

115 699 130 722 a
150 669 307 755 (intellige
325 671 502 754 apageuis,
521 671 693 751 hereticis,
720 679 778 739 aut
800 672 1034 759 schismaticis);
1056 678 1093 742 9ο
1111 673 1242 757 expirat

118 814 134 840 κ
150 783 336 870 jurisdictio
351 784 469 852 vicarii
483 788 654 870 generalis,
675 807 830 872 suspensa
843 788 993 875 Episcopi
1012 788 1237 874 jurisdictione

117 930 134 956 «
151 918 214 984 per
231 902 608 981 excommunicationem,
630 906 885 986 suspensionem,
902 913 960 970 aut
973 903 1197 971 interdictum.
1216 934 1230 959 ι·

114 1015 286 1102 (Ferraria
304 1015 347 1082 ad
357 1035 471 1082 vocem
492 1022 629 1082 Vicarics
643 1021 805 1099 pecoralis,
825 1026 887 1084 art.
905 1023 938 1097 3,
955 1038 988 1084 n.
1004 1020 1044 1085 27
1057 1027 1092 1085 et
1106 1017 1191 1104 seq.)

157 1131 311 1213 Qumsrro
325 1135 371 1196 2¹.
386 1168 433 1183 -
448 1135 496 1196 Ac
518 1137 658 1197 Vlcorics
676 1137 830 1216 pecoralis
837 1141 936 1216 possit
954 1138 1062 1218 absque
1081 1154 1172 1200 cocco
1190 1155 1238 1199 re-

115 1251 244 1312 vocari?
255 1284 302 1298 -
320 1251 351 1313 1ο
370 1249 504 1314 Certum
521 1256 573 1314 est
589 1248 731 1315 validam
745 1250 818 1316 fore
837 1252 1092 1332 revocationem,
1112 1253 1237 1318 etiams‘

111 1363 238 1449 absque
253 1364 318 1430 ulle
339 1382 434 1430 causa
453 1364 637 1430 rationabili
660 1384 732 1432 eam
756 1350 914 1432 decernat
941 1368 1138 1452 Episcopus,
1163 1386 1237 1432 cum

112 1481 184 1546 tale
198 1479 335 1546 officium
351 1481 392 1546 sit
406 1481 449 1546 od
462 1487 579 1547 nutum
594 1482 743 1567 Episcopi
761 1483 959 1551 revocabile.
976 1483 1041 1549 Sed
1059 1491 1181 1561 tamen,

159 1599 196 1663 2⁰
210 1620 227 1658 o
241 1598 280 1663 In
300 1598 357 1663 tali
382 1599 564 1664 remotione
588 1604 641 1664 est
667 1616 796 1683 semper
817 1599 968 1666 habenda
993 1600 1077 1664 ratio
1107 1599 1238 1665 honoris

116 1741 132 1767 «
150 1713 253 1796 ipsius
270 1734 278 1780 :
294 1712 385 1778 unde
400 1712 550 1778 faciendo
565 1719 617 1779 est
641 1732 716 1779 cum
731 1732 849 1799 magna
872 1715 1173 1799 circumspectione,
1201 1723 1238 1783 et

116 1857 132 1883 κ
147 1848 223 1895 eum
229 1830 321 1912 gravi
335 1837 369 1895 et
381 1828 468 1915 justa
480 1848 577 1896 causa
592 1852 599 1896 :
620 1831 698 1896 alias
707 1832 901 1915 reintegrari
915 1838 1094 1914 potestper
1106 1850 1232 1897 sacram

119 1948 433 2030 «congregationem
455 1946 701 2030 Episcoporum.
728 1948 778 2012 Sic
799 1947 979 2015 declaravit
998 1947 1116 2015 eadem
1140 1949 1236 2014 Sacro

117 2092 132 2117 ι
149 2062 364 2146 Congregatio
381 2065 414 2127 in
440 2066 640 2144 Spolctrenst,
656 2064 675 2128 3
694 2062 766 2148 julii
791 2067 870 2129 1601
887 2085 894 2148 ;
921 2071 955 2130 et
972 2064 1006 2128 iu
1023 2069 1230 2146 Trcportecsl,

116 2206 132 2232 «
153 2177 381 2260 7septembris
402 2184 437 2243 et
456 2183 476 2244 8
498 2179 642 2246 octobris
659 2181 756 2246 1819.
779 2179 890 2244 Causae
914 2187 1023 2245 autem
1048 2178 1155 2265 juste,
1172 2197 1235 2263 pro

116 2320 132 2346 «
151 2290 269 2376 quibus
288 2292 452 2358 removeri
476 2297 586 2375 potest
606 2294 753 2359 vicarius
771 2295 942 2377 generalis,
965 2298 1041 2359 sunt
1054 2293 1235 2376 prasertim

118 2416 326 2493 «sequentes
343 2414 469 2474 :Pramo
482 2417 543 2487 est,
564 2410 592 2473 si
616 2406 659 2475 de
673 2410 799 2475 vicario
826 2407 1002 2475 audiamur
1015 2408 1126 2474 multo
1158 2426 1235 2493 que·

118 2524 228 2591 «relae
275 2542 367 2590 sacra
382 2524 592 2608 congregatio
610 2526 843 2609 Episcoporum
865 2525 899 2589 iu
915 2527 1116 2607 Spolotrccst,
1147 2526 1166 2588 5
1185 2523 1235 2589 ie-

117 2633 272 2706 «brunsii
293 2643 389 2706 1601.
406 2642 543 2705 Secundo
558 2647 619 2719 est,
636 2638 767 2725 quaudo
780 2658 847 2705 uon
864 2639 949 2705 bene
964 2639 1049 2722 regit
1065 2644 1100 2705 et
1115 2637 1233 2722 guber·

117 2789 131 2813 «
149 2765 217 2836 nat,
234 2778 295 2824 nec
313 2759 487 2823 certiorem
502 2757 582 2822 facit
602 2757 732 2823 Sacram
752 2756 1041 2840 congregationem
1068 2753 1233 2821 decausis

116 2905 130 2929 «
146 2848 254 2958 magni
280 2875 446 2952 momenti,
464 2875 497 2938 in
523 2872 658 2938 defectu
679 2873 734 2938 vel
762 2871 907 2937 absentio
933 2871 1112 2955 Episcopi:
1144 2889 1235 2936 sacra

117 3022 130 3045 «
151 2991 362 3074 congregatio
375 2991 856 3074 Episcoporuminrtgripcctinc
874 2987 956 3051 etin
969 2991 1127 3066 Transeo,
1146 2982 1233 3052 3de

117 3140 131 3165 κ
151 3109 291 3175 ccmbm's
326 3109 421 3174 1601.
450 3113 563 3188 Torta,
594 3108 622 3172 si
645 3105 766 3172 scribat
789 3106 1011 3170 irreverenter
1040 3101 1083 3168 ad
1107 3103 1235 3168 Sacram

116 3257 129 3281 «
151 3225 451 3309 congregationem,
463 3223 598 3311 ejusque
615 3222 762 3292 dominos
780 3197 937 3289 officiales
957 3243 964 3286 :
992 3239 1083 3286 sacra
1100 3238 1236 3304 congre·

116 3375 129 3399 «
148 3343 235 3427 gatio
255 3343 489 3425 Episcoporum
506 3341 538 3404 in
562 3345 691 3420 Retico,
714 3342 733 3404 3
756 3321 952 3423 septembris
971 3339 1068 3402 1601.
1101 3342 1229 3417 Qecrtc,

116 3491 130 3516 a
149 3460 176 3524 si
192 3459 332 3543 aliquem
343 3478 384 3524 ex
396 3459 426 3522 S.
445 3459 484 3524 R.
503 3458 539 3522 E.
561 3455 784 3522 Cardinalibns
802 3475 841 3522 ea
859 3474 924 3541 qua
939 3453 1035 3520 decet
1047 3455 1236 3521 reverentia

116 3606 130 3631 κ
147 3594 214 3640 non
237 3582 358 3640 tractet
377 3596 384 3640 :
401 3590 492 3639 sacra
518 3572 725 3656 congregatio
749 3572 981 3655 Episcoporum
1004 3570 1039 3634 in
1055 3574 1231 3648 savonensi,

115 3722 130 3749 a
156 3696 197 3760 19
216 3690 401 3758 novembris
428 3692 527 3755 1655.
548 3694 674 3771 (latntq
699 3689 728 3754 si
751 3693 862 3753 careat
889 3685 1179 3769 circumspectione
1202 3690 1236 3752 et

115 3838 130 3865 «
146 3806 334 3894 prudentia,
355 3807 434 3873 licet
451 3809 484 3872 in
502 3804 636 3890 reliquis
648 3802 786 3869 idoneus
800 3809 904 3868 esset:
925 3820 1016 3868 sacra
1029 3800 1236 3885 congregatio

115 3957 130 3982 «ι
147 3927 380 4011 Episcoporum
400 3925 435 3988 in
449 3926 638 4001 Plccectico,
665 3923 699 3986 11
726 3919 925 4004 septembris
955 3921 1054 3984 1601.
1075 3923 1183 3997 Secta,
1205 3918 1233 3987 si

116 4041 444 4110 «excommunicatus
473 4039 615 4105 existat:
640 4056 732 4104 sacra
756 4037 966 4121 congregatio
995 4036 1234 4119 Episcoporum

116 4162 184 4225 «in
200 4162 392 4238 escensana,
426 4160 465 4224 18
482 4156 564 4242 Junii
585 4157 682 4222 1649.
711 4144 857 4237 septem
890 4154 918 4218 si
949 4151 1109 4218 mandans
1132 4152 1235 4218 sacra

116 4304 132 4332 «
147 4275 413 4360 Congrcgationis
434 4271 570 4340 obedire
596 4278 715 4339 renuat
734 4293 741 4337 :
758 4286 850 4337 socco
869 4269 1079 4354 congregatio
1104 4269 1236 4353 Episce

117 4424 132 4449 «
149 4410 267 4480 porum
286 4393 319 4459 in
333 4396 503 4471 Parmensi,
535 4393 572 4456 17
587 4389 716 4474 augusti
734 4389 833 4468 1613,
850 4393 887 4455 et
910 4390 1072 4470 Asculano,
1089 4389 1130 4454 19
1150 4387 1236 4478 apri·
