2714 4980
567 321 647 370 rias
668 319 784 368 umus.
1172 303 1234 368 tar

108 449 196 509 ralis
209 447 260 523 14,
278 445 395 512 titulil
416 449 456 512 da
470 449 610 527 locem,
630 445 708 514 libri
721 447 743 510 l
758 441 1002 529 decretalium).
1025 445 1107 512 linio
1123 443 1239 512 decre·

109 561 176 626 tali
194 561 395 628 concordant
409 563 557 629 nonnulli
574 569 686 629 textus
698 562 903 629 iustinianeae
922 561 1142 645 legislationis,
1157 579 1240 647 quos

113 677 235 760 citatos
250 677 326 745 uide
345 678 433 762 apud
446 679 736 764 schmalzgrucber
749 677 794 764 (iu
807 677 940 742 titulum
957 679 969 741 l
986 680 1024 741 dc
1037 681 1181 756 Iudiciis,
1200 677 1240 742 li-

111 791 170 877 bri
186 792 442 872 idecranlium,
455 815 489 859 u.
508 792 575 880 48).
587 793 670 861 Inde
684 801 795 859 autem
807 791 1009 858 concludunt
1022 792 1240 858 communiter

113 911 301 988 canonista,
325 918 479 996 tauquam
502 912 689 995 generalem
708 911 867 994 regulam,
892 909 1032 993 proponi
1051 907 1176 976 debere
1198 907 1240 974 ab

113 1025 194 1110 ipsis
208 1029 356 1110 personis
365 1028 576 1112 litigantibus,
589 1047 654 1093 uon
666 1035 776 1092 autem
796 1027 838 1091 ab
854 1023 1044 1091 earumdem
1060 1023 1237 1102 advocatis,

115 1163 157 1210 ea
171 1163 243 1230 quae
263 1143 306 1210 ad
323 1145 448 1211 iactum
463 1146 642 1230 pertinent.
661 1144 739 1226 Quae
751 1142 834 1228 juris
847 1130 1013 1226 dispositio
1029 1141 1188 1207 fundatur
1202 1162 1241 1208 ea

116 1260 254 1337 ratione,
277 1259 366 1344 quod
383 1279 436 1325 res
450 1259 493 1325 ad
508 1259 633 1325 factum
648 1262 852 1342 pertinentes
865 1257 1027 1324 ordinarie
1048 1257 1163 1323 melius
1176 1256 1241 1323 cal-

115 1377 205 1442 leant
221 1382 256 1443 et
270 1378 434 1460 explicare
447 1378 576 1443 valeant
591 1395 738 1460 personae
754 1376 960 1461 principales,
980 1395 1077 1461 quam
1092 1375 1240 1440 extranei

117 1496 284 1560 autetiam
298 1515 411 1561 earum
426 1493 589 1561 advocati.

158 1615 359 1694 Exceptiooes
374 1616 415 1677 cd
425 1615 606 1695 predictam
624 1615 851 1676 conclusionem.
870 1648 917 1661 -
931 1611 1102 1677 Posuimus
1116 1610 1149 1675 in
1164 1628 1241 1674 cou-

118 1727 261 1795 olnsione
281 1747 398 1794 vocem
412 1732 609 1810 repabriter,
625 1728 701 1795 ideo
725 1747 845 1812 nempe
868 1729 945 1813 quia
962 1728 1135 1793 nonnullas
1149 1746 1242 1793 exce-

120 1845 244 1927 ptiones
258 1843 411 1911 admittit.
427 1846 575 1928 Quatuor
588 1848 771 1930 praecipuos
787 1864 881 1910 casus
893 1843 1101 1928 excipiendos
1111 1843 1157 1909 sic
1172 1863 1242 1910 me·

119 1969 220 2028 morat
240 1962 532 2046 Schmalzgrueber
548 1963 632 2049 (loco
646 1982 745 2046 supra
767 1959 890 2046 citato):
915 1964 979 2026 «1⁰
1001 1962 1034 2026 Si
1051 1960 1242 2045 principalis

122 2082 189 2159 «sit
206 2081 306 2146 bomo
327 2080 474 2164 simplex,
499 2083 556 2165 qai
579 2089 726 2146 mentem
746 2099 838 2145 suam
857 2078 1053 2145 sufficienter
1079 2077 1240 2162 explicare

112 2223 131 2250 s
144 2205 295 2283 nequeat
313 2197 431 2284 (capita
448 2202 619 2262 Pastorciis
634 2195 764 2282 citato);
786 2202 820 2262 2⁰
843 2198 871 2262 si
887 2194 1090 2262 consuetudo
1116 2194 1242 2279 exposi-

114 2314 255 2380 «tiones
268 2313 347 2378 facti
361 2313 404 2377 ab
425 2312 593 2380 advocatis
606 2313 758 2379 admittat
777 2333 785 2377 :
802 2322 837 2379 et
853 2315 900 2379 ita
914 2314 1032 2397 passim
1046 2313 1081 2377 in
1095 2311 1242 2376 tribuna-

107 2456 130 2483 v<
142 2431 237 2496 libus
258 2431 370 2514 praxis
395 2429 537 2515 obtinet;
559 2435 593 2497 3ο
615 2433 642 2496 si
662 2429 841 2497 advocatus
859 2428 902 2496 ad
916 2429 1049 2494 iactum
1067 2429 1101 2494 in
1121 2425 1243 2512 judicio

109 2573 133 2603 «t
147 2547 404 2632 proponendum
430 2548 550 2615 habeut
574 2549 714 2632 speciale
740 2547 949 2630 mandatnm;
979 2547 1015 2611 4⁰
1035 2547 1063 2610 si
1083 2544 1188 2630 judex
1209 2552 1243 2610 et

109 2691 132 2719 κ
145 2682 228 2748 pars
240 2664 344 2729 altera
358 2684 424 2730 non
444 2662 656 2743 contradicat,
677 2663 808 2749 quando
827 2662 1007 2729 advocatus
1029 2681 1069 2728 ca
1089 2661 1243 2744 proponit

106 2799 224 2864 *quae
248 2778 329 2844 facti
344 2787 436 2864 sunt;
462 2788 542 2846 tunc
559 2781 648 2846 enim
670 2779 803 2847 nocebit
816 2772 914 2862 parti,
937 2778 1073 2863 quasiiu
1091 2774 1243 2861 pracindi-

107 2923 133 2951 ιι
148 2897 240 2961 cium
253 2913 348 2960 suum
364 2896 592 2962 consentienti.
614 2924 629 2953 a

161 3011 285 3078 Contra
297 3013 537 3079 conclusionem
546 3031 645 3097 quam
657 3012 873 3078 stabilivimus
884 3012 1004 3096 opponi
1013 3010 1120 3077 solent
1130 3010 1243 3098 aliquae

103 3126 335 3214 objectionem
360 3129 417 3195 sed
439 3148 510 3214 quae
533 3129 629 3196 facile
654 3129 874 3208 refelluntur,
894 3137 932 3195 ut
953 3127 1068 3195 videre
1087 3135 1139 3194 est
1155 3125 1244 3211 apud

105 3244 413 3330 Scbmalzgrueber
429 3245 541 3334 (citato
554 3244 652 3331 loco).

580 3545 714 3613 CAPUT
727 3545 785 3610 ΙΙΙ.

493 3818 538 3867 DE
554 3817 862 3868 -rnocuaauomuus

165 4075 257 4157 Saepe
272 4072 428 4156 contingit
442 4080 479 4138 ut
495 4073 566 4158 quis
577 4091 638 4155 per
652 4093 685 4137 se
701 4074 806 4156 ipsum
819 4070 893 4155 jura
904 4089 961 4135 sua
973 4067 1059 4134 tueri
1072 4067 1169 4151 nolit3
1191 4070 1244 4135 vel

123 4189 217 4255 etiam
237 4196 397 4273 nequeat,
423 4188 491 4253 sive
512 4187 601 4273 quod
625 4189 743 4272 procul
765 4186 874 4273 degat,
896 4187 964 4251 siue
986 4185 1047 4250 alia
1070 4182 1112 4248 de
1133 4204 1241 4251 causa.

123 4303 201 4372 Hinc
217 4325 235 4370 a
251 4305 324 4406 lege
338 4310 409 4372 tum
421 4304 509 4371 civili
519 4311 591 4373 tum
604 4304 821 4376 ecclesiastica
833 4308 992 4371 statutum
1007 4308 1069 4383 cst,
1084 4309 1121 4368 ut
1132 4309 1244 4387 partes
