<?xml version="1.0" encoding="UTF-8"?>
<!DOCTYPE html PUBLIC "-//W3C//DTD XHTML 1.0 Transitional//EN"
    "http://www.w3.org/TR/xhtml1/DTD/xhtml1-transitional.dtd">
<html xmlns="http://www.w3.org/1999/xhtml" xml:lang="en" lang="en">
 <head>
  <title>
</title>
<meta http-equiv="Content-Type" content="text/html;charset=utf-8" />
  <meta name='ocr-system' content='tesseract 3.04.00' />
  <meta name='ocr-capabilities' content='ocr_page ocr_carea ocr_par ocr_line ocrx_word'/>
</head>
<body>
  <div class='ocr_page' id='page_1' title='image "./tractatusdejudi00bouigoog_0127.png"; bbox 0 0 2714 4980; ppageno 0'>
   <div class='ocr_carea' id='block_1_1' title="bbox 132 286 899 354">
    <p class='ocr_par' dir='ltr' id='par_1_1' title="bbox 132 286 899 354">
     <span class='ocr_line' id='line_1_1' title="bbox 132 286 899 354; baseline -0.008 0"><span class='ocrx_word' id='word_1_1' title='bbox 132 286 193 354; x_wconf 84' lang='lat' dir='ltr'><strong>itt</strong></span> <span class='ocrx_word' id='word_1_2' title='bbox 475 298 663 350; x_wconf 74' lang='lat' dir='ltr'><strong>mersans</strong></span> <span class='ocrx_word' id='word_1_3' title='bbox 684 300 729 350; x_wconf 83' lang='lat' dir='ltr'><strong>nn</strong></span> <span class='ocrx_word' id='word_1_4' title='bbox 750 300 899 351; x_wconf 80' lang='lat' dir='ltr'><strong>mulctis.</strong></span> 
     </span>
    </p>
   </div>
   <div class='ocr_carea' id='block_1_2' title="bbox 65 406 1246 981">
    <p class='ocr_par' dir='ltr' id='par_1_2' title="bbox 65 406 1246 981">
     <span class='ocr_line' id='line_1_2' title="bbox 129 406 1245 516; baseline 0.003 -21"><span class='ocrx_word' id='word_1_5' title='bbox 129 413 885 516; x_wconf 79' lang='lat' dir='ltr'><strong>magiauneligicnealtstruhcrevidentur‚eam</strong></span> <span class='ocrx_word' id='word_1_6' title='bbox 895 409 1011 495; x_wconf 81' lang='lat' dir='ltr'><strong>tamen</strong></span> <span class='ocrx_word' id='word_1_7' title='bbox 1020 406 1245 515; x_wconf 79' lang='lat' dir='ltr'><strong>multipliciter</strong></span> 
     </span>
     <span class='ocr_line' id='line_1_3' title="bbox 129 542 1246 632; baseline 0.001 -16"><span class='ocrx_word' id='word_1_8' title='bbox 129 550 305 632; x_wconf 83' lang='lat' dir='ltr'><strong>attingunt.</strong></span> <span class='ocrx_word' id='word_1_9' title='bbox 321 547 371 612; x_wconf 85' lang='lat' dir='ltr'><strong>lie</strong></span> <span class='ocrx_word' id='word_1_10' title='bbox 385 563 450 631; x_wconf 89' lang='lat' dir='ltr'><strong>quo</strong></span> <span class='ocrx_word' id='word_1_11' title='bbox 462 548 567 612; x_wconf 89' lang='lat' dir='ltr'><strong>testes·</strong></span> <span class='ocrx_word' id='word_1_12' title='bbox 582 543 712 613; x_wconf 84' lang='lat' dir='ltr'>abunde</span> <span class='ocrx_word' id='word_1_13' title='bbox 724 552 801 612; x_wconf 91' lang='lat' dir='ltr'><strong>sunt</strong></span> <span class='ocrx_word' id='word_1_14' title='bbox 815 552 866 613; x_wconf 87' lang='lat' dir='ltr'><strong>tut</strong></span> <span class='ocrx_word' id='word_1_15' title='bbox 879 542 965 626; x_wconf 59' lang='lat' dir='ltr'><strong>luri,</strong></span> <span class='ocrx_word' id='word_1_16' title='bbox 987 542 1031 614; x_wconf 90' lang='lat' dir='ltr'><strong>de</strong></span> <span class='ocrx_word' id='word_1_17' title='bbox 1046 546 1136 615; x_wconf 84' lang='lat' dir='ltr'><strong>hisce</strong></span> <span class='ocrx_word' id='word_1_18' title='bbox 1153 544 1246 617; x_wconf 84' lang='lat' dir='ltr'><strong>disci·</strong></span> 
     </span>
     <span class='ocr_line' id='line_1_4' title="bbox 127 644 1242 748; baseline 0.001 -21"><span class='ocrx_word' id='word_1_19' title='bbox 127 661 225 748; x_wconf 83' lang='lat' dir='ltr'><strong>plicis</strong></span> <span class='ocrx_word' id='word_1_20' title='bbox 236 679 279 727; x_wconf 84' lang='lat' dir='ltr'><strong>ex</strong></span> <span class='ocrx_word' id='word_1_21' title='bbox 292 656 441 745; x_wconf 76' lang='lat' dir='ltr'><strong>professo</strong></span> <span class='ocrx_word' id='word_1_22' title='bbox 449 663 640 736; x_wconf 69' lang='lat' dir='ltr'>tractantes,</span> <span class='ocrx_word' id='word_1_23' title='bbox 654 644 710 743; x_wconf 88' lang='lat' dir='ltr'><strong>qni</strong></span> <span class='ocrx_word' id='word_1_24' title='bbox 718 657 924 742; x_wconf 86' lang='lat' dir='ltr'><strong>putidissima</strong></span> <span class='ocrx_word' id='word_1_25' title='bbox 938 658 1106 745; x_wconf 83' lang='lat' dir='ltr'><strong>impietate</strong></span> <span class='ocrx_word' id='word_1_26' title='bbox 1117 658 1242 740; x_wconf 72' lang='lat' dir='ltr'><strong>fetent,</strong></span> 
     </span>
     <span class='ocr_line' id='line_1_5' title="bbox 128 774 1243 861; baseline 0 -14"><span class='ocrx_word' id='word_1_27' title='bbox 128 786 164 847; x_wconf 80' lang='lat' dir='ltr'><strong>ct</strong></span> <span class='ocrx_word' id='word_1_28' title='bbox 181 776 262 843; x_wconf 89' lang='lat' dir='ltr'><strong>ildei</strong></span> <span class='ocrx_word' id='word_1_29' title='bbox 284 775 449 842; x_wconf 82' lang='lat' dir='ltr'><strong>catholicae</strong></span> <span class='ocrx_word' id='word_1_30' title='bbox 470 774 677 858; x_wconf 86' lang='lat' dir='ltr'><strong>negationem</strong></span> <span class='ocrx_word' id='word_1_31' title='bbox 702 774 871 861; x_wconf 74' lang='lat' dir='ltr'>frequenti</span> <span class='ocrx_word' id='word_1_32' title='bbox 885 775 1022 844; x_wconf 76' lang='lat' dir='ltr'><strong>audacia</strong></span> <span class='ocrx_word' id='word_1_33' title='bbox 1047 776 1243 848; x_wconf 74' lang='lat' dir='ltr'><strong>autminus</strong></span> 
     </span>
     <span class='ocr_line' id='line_1_6' title="bbox 65 888 1244 981; baseline 0.002 -20"><span class='ocrx_word' id='word_1_34' title='bbox 65 888 68 893; x_wconf 75' lang='grc'><strong>’</strong></span> <span class='ocrx_word' id='word_1_35' title='bbox 126 895 244 980; x_wconf 85' lang='lat' dir='ltr'><strong>linquis</strong></span> <span class='ocrx_word' id='word_1_36' title='bbox 265 912 332 959; x_wconf 90' lang='lat' dir='ltr'><strong>non</strong></span> <span class='ocrx_word' id='word_1_37' title='bbox 356 891 468 959; x_wconf 83' lang='lat' dir='ltr'><strong>rideat</strong></span> <span class='ocrx_word' id='word_1_38' title='bbox 490 908 587 976; x_wconf 87' lang='lat' dir='ltr'><strong>posse</strong></span> <span class='ocrx_word' id='word_1_39' title='bbox 614 892 804 976; x_wconf 88' lang='lat' dir='ltr'><strong>magistrum</strong></span> <span class='ocrx_word' id='word_1_40' title='bbox 828 893 1057 974; x_wconf 68' lang='lat' dir='ltr'><strong>acatholicum,</strong></span> <span class='ocrx_word' id='word_1_41' title='bbox 1085 892 1244 981; x_wconf 77' lang='lat' dir='ltr'><strong>ejusmodi</strong></span> 
     </span>
    </p>
   </div>
   <div class='ocr_carea' id='block_1_3' title="bbox 15 1007 1244 1099">
    <p class='ocr_par' dir='ltr' id='par_1_3' title="bbox 15 1007 1244 1099">
     <span class='ocr_line' id='line_1_7' title="bbox 15 1007 1244 1099; baseline 0.001 -21"><span class='ocrx_word' id='word_1_42' title='bbox 15 1079 24 1098; x_wconf 69' lang='grc'><em>,</em></span> <span class='ocrx_word' id='word_1_43' title='bbox 126 1012 279 1078; x_wconf 83' lang='lat' dir='ltr'><strong>scientias</strong></span> <span class='ocrx_word' id='word_1_44' title='bbox 289 1008 465 1088; x_wconf 85' lang='lat' dir='ltr'><strong>tradendo,</strong></span> <span class='ocrx_word' id='word_1_45' title='bbox 479 1007 718 1076; x_wconf 78' lang='lat' dir='ltr'><strong>incredulitatis</strong></span> <span class='ocrx_word' id='word_1_46' title='bbox 731 1028 894 1077; x_wconf 80' lang='lat' dir='ltr'><strong>uenenum</strong></span> <span class='ocrx_word' id='word_1_47' title='bbox 904 1008 1072 1096; x_wconf 74' lang='lat' dir='ltr'><strong>discipulis</strong></span> <span class='ocrx_word' id='word_1_48' title='bbox 1086 1012 1156 1079; x_wconf 90' lang='lat' dir='ltr'><strong>suis</strong></span> <span class='ocrx_word' id='word_1_49' title='bbox 1171 1030 1244 1099; x_wconf 84' lang='lat' dir='ltr'><strong>quc·</strong></span> 
     </span>
    </p>
   </div>
   <div class='ocr_carea' id='block_1_4' title="bbox 115 1124 1282 4543">
    <p class='ocr_par' dir='ltr' id='par_1_4' title="bbox 121 1124 1242 1560">
     <span class='ocr_line' id='line_1_8' title="bbox 124 1124 1241 1212; baseline 0.002 -19"><span class='ocrx_word' id='word_1_50' title='bbox 124 1124 205 1194; x_wconf 88' lang='lat' dir='ltr'><strong>tidie</strong></span> <span class='ocrx_word' id='word_1_51' title='bbox 230 1126 428 1212; x_wconf 82' lang='lat' dir='ltr'><strong>propinare?</strong></span> <span class='ocrx_word' id='word_1_52' title='bbox 447 1125 552 1208; x_wconf 86' lang='lat' dir='ltr'><strong>Quom</strong></span> <span class='ocrx_word' id='word_1_53' title='bbox 573 1130 665 1191; x_wconf 89' lang='lat' dir='ltr'><strong>certe</strong></span> <span class='ocrx_word' id='word_1_54' title='bbox 684 1125 724 1190; x_wconf 88' lang='lat' dir='ltr'><strong>in</strong></span> <span class='ocrx_word' id='word_1_55' title='bbox 736 1124 908 1194; x_wconf 77' lang='lat' dir='ltr'><strong>tradendis</strong></span> <span class='ocrx_word' id='word_1_56' title='bbox 920 1125 1088 1212; x_wconf 74' lang='lat' dir='ltr'><strong>juventuti</strong></span> <span class='ocrx_word' id='word_1_57' title='bbox 1101 1128 1241 1195; x_wconf 85' lang='lat' dir='ltr'><strong>scientiis</strong></span> 
     </span>
     <span class='ocr_line' id='line_1_9' title="bbox 123 1240 1242 1327; baseline 0.004 -19"><span class='ocrx_word' id='word_1_58' title='bbox 123 1241 272 1320; x_wconf 66' lang='lat' dir='ltr'><strong>murum,</strong></span> <span class='ocrx_word' id='word_1_59' title='bbox 291 1242 461 1327; x_wconf 76' lang='lat' dir='ltr'><strong>preterito</strong></span> <span class='ocrx_word' id='word_1_60' title='bbox 476 1240 659 1326; x_wconf 81' lang='lat' dir='ltr'><strong>prasertim</strong></span> <span class='ocrx_word' id='word_1_61' title='bbox 670 1242 800 1322; x_wconf 79' lang='lat' dir='ltr'><strong>seculo,</strong></span> <span class='ocrx_word' id='word_1_62' title='bbox 815 1241 850 1308; x_wconf 93' lang='lat' dir='ltr'><strong>in</strong></span> <span class='ocrx_word' id='word_1_63' title='bbox 872 1240 995 1310; x_wconf 87' lang='lat' dir='ltr'><strong>iactum</strong></span> <span class='ocrx_word' id='word_1_64' title='bbox 1014 1245 1192 1325; x_wconf 81' lang='lat' dir='ltr'><strong>transiisse,</strong></span> <span class='ocrx_word' id='word_1_65' title='bbox 1209 1250 1242 1312; x_wconf 87' lang='lat' dir='ltr'><strong>et</strong></span> 
     </span>
     <span class='ocr_line' id='line_1_10' title="bbox 121 1357 1241 1445; baseline 0.004 -20"><span class='ocrx_word' id='word_1_66' title='bbox 121 1357 387 1436; x_wconf 85' lang='lat' dir='ltr'><strong>latecbtinnisse‚</strong></span> <span class='ocrx_word' id='word_1_67' title='bbox 405 1358 568 1424; x_wconf 85' lang='lat' dir='ltr'><strong>notorium</strong></span> <span class='ocrx_word' id='word_1_68' title='bbox 583 1363 651 1425; x_wconf 88' lang='lat' dir='ltr'><strong>est:</strong></span> <span class='ocrx_word' id='word_1_69' title='bbox 667 1363 706 1424; x_wconf 92' lang='lat' dir='ltr'><strong>ut</strong></span> <span class='ocrx_word' id='word_1_70' title='bbox 718 1357 860 1444; x_wconf 82' lang='lat' dir='ltr'><strong>proinde</strong></span> <span class='ocrx_word' id='word_1_71' title='bbox 878 1358 1065 1445; x_wconf 81' lang='lat' dir='ltr'><strong>possitrflem</strong></span> <span class='ocrx_word' id='word_1_72' title='bbox 1088 1362 1168 1429; x_wconf 85' lang='lat' dir='ltr'><strong>eum</strong></span> <span class='ocrx_word' id='word_1_73' title='bbox 1182 1358 1241 1430; x_wconf 89' lang='lat' dir='ltr'><strong>de·</strong></span> 
     </span>
     <span class='ocr_line' id='line_1_11' title="bbox 122 1473 671 1560; baseline -0.005 -17"><span class='ocrx_word' id='word_1_74' title='bbox 122 1484 305 1549; x_wconf 78' lang='lat' dir='ltr'><strong>mensuare</strong></span> <span class='ocrx_word' id='word_1_75' title='bbox 319 1492 405 1560; x_wconf 88' lang='lat' dir='ltr'><strong>panc</strong></span> <span class='ocrx_word' id='word_1_76' title='bbox 423 1475 469 1542; x_wconf 84' lang='lat' dir='ltr'><strong>ait</strong></span> <span class='ocrx_word' id='word_1_77' title='bbox 486 1473 671 1543; x_wconf 89' lang='lat' dir='ltr'><strong>ridiculum.</strong></span> 
     </span>
    </p>

    <p class='ocr_par' dir='ltr' id='par_1_5' title="bbox 118 1591 1241 2258">
     <span class='ocr_line' id='line_1_12' title="bbox 165 1591 1236 1665; baseline 0.005 -5"><span class='ocrx_word' id='word_1_78' title='bbox 165 1593 383 1660; x_wconf 85' lang='lat' dir='ltr'><strong>Conlirmutur</strong></span> <span class='ocrx_word' id='word_1_79' title='bbox 395 1598 505 1658; x_wconf 86' lang='lat' dir='ltr'><strong>autern</strong></span> <span class='ocrx_word' id='word_1_80' title='bbox 519 1592 681 1660; x_wconf 85' lang='lat' dir='ltr'><strong>conclusio</strong></span> <span class='ocrx_word' id='word_1_81' title='bbox 699 1610 740 1660; x_wconf 85' lang='lat' dir='ltr'><strong>ex</strong></span> <span class='ocrx_word' id='word_1_82' title='bbox 755 1594 854 1661; x_wconf 89' lang='lat' dir='ltr'><strong>citato</strong></span> <span class='ocrx_word' id='word_1_83' title='bbox 864 1592 959 1662; x_wconf 83' lang='lat' dir='ltr'><strong>breui</strong></span> <span class='ocrx_word' id='word_1_84' title='bbox 969 1591 1148 1663; x_wconf 77' lang='lat' dir='ltr'><strong>Clementis</strong></span> <span class='ocrx_word' id='word_1_85' title='bbox 1154 1594 1236 1665; x_wconf 74' lang='lat' dir='ltr'><strong>xii.</strong></span> 
     </span>
     <span class='ocr_line' id='line_1_13' title="bbox 120 1704 1240 1796; baseline 0.002 -21"><span class='ocrx_word' id='word_1_86' title='bbox 120 1708 202 1775; x_wconf 78' lang='lat' dir='ltr'><strong>sam</strong></span> <span class='ocrx_word' id='word_1_87' title='bbox 215 1708 300 1774; x_wconf 87' lang='lat' dir='ltr'><strong>enim</strong></span> <span class='ocrx_word' id='word_1_88' title='bbox 312 1704 401 1772; x_wconf 84' lang='lat' dir='ltr'><strong>dicut</strong></span> <span class='ocrx_word' id='word_1_89' title='bbox 414 1707 646 1789; x_wconf 87' lang='lat' dir='ltr'><strong>llpiscoporum</strong></span> <span class='ocrx_word' id='word_1_90' title='bbox 662 1706 847 1774; x_wconf 81' lang='lat' dir='ltr'><strong>auctoritati</strong></span> <span class='ocrx_word' id='word_1_91' title='bbox 861 1706 979 1794; x_wconf 80' lang='lat' dir='ltr'><strong>subjici</strong></span> <span class='ocrx_word' id='word_1_92' title='bbox 998 1707 1124 1776; x_wconf 78' lang='lat' dir='ltr'><strong>debere</strong></span> <span class='ocrx_word' id='word_1_93' title='bbox 1144 1712 1240 1796; x_wconf 86' lang='lat' dir='ltr'><strong>magl-</strong></span> 
     </span>
     <span class='ocr_line' id='line_1_14' title="bbox 119 1822 1239 1911; baseline 0.001 -18"><span class='ocrx_word' id='word_1_94' title='bbox 119 1833 214 1905; x_wconf 83' lang='lat' dir='ltr'><strong>atros,</strong></span> <span class='ocrx_word' id='word_1_95' title='bbox 226 1829 396 1907; x_wconf 81' lang='lat' dir='ltr'><strong>presertim</strong></span> <span class='ocrx_word' id='word_1_96' title='bbox 409 1823 443 1888; x_wconf 94' lang='lat' dir='ltr'><strong>in</strong></span> <span class='ocrx_word' id='word_1_97' title='bbox 458 1822 498 1888; x_wconf 90' lang='lat' dir='ltr'><strong>iis</strong></span> <span class='ocrx_word' id='word_1_98' title='bbox 512 1822 613 1888; x_wconf 85' lang='lat' dir='ltr'><strong>rebus</strong></span> <span class='ocrx_word' id='word_1_99' title='bbox 621 1829 656 1889; x_wconf 90' lang='lat' dir='ltr'><strong>et</strong></span> <span class='ocrx_word' id='word_1_100' title='bbox 667 1823 843 1909; x_wconf 80' lang='lat' dir='ltr'><strong>disciplims</strong></span> <span class='ocrx_word' id='word_1_101' title='bbox 856 1842 933 1911; x_wconf 80' lang='lat' dir='ltr'><strong>que</strong></span> <span class='ocrx_word' id='word_1_102' title='bbox 949 1842 1024 1892; x_wconf 87' lang='lat' dir='ltr'><strong>cunr</strong></span> <span class='ocrx_word' id='word_1_103' title='bbox 1037 1824 1195 1910; x_wconf 75' lang='lat' dir='ltr'><strong>religiom</strong></span> <span class='ocrx_word' id='word_1_104' title='bbox 1205 1832 1239 1894; x_wconf 89' lang='lat' dir='ltr'><strong>et</strong></span> 
     </span>
     <span class='ocr_line' id='line_1_15' title="bbox 118 1939 1241 2026; baseline 0.001 -17"><span class='ocrx_word' id='word_1_105' title='bbox 118 1940 186 2009; x_wconf 85' lang='lat' dir='ltr'><strong>fide</strong></span> <span class='ocrx_word' id='word_1_106' title='bbox 198 1957 289 2007; x_wconf 79' lang='lat' dir='ltr'><strong>nere</strong></span> <span class='ocrx_word' id='word_1_107' title='bbox 304 1947 392 2022; x_wconf 86' lang='lat' dir='ltr'><strong>sunt,</strong></span> <span class='ocrx_word' id='word_1_108' title='bbox 410 1939 524 2025; x_wconf 74' lang='lat' dir='ltr'><strong>unque</strong></span> <span class='ocrx_word' id='word_1_109' title='bbox 535 1939 691 2024; x_wconf 75' lang='lat' dir='ltr'><strong>Implicite</strong></span> <span class='ocrx_word' id='word_1_110' title='bbox 703 1939 850 2008; x_wconf 84' lang='lat' dir='ltr'><strong>declarat</strong></span> <span class='ocrx_word' id='word_1_111' title='bbox 864 1939 981 2026; x_wconf 87' lang='lat' dir='ltr'><strong>subjici</strong></span> <span class='ocrx_word' id='word_1_112' title='bbox 990 1941 1089 2008; x_wconf 87' lang='lat' dir='ltr'><strong>etiam</strong></span> <span class='ocrx_word' id='word_1_113' title='bbox 1100 1942 1137 2008; x_wconf 90' lang='lat' dir='ltr'><strong>ln</strong></span> <span class='ocrx_word' id='word_1_114' title='bbox 1149 1948 1241 2010; x_wconf 71' lang='lat' dir='ltr'><strong>cete</strong></span> 
     </span>
     <span class='ocr_line' id='line_1_16' title="bbox 118 2056 1240 2145; baseline 0.001 -19"><span class='ocrx_word' id='word_1_115' title='bbox 118 2061 231 2126; x_wconf 69' lang='lat' dir='ltr'><strong>uncos</strong></span> <span class='ocrx_word' id='word_1_116' title='bbox 246 2057 381 2137; x_wconf 85' lang='lat' dir='ltr'><strong>debere,</strong></span> <span class='ocrx_word' id='word_1_117' title='bbox 396 2057 598 2143; x_wconf 86' lang='lat' dir='ltr'><strong>aliquatenus</strong></span> <span class='ocrx_word' id='word_1_118' title='bbox 609 2058 735 2138; x_wconf 77' lang='lat' dir='ltr'><strong>saltem,</strong></span> <span class='ocrx_word' id='word_1_119' title='bbox 751 2056 788 2124; x_wconf 92' lang='lat' dir='ltr'><strong>id</strong></span> <span class='ocrx_word' id='word_1_120' title='bbox 800 2064 861 2137; x_wconf 90' lang='lat' dir='ltr'><strong>est,</strong></span> <span class='ocrx_word' id='word_1_121' title='bbox 878 2064 1037 2145; x_wconf 61' lang='lat' dir='ltr'><strong>mentum</strong></span> <span class='ocrx_word' id='word_1_122' title='bbox 1051 2061 1130 2126; x_wconf 89' lang='lat' dir='ltr'><strong>satis</strong></span> <span class='ocrx_word' id='word_1_123' title='bbox 1141 2064 1193 2127; x_wconf 91' lang='lat' dir='ltr'><strong>est</strong></span> <span class='ocrx_word' id='word_1_124' title='bbox 1202 2067 1240 2126; x_wconf 89' lang='lat' dir='ltr'><strong>nt</strong></span> 
     </span>
     <span class='ocr_line' id='line_1_17' title="bbox 118 2170 579 2258; baseline -0.011 -14"><span class='ocrx_word' id='word_1_125' title='bbox 118 2176 152 2245; x_wconf 91' lang='lat' dir='ltr'><strong>iu</strong></span> <span class='ocrx_word' id='word_1_126' title='bbox 161 2183 236 2242; x_wconf 92' lang='lat' dir='ltr'><strong>tutu</strong></span> <span class='ocrx_word' id='word_1_127' title='bbox 247 2178 290 2242; x_wconf 87' lang='lat' dir='ltr'><strong>sit</strong></span> <span class='ocrx_word' id='word_1_128' title='bbox 299 2170 384 2241; x_wconf 86' lang='lat' dir='ltr'><strong>fides</strong></span> <span class='ocrx_word' id='word_1_129' title='bbox 398 2181 433 2240; x_wconf 90' lang='lat' dir='ltr'><strong>et</strong></span> <span class='ocrx_word' id='word_1_130' title='bbox 453 2174 579 2258; x_wconf 84' lang='lat' dir='ltr'><strong>religio.</strong></span> 
     </span>
    </p>

    <p class='ocr_par' dir='ltr' id='par_1_6' title="bbox 115 2282 1282 3777">
     <span class='ocr_line' id='line_1_18' title="bbox 160 2282 1248 2378; baseline -0.001 -20"><span class='ocrx_word' id='word_1_131' title='bbox 160 2293 362 2358; x_wconf 81' lang='lat' dir='ltr'><strong>Pucuosmo</strong></span> <span class='ocrx_word' id='word_1_132' title='bbox 381 2282 464 2356; x_wconf 73' lang='lat' dir='ltr'><strong>vlit</strong></span> <span class='ocrx_word' id='word_1_133' title='bbox 480 2324 527 2340; x_wconf 90' lang='lat'>-</span> <span class='ocrx_word' id='word_1_134' title='bbox 546 2293 627 2372; x_wconf 71' lang='lat' dir='ltr'><strong>Ergo</strong></span> <span class='ocrx_word' id='word_1_135' title='bbox 647 2295 684 2354; x_wconf 75' lang='lat' dir='ltr'><strong>ts</strong></span> <span class='ocrx_word' id='word_1_136' title='bbox 702 2290 812 2355; x_wconf 79' lang='lat' dir='ltr'><strong>aetolis</strong></span> <span class='ocrx_word' id='word_1_137' title='bbox 834 2294 926 2356; x_wconf 83' lang='lat' dir='ltr'><strong>ettam</strong></span> <span class='ocrx_word' id='word_1_138' title='bbox 945 2293 1136 2356; x_wconf 73' lang='lat' dir='ltr'><strong>coemtcrtum</strong></span> <span class='ocrx_word' id='word_1_139' title='bbox 1154 2296 1248 2378; x_wconf 70' lang='lat' dir='ltr'><strong>jure·</strong></span> 
     </span>
     <span class='ocr_line' id='line_1_19' title="bbox 117 2392 1282 2493; baseline -0.001 -17"><span class='ocrx_word' id='word_1_140' title='bbox 117 2426 202 2491; x_wconf 75' lang='lat' dir='ltr'><strong>mco,</strong></span> <span class='ocrx_word' id='word_1_141' title='bbox 218 2427 280 2474; x_wconf 77' lang='lat' dir='ltr'><strong>noa</strong></span> <span class='ocrx_word' id='word_1_142' title='bbox 301 2409 408 2472; x_wconf 73' lang='lat' dir='ltr'><strong>ccccm</strong></span> <span class='ocrx_word' id='word_1_143' title='bbox 433 2411 585 2489; x_wconf 63' lang='lat' dir='ltr'><strong>caperet,</strong></span> <span class='ocrx_word' id='word_1_144' title='bbox 609 2409 696 2487; x_wconf 73' lang='lat' dir='ltr'><strong>trus,</strong></span> <span class='ocrx_word' id='word_1_145' title='bbox 719 2413 749 2470; x_wconf 73' lang='lat' dir='ltr'><strong>et</strong></span> <span class='ocrx_word' id='word_1_146' title='bbox 770 2410 987 2474; x_wconf 61' lang='lat' dir='ltr'><strong>amecurtem</strong></span> <span class='ocrx_word' id='word_1_147' title='bbox 1008 2392 1282 2493; x_wconf 61' lang='lat' dir='ltr'><strong>umorem</strong></span> 
     </span>
     <span class='ocr_line' id='line_1_20' title="bbox 115 2506 1282 2608; baseline 0 -17"><span class='ocrx_word' id='word_1_148' title='bbox 115 2531 208 2607; x_wconf 80' lang='lat' dir='ltr'><strong>ratio,</strong></span> <span class='ocrx_word' id='word_1_149' title='bbox 226 2526 458 2608; x_wconf 76' lang='lat' dir='ltr'><strong>tcdspeuderttcr</strong></span> <span class='ocrx_word' id='word_1_150' title='bbox 470 2542 491 2587; x_wconf 83' lang='lat' dir='ltr'><strong>a</strong></span> <span class='ocrx_word' id='word_1_151' title='bbox 498 2529 650 2605; x_wconf 80' lang='lat' dir='ltr'><strong>potestate</strong></span> <span class='ocrx_word' id='word_1_152' title='bbox 662 2526 872 2607; x_wconf 73' lang='lat' dir='ltr'><strong>ecclesiastico,</strong></span> <span class='ocrx_word' id='word_1_153' title='bbox 886 2526 970 2608; x_wconf 77' lang='lat' dir='ltr'><strong>cttpt,</strong></span> <span class='ocrx_word' id='word_1_154' title='bbox 987 2530 1132 2591; x_wconf 72' lang='lat' dir='ltr'><strong>coerceat</strong></span> <span class='ocrx_word' id='word_1_155' title='bbox 1150 2506 1282 2592; x_wconf 57' lang='lat' dir='ltr'><strong>etur:-</strong></span> 
     </span>
     <span class='ocr_line' id='line_1_21' title="bbox 115 2640 1253 2725; baseline 0 -16"><span class='ocrx_word' id='word_1_156' title='bbox 115 2647 231 2710; x_wconf 76' lang='lat' dir='ltr'><strong>dtuort.</strong></span> <span class='ocrx_word' id='word_1_157' title='bbox 248 2676 296 2693; x_wconf 90' lang='lat'>-</span> <span class='ocrx_word' id='word_1_158' title='bbox 308 2641 430 2725; x_wconf 79' lang='lat' dir='ltr'><strong>Aperte</strong></span> <span class='ocrx_word' id='word_1_159' title='bbox 450 2641 599 2725; x_wconf 83' lang='lat' dir='ltr'><strong>seqaritnr</strong></span> <span class='ocrx_word' id='word_1_160' title='bbox 621 2659 663 2706; x_wconf 79' lang='lat' dir='ltr'><strong>ex</strong></span> <span class='ocrx_word' id='word_1_161' title='bbox 685 2640 947 2724; x_wconf 74' lang='lat' dir='ltr'><strong>precedentibus</strong></span> <span class='ocrx_word' id='word_1_162' title='bbox 965 2643 1253 2711; x_wconf 59' lang='lat' dir='ltr'><strong>conclusionibus-</strong></span> 
     </span>
     <span class='ocr_line' id='line_1_22' title="bbox 116 2754 1282 2843; baseline 0.002 -17"><span class='ocrx_word' id='word_1_163' title='bbox 116 2761 198 2826; x_wconf 78' lang='lat' dir='ltr'><strong>llam</strong></span> <span class='ocrx_word' id='word_1_164' title='bbox 209 2758 364 2843; x_wconf 82' lang='lat' dir='ltr'><strong>magistri,</strong></span> <span class='ocrx_word' id='word_1_165' title='bbox 383 2756 470 2835; x_wconf 81' lang='lat' dir='ltr'><strong>libri,</strong></span> <span class='ocrx_word' id='word_1_166' title='bbox 487 2763 523 2821; x_wconf 89' lang='lat' dir='ltr'><strong>et</strong></span> <span class='ocrx_word' id='word_1_167' title='bbox 537 2754 679 2823; x_wconf 88' lang='lat' dir='ltr'><strong>docendi</strong></span> <span class='ocrx_word' id='word_1_168' title='bbox 690 2759 783 2837; x_wconf 89' lang='lat' dir='ltr'><strong>ratio,</strong></span> <span class='ocrx_word' id='word_1_169' title='bbox 799 2759 989 2843; x_wconf 80' lang='lat' dir='ltr'><strong>religionem</strong></span> <span class='ocrx_word' id='word_1_170' title='bbox 1000 2760 1120 2826; x_wconf 88' lang='lat' dir='ltr'><strong>intime·</strong></span> <span class='ocrx_word' id='word_1_171' title='bbox 1135 2765 1173 2826; x_wconf 91' lang='lat' dir='ltr'><strong>et</strong></span> <span class='ocrx_word' id='word_1_172' title='bbox 1183 2778 1282 2828; x_wconf 82' lang='lat' dir='ltr'><strong>re·-</strong></span> 
     </span>
     <span class='ocr_line' id='line_1_23' title="bbox 115 2870 1282 2961; baseline 0.003 -20"><span class='ocrx_word' id='word_1_173' title='bbox 115 2874 461 2957; x_wconf 86' lang='lat' dir='ltr'><strong>hementerattingunt</strong></span> <span class='ocrx_word' id='word_1_174' title='bbox 472 2892 479 2938; x_wconf 93' lang='lat'><strong>:</strong></span> <span class='ocrx_word' id='word_1_175' title='bbox 491 2872 592 2957; x_wconf 87' lang='lat' dir='ltr'><strong>atqui,</strong></span> <span class='ocrx_word' id='word_1_176' title='bbox 605 2891 647 2938; x_wconf 89' lang='lat' dir='ltr'><strong>ex</strong></span> <span class='ocrx_word' id='word_1_177' title='bbox 658 2870 765 2951; x_wconf 90' lang='lat' dir='ltr'><strong>dictis,</strong></span> <span class='ocrx_word' id='word_1_178' title='bbox 778 2874 993 2943; x_wconf 90' lang='lat' dir='ltr'><strong>ecclesiastico</strong></span> <span class='ocrx_word' id='word_1_179' title='bbox 1005 2877 1158 2961; x_wconf 90' lang='lat' dir='ltr'><strong>regimini</strong></span> <span class='ocrx_word' id='word_1_180' title='bbox 1168 2877 1282 2944; x_wconf 82' lang='lat' dir='ltr'><strong>sub-</strong></span> 
     </span>
     <span class='ocr_line' id='line_1_24' title="bbox 116 2989 1281 3079; baseline 0.002 -19"><span class='ocrx_word' id='word_1_181' title='bbox 116 3011 187 3060; x_wconf 89' lang='lat' dir='ltr'><strong>esse</strong></span> <span class='ocrx_word' id='word_1_182' title='bbox 206 2990 308 3057; x_wconf 88' lang='lat' dir='ltr'><strong>debet</strong></span> <span class='ocrx_word' id='word_1_183' title='bbox 319 2989 502 3076; x_wconf 78' lang='lat' dir='ltr'><strong>juventutis</strong></span> <span class='ocrx_word' id='word_1_184' title='bbox 519 2989 691 3067; x_wconf 89' lang='lat' dir='ltr'><strong>institutio,</strong></span> <span class='ocrx_word' id='word_1_185' title='bbox 712 2989 747 3055; x_wconf 93' lang='lat' dir='ltr'><strong>in</strong></span> <span class='ocrx_word' id='word_1_186' title='bbox 767 2990 806 3056; x_wconf 89' lang='lat' dir='ltr'><strong>iis</strong></span> <span class='ocrx_word' id='word_1_187' title='bbox 825 2991 974 3058; x_wconf 86' lang='lat' dir='ltr'><strong>omnihus</strong></span> <span class='ocrx_word' id='word_1_188' title='bbox 991 3010 1062 3079; x_wconf 81' lang='lat' dir='ltr'><strong>qua</strong></span> <span class='ocrx_word' id='word_1_189' title='bbox 1078 2995 1281 3062; x_wconf 62' lang='lat' dir='ltr'><strong>interesse</strong></span> 
     </span>
     <span class='ocr_line' id='line_1_25' title="bbox 116 3105 1281 3197; baseline 0.003 -21"><span class='ocrx_word' id='word_1_190' title='bbox 116 3108 280 3193; x_wconf 82' lang='lat' dir='ltr'><strong>religionis</strong></span> <span class='ocrx_word' id='word_1_191' title='bbox 292 3113 447 3190; x_wconf 88' lang='lat' dir='ltr'><strong>tangunt;</strong></span> <span class='ocrx_word' id='word_1_192' title='bbox 467 3124 546 3190; x_wconf 89' lang='lat' dir='ltr'><strong>ergo</strong></span> <span class='ocrx_word' id='word_1_193' title='bbox 561 3105 605 3174; x_wconf 90' lang='lat' dir='ltr'><strong>ad</strong></span> <span class='ocrx_word' id='word_1_194' title='bbox 622 3106 871 3174; x_wconf 86' lang='lat' dir='ltr'><strong>ecclesiasticam</strong></span> <span class='ocrx_word' id='word_1_195' title='bbox 893 3109 1126 3177; x_wconf 86' lang='lat' dir='ltr'><strong>auctoritatem</strong></span> <span class='ocrx_word' id='word_1_196' title='bbox 1141 3114 1281 3197; x_wconf 52' lang='lat' dir='ltr'><strong>perti*</strong></span> 
     </span>
     <span class='ocr_line' id='line_1_26' title="bbox 115 3220 1281 3311; baseline 0.006 -21"><span class='ocrx_word' id='word_1_197' title='bbox 115 3231 176 3290; x_wconf 89' lang='lat' dir='ltr'><strong>net</strong></span> <span class='ocrx_word' id='word_1_198' title='bbox 190 3240 305 3288; x_wconf 86' lang='lat' dir='ltr'><strong>curare</strong></span> <span class='ocrx_word' id='word_1_199' title='bbox 321 3228 356 3287; x_wconf 90' lang='lat' dir='ltr'><strong>et</strong></span> <span class='ocrx_word' id='word_1_200' title='bbox 374 3220 517 3305; x_wconf 75' lang='lat' dir='ltr'><strong>exigere,</strong></span> <span class='ocrx_word' id='word_1_201' title='bbox 536 3230 574 3288; x_wconf 91' lang='lat' dir='ltr'><strong>ut</strong></span> <span class='ocrx_word' id='word_1_202' title='bbox 587 3221 700 3289; x_wconf 86' lang='lat' dir='ltr'><strong>idonei</strong></span> <span class='ocrx_word' id='word_1_203' title='bbox 714 3228 750 3288; x_wconf 89' lang='lat' dir='ltr'><strong>et</strong></span> <span class='ocrx_word' id='word_1_204' title='bbox 762 3242 841 3291; x_wconf 86' lang='lat' dir='ltr'><strong>vere</strong></span> <span class='ocrx_word' id='word_1_205' title='bbox 857 3224 1007 3291; x_wconf 88' lang='lat' dir='ltr'><strong>catholici</strong></span> <span class='ocrx_word' id='word_1_206' title='bbox 1015 3226 1189 3311; x_wconf 83' lang='lat' dir='ltr'><strong>eligantur</strong></span> <span class='ocrx_word' id='word_1_207' title='bbox 1207 3236 1281 3296; x_wconf 65' lang='lat' dir='ltr'><strong>et:</strong></span> 
     </span>
     <span class='ocr_line' id='line_1_27' title="bbox 118 3339 1281 3426; baseline 0.005 -18"><span class='ocrx_word' id='word_1_208' title='bbox 118 3340 321 3426; x_wconf 81' lang='lat' dir='ltr'><strong>deputentur</strong></span> <span class='ocrx_word' id='word_1_209' title='bbox 333 3339 495 3423; x_wconf 83' lang='lat' dir='ltr'><strong>magistri3</strong></span> <span class='ocrx_word' id='word_1_210' title='bbox 511 3341 681 3426; x_wconf 83' lang='lat' dir='ltr'><strong>invigilare</strong></span> <span class='ocrx_word' id='word_1_211' title='bbox 698 3347 736 3407; x_wconf 91' lang='lat' dir='ltr'><strong>ut</strong></span> <span class='ocrx_word' id='word_1_212' title='bbox 755 3340 914 3407; x_wconf 88' lang='lat' dir='ltr'><strong>catholice</strong></span> <span class='ocrx_word' id='word_1_213' title='bbox 934 3361 1071 3410; x_wconf 83' lang='lat' dir='ltr'><strong>munere</strong></span> <span class='ocrx_word' id='word_1_214' title='bbox 1088 3364 1148 3414; x_wconf 93' lang='lat' dir='ltr'><strong>suo</strong></span> <span class='ocrx_word' id='word_1_215' title='bbox 1166 3346 1281 3414; x_wconf 68' lang='lat' dir='ltr'><strong>fune·</strong></span> 
     </span>
     <span class='ocr_line' id='line_1_28' title="bbox 117 3453 1281 3544; baseline 0.007 -21"><span class='ocrx_word' id='word_1_216' title='bbox 117 3464 253 3542; x_wconf 86' lang='lat' dir='ltr'><strong>gantnr;</strong></span> <span class='ocrx_word' id='word_1_217' title='bbox 265 3453 435 3540; x_wconf 86' lang='lat' dir='ltr'><strong>ponendos</strong></span> <span class='ocrx_word' id='word_1_218' title='bbox 448 3473 515 3539; x_wconf 85' lang='lat' dir='ltr'><strong>prae</strong></span> <span class='ocrx_word' id='word_1_219' title='bbox 529 3455 677 3522; x_wconf 78' lang='lat' dir='ltr'><strong>mambus</strong></span> <span class='ocrx_word' id='word_1_220' title='bbox 693 3456 853 3542; x_wconf 87' lang='lat' dir='ltr'><strong>juvenum</strong></span> <span class='ocrx_word' id='word_1_221' title='bbox 865 3457 968 3526; x_wconf 88' lang='lat' dir='ltr'><strong>libros</strong></span> <span class='ocrx_word' id='word_1_222' title='bbox 982 3459 1172 3544; x_wconf 87' lang='lat' dir='ltr'><strong>approbare</strong></span> <span class='ocrx_word' id='word_1_223' title='bbox 1185 3460 1281 3533; x_wconf 67' lang='lat' dir='ltr'><strong>uel</strong></span> 
     </span>
     <span class='ocr_line' id='line_1_29' title="bbox 117 3571 1266 3663; baseline 0.005 -21"><span class='ocrx_word' id='word_1_224' title='bbox 117 3572 271 3661; x_wconf 59' lang='lat' dir='ltr'><strong>rejicere</strong></span> <span class='ocrx_word' id='word_1_225' title='bbox 284 3573 506 3657; x_wconf 79' lang='lat' dir='ltr'><strong>praescriptam</strong></span> <span class='ocrx_word' id='word_1_226' title='bbox 529 3571 708 3658; x_wconf 82' lang='lat' dir='ltr'><strong>juvenibus</strong></span> <span class='ocrx_word' id='word_1_227' title='bbox 730 3572 865 3640; x_wconf 77' lang='lat' dir='ltr'><strong>vivendi</strong></span> <span class='ocrx_word' id='word_1_228' title='bbox 887 3593 1033 3642; x_wconf 89' lang='lat' dir='ltr'><strong>normam</strong></span> <span class='ocrx_word' id='word_1_229' title='bbox 1050 3576 1266 3663; x_wconf 74' lang='lat' dir='ltr'><strong>inspicere,</strong></span> 
     </span>
     <span class='ocr_line' id='line_1_30' title="bbox 117 3686 1111 3777; baseline 0 -19"><span class='ocrx_word' id='word_1_230' title='bbox 117 3700 164 3773; x_wconf 82' lang='lat' dir='ltr'><strong>et,</strong></span> <span class='ocrx_word' id='word_1_231' title='bbox 179 3686 297 3776; x_wconf 85' lang='lat' dir='ltr'><strong>siquid</strong></span> <span class='ocrx_word' id='word_1_232' title='bbox 310 3689 458 3773; x_wconf 79' lang='lat' dir='ltr'><strong>religioni</strong></span> <span class='ocrx_word' id='word_1_233' title='bbox 471 3689 670 3755; x_wconf 89' lang='lat' dir='ltr'><strong>contrarium</strong></span> <span class='ocrx_word' id='word_1_234' title='bbox 680 3688 851 3755; x_wconf 89' lang='lat' dir='ltr'><strong>inductum</strong></span> <span class='ocrx_word' id='word_1_235' title='bbox 863 3692 916 3770; x_wconf 90' lang='lat' dir='ltr'><strong>sit,</strong></span> <span class='ocrx_word' id='word_1_236' title='bbox 933 3692 1111 3777; x_wconf 88' lang='lat' dir='ltr'><strong>corrigere.</strong></span> 
     </span>
    </p>

    <p class='ocr_par' dir='ltr' id='par_1_7' title="bbox 116 3803 1280 4243">
     <span class='ocr_line' id='line_1_31' title="bbox 162 3803 1280 3900; baseline 0.004 -27"><span class='ocrx_word' id='word_1_237' title='bbox 162 3808 246 3873; x_wconf 86' lang='lat' dir='ltr'><strong>ilinc</strong></span> <span class='ocrx_word' id='word_1_238' title='bbox 262 3807 297 3870; x_wconf 91' lang='lat' dir='ltr'><strong>in</strong></span> <span class='ocrx_word' id='word_1_239' title='bbox 319 3803 508 3870; x_wconf 88' lang='lat' dir='ltr'><strong>ordinandis</strong></span> <span class='ocrx_word' id='word_1_240' title='bbox 526 3803 663 3889; x_wconf 87' lang='lat' dir='ltr'><strong>publicis</strong></span> <span class='ocrx_word' id='word_1_241' title='bbox 687 3804 821 3883; x_wconf 87' lang='lat' dir='ltr'><strong>scholis,</strong></span> <span class='ocrx_word' id='word_1_242' title='bbox 839 3813 975 3873; x_wconf 88' lang='lat' dir='ltr'><strong>tenetur</strong></span> <span class='ocrx_word' id='word_1_243' title='bbox 993 3808 1162 3878; x_wconf 66' lang='lat' dir='ltr'><strong>scamus</strong></span> <span class='ocrx_word' id='word_1_244' title='bbox 1186 3812 1280 3900; x_wconf 52' lang='lat' dir='ltr'><strong>po&gt;</strong></span> 
     </span>
     <span class='ocr_line' id='line_1_32' title="bbox 116 3921 1273 4011; baseline 0.01 -23"><span class='ocrx_word' id='word_1_245' title='bbox 116 3933 219 3994; x_wconf 87' lang='lat' dir='ltr'><strong>testas</strong></span> <span class='ocrx_word' id='word_1_246' title='bbox 230 3922 338 4010; x_wconf 90' lang='lat' dir='ltr'><strong>quoud</strong></span> <span class='ocrx_word' id='word_1_247' title='bbox 348 3921 418 3987; x_wconf 78' lang='lat' dir='ltr'><strong>huc</strong></span> <span class='ocrx_word' id='word_1_248' title='bbox 427 3921 533 3987; x_wconf 84' lang='lat' dir='ltr'><strong>omnia</strong></span> <span class='ocrx_word' id='word_1_249' title='bbox 542 3923 773 3988; x_wconf 86' lang='lat' dir='ltr'><strong>assentientem</strong></span> <span class='ocrx_word' id='word_1_250' title='bbox 781 3923 1031 3991; x_wconf 86' lang='lat' dir='ltr'><strong>ecclesiasticum</strong></span> <span class='ocrx_word' id='word_1_251' title='bbox 1040 3935 1273 4011; x_wconf 65' lang='lat' dir='ltr'><strong>potestaten</strong></span> 
     </span>
     <span class='ocr_line' id='line_1_33' title="bbox 116 4032 1280 4124; baseline 0.004 -16"><span class='ocrx_word' id='word_1_252' title='bbox 116 4041 251 4118; x_wconf 85' lang='lat' dir='ltr'><strong>hahere,</strong></span> <span class='ocrx_word' id='word_1_253' title='bbox 266 4045 364 4124; x_wconf 86' lang='lat' dir='ltr'><strong>atque</strong></span> <span class='ocrx_word' id='word_1_254' title='bbox 375 4032 484 4103; x_wconf 83' lang='lat' dir='ltr'><strong>eidem</strong></span> <span class='ocrx_word' id='word_1_255' title='bbox 497 4038 762 4119; x_wconf 74' lang='lat' dir='ltr'><strong>uticensibus,</strong></span> <span class='ocrx_word' id='word_1_256' title='bbox 778 4039 980 4123; x_wconf 86' lang='lat' dir='ltr'><strong>inspiciendi,</strong></span> <span class='ocrx_word' id='word_1_257' title='bbox 995 4039 1280 4116; x_wconf 66' lang='lat' dir='ltr'><strong>decernendlet</strong></span> 
     </span>
     <span class='ocr_line' id='line_1_34' title="bbox 118 4152 1062 4243; baseline -0.005 -17"><span class='ocrx_word' id='word_1_258' title='bbox 118 4155 267 4243; x_wconf 79' lang='lat' dir='ltr'><strong>regendi,</strong></span> <span class='ocrx_word' id='word_1_259' title='bbox 284 4154 422 4222; x_wconf 86' lang='lat' dir='ltr'><strong>liberam</strong></span> <span class='ocrx_word' id='word_1_260' title='bbox 433 4152 625 4220; x_wconf 83' lang='lat' dir='ltr'><strong>fucultatem</strong></span> <span class='ocrx_word' id='word_1_261' title='bbox 635 4154 833 4240; x_wconf 87' lang='lat' dir='ltr'><strong>relinquere.</strong></span> <span class='ocrx_word' id='word_1_262' title='bbox 1059 4166 1062 4173; x_wconf 89' lang='lat'>&#39;</span> 
     </span>
    </p>

    <p class='ocr_par' dir='ltr' id='par_1_8' title="bbox 116 4268 1277 4543">
     <span class='ocr_line' id='line_1_35' title="bbox 136 4268 1277 4366; baseline 0 -23"><span class='ocrx_word' id='word_1_263' title='bbox 136 4268 375 4352; x_wconf 75' lang='lat' dir='ltr'><strong>-Etde-lacto,</strong></span> <span class='ocrx_word' id='word_1_264' title='bbox 392 4278 542 4355; x_wconf 85' lang='lat' dir='ltr'><strong>utsupra</strong></span> <span class='ocrx_word' id='word_1_265' title='bbox 559 4271 772 4352; x_wconf 69' lang='lat' dir='ltr'><strong>emendum,</strong></span> <span class='ocrx_word' id='word_1_266' title='bbox 791 4274 934 4340; x_wconf 83' lang='lat' dir='ltr'><strong>Ecclesia</strong></span> <span class='ocrx_word' id='word_1_267' title='bbox 947 4272 1001 4360; x_wconf 87' lang='lat' dir='ltr'><strong>jus</strong></span> <span class='ocrx_word' id='word_1_268' title='bbox 1019 4275 1106 4343; x_wconf 80' lang='lat' dir='ltr'><strong>illud</strong></span> <span class='ocrx_word' id='word_1_269' title='bbox 1121 4294 1277 4366; x_wconf 45' lang='lat' dir='ltr'><strong>perp&amp;</strong></span> 
     </span>
     <span class='ocr_line' id='line_1_36' title="bbox 116 4372 1270 4478; baseline 0.003 -15"><span class='ocrx_word' id='word_1_270' title='bbox 116 4403 176 4471; x_wconf 79' lang='lat' dir='ltr'><strong>tur</strong></span> <span class='ocrx_word' id='word_1_271' title='bbox 191 4412 250 4460; x_wconf 86' lang='lat' dir='ltr'><strong>sua</strong></span> <span class='ocrx_word' id='word_1_272' title='bbox 260 4392 353 4477; x_wconf 80' lang='lat' dir='ltr'><strong>praxi</strong></span> <span class='ocrx_word' id='word_1_273' title='bbox 364 4398 402 4458; x_wconf 87' lang='lat' dir='ltr'><strong>et</strong></span> <span class='ocrx_word' id='word_1_274' title='bbox 415 4389 586 4475; x_wconf 85' lang='lat' dir='ltr'><strong>disciplina</strong></span> <span class='ocrx_word' id='word_1_275' title='bbox 600 4391 662 4458; x_wconf 90' lang='lat' dir='ltr'><strong>sihi</strong></span> <span class='ocrx_word' id='word_1_276' title='bbox 676 4391 869 4478; x_wconf 79' lang='lat' dir='ltr'><strong>vindicavit3</strong></span> <span class='ocrx_word' id='word_1_277' title='bbox 885 4410 992 4478; x_wconf 86' lang='lat' dir='ltr'><strong>neque</strong></span> <span class='ocrx_word' id='word_1_278' title='bbox 1011 4393 1055 4461; x_wconf 86' lang='lat' dir='ltr'><strong>ud</strong></span> <span class='ocrx_word' id='word_1_279' title='bbox 1074 4372 1270 4465; x_wconf 78' lang='lat' dir='ltr'><strong>decimum¹</strong></span> 
     </span>
     <span class='ocr_line' id='line_1_37' title="bbox 260 4500 277 4543; baseline 0.118 -2"><span class='ocrx_word' id='word_1_280' title='bbox 260 4500 277 4543; x_wconf 65' lang='lat' dir='ltr'><strong>ta.</strong></span> 
     </span>
    </p>
   </div>
   <div class='ocr_carea' id='block_1_5' title="bbox 0 0 1362 4980">
    <p class='ocr_par' dir='ltr' id='par_1_9' title="bbox 0 0 1362 4980">
     <span class='ocr_line' id='line_1_38' title="bbox 0 0 1362 4980; baseline 0 3"><span class='ocrx_word' id='word_1_281' title='bbox 0 0 1362 4980; x_wconf 95' lang='lat' dir='ltr'><strong> </strong></span> 
     </span>
    </p>
   </div>
  </div>
 </body>
</html>
