2714 4980
165 307 210 372 to
517 323 703 373 reserantis
726 325 771 374 un
792 320 942 374 ruamus.

164 447 340 514 doctissimi
363 447 531 526 Zaccariae,
557 448 708 532 quirem
735 468 811 514 sane
838 449 1080 532 exploraverat,
1098 455 1280 520 assertum:

164 572 236 648 quin
256 571 423 644 timeamus,
441 564 556 649 inquit,
576 585 613 628 nc
635 572 747 628 erroris
762 571 982 647 convincamur,
1007 570 1110 649 polum
1129 568 1285 648 offirmare

159 703 330 766 possumus,
355 688 388 746 in
411 686 544 746 omnibus
567 689 665 746 causis
690 686 737 746 ccl
762 686 962 764 depositorum
985 688 1210 767 Episcoporum,
1237 688 1286 749 vei

163 802 374 864 damnatorum
394 801 609 878 loercticorum,
627 819 687 862 non
702 805 801 863 nninus
814 808 884 863 ante
899 820 988 881 quam
995 807 1066 882 posi
1081 808 1218 865 octauum
1230 822 1286 866 sca-

163 919 275 997 cnlnm,
297 936 411 998 semper
425 920 562 981 eamdam
576 925 726 996 seruatum
738 921 832 1000 fuisse
845 921 1048 982 sententiandi
1063 939 1201 984 nmmum
1210 943 1227 1000 ;
1237 925 1286 984 in·

165 1036 395 1097 invenientibus
408 1037 530 1114 scilicet,
548 1038 751 1115 citationibus,
770 1041 967 1116 accusatione,
987 1041 1106 1099 testium
1123 1039 1286 1118 alienatio-

162 1153 261 1231 nibus,
281 1159 311 1215 ct
332 1154 404 1215 aliis
420 1153 552 1234 publicis
574 1155 689 1215 actibus
708 1158 760 1233 qui
781 1155 907 1233 sorensis
926 1160 956 1217 et
977 1159 1153 1218 contentiosi
1169 1157 1287 1236 judicii

158 1275 281 1352 proprii
298 1277 381 1335 sunt.

207 1383 344 1468 Proprie
357 1384 478 1452 dictam
491 1385 639 1452 Ecclesiae
654 1385 855 1472 judiciariam
869 1394 1064 1471 potestatem
1078 1407 1144 1455 non
1154 1395 1285 1454 tantum

165 1503 526 1588 agnouit-lustitianus,
544 1503 603 1570 sed
624 1481 694 1570 eam
714 1504 813 1570 sacris
831 1511 864 1569 et
884 1503 1002 1569 divinis
1019 1506 1197 1571 canonibus
1212 1526 1285 1573 san-

163 1621 244 1704 ciri;
263 1619 305 1686 de
321 1639 386 1704 quo
402 1621 447 1685 sic
462 1621 496 1684 in
504 1620 640 1686 novella
658 1625 720 1687 82:
737 1627 765 1684 si
780 1625 921 1686 delictum
936 1629 978 1687 sit
994 1627 1237 1703 ecclesiasticum,
1256 1632 1284 1688 et

163 1741 300 1820 inclinent
312 1744 489 1801 correctione
508 1746 537 1801 et
555 1759 644 1820 punc
662 1741 870 1819 ecclesiastica,
886 1743 947 1803 Dec
965 1742 1105 1803 amabilis
1119 1744 1283 1823 Episcopus

164 1856 201 1920 de
210 1856 263 1918 loc
264 1858 393 1938 judicet,
405 1858 491 1919 nullo
500 1858 581 1936 sucta
591 1862 853 1920 communicatione
861 1876 927 1918 cnm
935 1860 1113 1920 clarissimis
1120 1864 1283 1938 provincie

156 1975 322 2056 judicibus.
340 1977 408 2037 Non
419 1978 498 2036 enim
511 1975 648 2036 colurnus
661 1975 763 2036 civiles
777 1979 973 2054 magistratus
987 1975 1025 2036 ele
1035 1976 1145 2036 talibus
1156 1980 1282 2056 negotiis

163 2091 313 2160 ullomodo
325 2109 505 2171 cognoscere.
518 2094 565 2153 Ec
581 2096 660 2154 enim
673 2093 865 2153 ecclesiastice
879 2092 1067 2154 discutienda
1083 2098 1153 2155 sunt
1163 2115 1179 2172 ,·
1190 2099 1221 2156 et
1233 2095 1282 2157 ele·

165 2208 362 2287 linpnentium
373 2213 482 2269 onimce
493 2210 646 2270 emendari
658 2210 763 2270 debent
772 2226 829 2288 per
838 2226 942 2288 poenus
954 2209 1178 2288 ecclesiasticus,
1187 2213 1282 2290 juxta

164 2341 264 2386 sacros
282 2330 311 2386 ct
330 2327 448 2387 diuinos
467 2343 603 2404 conones,
625 2343 697 2405 qnos
715 2332 825 2387 nostrie
842 2330 933 2388 eliam
953 2327 1031 2406 lepos
1051 2329 1134 2405 sequi
1157 2345 1219 2390 non
1233 2329 1283 2390 dc

164 2440 342 2522 dignantur.

209 2558 330 2623 Forum
349 2556 500 2625 Ecclesia
524 2556 761 2622 contentiosum
782 2555 923 2640 probant
945 2555 1081 2639 insuper
1098 2562 1284 2640 poenitentia

160 2679 299 2760 publicu
316 2694 387 2760 quac
398 2694 459 2759 per
472 2675 567 2759 plura
581 2676 695 2740 secula
709 2676 743 2739 in
757 2692 820 2738 usu
834 2673 909 2752 fuit,
927 2672 1012 2741 ratio
1027 2683 1062 2739 ct
1076 2693 1201 2741 norma.
1215 2677 1285 2745 Du-

165 2794 241 2878 plex
258 2793 389 2871 scilicet
404 2792 467 2856 fuit
493 2791 654 2877 ejusmodi
675 2790 877 2875 paenitentia,
903 2791 973 2874 ipso
998 2790 1122 2857 fatente
1144 2793 1282 2873 Morino,

81 2893 86 2900 ⁶
167 2917 344 2996 spontanea
360 2917 394 2975 et
411 2917 533 2975 coacta.
555 2939 568 2964 «
584 2910 665 2974 Cum
679 2916 849 2993 peccatum
868 2915 937 2973 erat
953 2908 1130 2992 publicum,
1152 2908 1197 2975 ad
1215 2930 1287 2995 poe7

172 3027 368 3094 «nitentium
395 3027 525 3110 publice
552 3025 712 3109 agendam
739 3032 928 3108 peccatores
953 3027 1285 3094 excommunicatione

172 3151 233 3209 «et
257 3142 441 3211 omnimoda
466 3143 507 3208 ab
531 3142 674 3209 Ecclesia
695 3142 885 3225 expulsione
911 3141 1122 3226 cogebantur.
1143 3134 1187 3208 A't
1211 3164 1287 3210 cum

173 3267 370 3343 «peccatum
382 3238 1000 3342 eratoccultum,poenitentiaepublicac
1012 3259 1287 3344 actiocratspon-

173 3403 188 3432 ι
200 3382 307 3455 tanea,
320 3375 381 3442 hoc
396 3383 456 3453 est,
476 3374 518 3440 ad
534 3394 604 3440 eam
617 3376 688 3458 cogi
700 3395 765 3441 non
779 3381 931 3458 poterant
944 3377 1011 3441 ulla
1028 3378 1287 3444 excommunica-

173 3492 288 3558 «tione
315 3499 373 3558 aut
397 3497 675 3559 sacramentorum
699 3492 829 3576 publica
848 3492 1095 3577 denegatione.»
1117 3493 1283 3580 (Morinos,

168 3611 301 3675 deSccr.
313 3610 469 3687 Punit.‚l.
485 3613 515 3688 5,
525 3630 554 3674 c.
569 3613 622 3688 17,
634 3630 667 3674 n.
681 3618 712 3689 7,
723 3629 797 3694 pag.
810 3610 970 3688 resedit.
988 3610 1157 3677 Bruxelles
1170 3611 1283 3698 1686.)

212 3723 309 3808 Ergo,
319 3722 444 3788 fatente
452 3724 586 3802 Morino,
596 3723 900 3807 poenapoenitentiae
910 3724 1286 3808 publicaeimponebatur

169 3842 266 3908 ctiam
291 3841 409 3918 invitis,
432 3860 490 3906 seu
512 3861 584 3906 eam
604 3841 693 3906 ultro
718 3826 789 3908 non
802 3841 1012 3926 petentibus3
1029 3840 1096 3927 jam
1114 3862 1195 3910 vcro
1214 3846 1286 3931 quis

169 3962 305 4027 aestimet
323 3980 395 4027 eam
413 3979 544 4044 poenam
562 3960 603 4026 ab
623 3961 814 4026 auctoritate
839 3960 1053 4025 ecclesiastica
1072 3960 1137 4026 reis
1154 3961 1287 4046 imposi-

167 4085 237 4144 tam
260 4077 358 4144 fuisse
383 4078 451 4144 sine
473 4077 541 4143 ullo
559 4075 691 4163 judicio,
719 4084 754 4143 et
777 4082 950 4160 antequam
971 4076 1147 4159 probatum
1170 4077 1286 4146 iumset

170 4194 293 4260 crimen
307 4194 348 4261 de
362 4213 426 4280 quo
438 4194 694 4262 accusabantur?
1002 4199 1005 4204 ’

214 4310 328 4378 Sedet
345 4313 376 4378 S.
394 4313 590 4397 Augustinus
609 4331 668 4378 nos
684 4311 799 4389 docet,
817 4329 889 4376 eam
908 4309 1006 4377 fuisse
1024 4309 1228 4396 disciplinam
1248 4320 1286 4381 ut

167 4427 278 4498 nullus
290 4438 400 4517 posset
413 4449 432 4496 a
446 4431 669 4499 communione
682 4428 862 4514 prohiberi,
875 4427 941 4511 nisi
953 4434 1009 4495 aut
1023 4437 1139 4516 sponte
1157 4429 1286 4513 confes·
