2714 4980
125 317 190 381 466
469 333 656 381 amuranus
678 335 723 380 nn
744 335 892 382 runicus

128 457 304 523 coelibi.»
325 456 477 522 Declarat
494 465 606 540 postea
624 458 720 523 Sacra
738 457 952 542 congregatio
974 457 1085 522 sanari
1104 455 1230 522 authori-

121 581 192 640 tate
213 571 377 657 pontificia
394 590 566 656 processus
587 573 821 640 ecclesiasticos
839 573 979 658 prelato
1002 571 1106 638 modo
1122 572 1232 656 mregn

124 691 238 757 lariter
253 691 373 768 factos,
399 698 434 755 et
456 689 580 756 absolvi
600 711 618 756 a
640 691 785 756 censuris
803 707 884 776 quas
903 688 1126 754 incurrissent
1143 687 1231 755 dicta

119 804 234 883 ineos,
249 804 310 890 qui
332 805 366 870 in
385 806 493 871 cande
512 805 734 871 criminalibus
751 805 947 872 clericorum
972 803 1104 889 adquiri
1120 803 1232 888 jmisdi

121 921 238 986 menn
252 927 465 987 attentarunt.

568 1207 701 1274 CAPUT
724 1208 795 1273 XII.

296 1465 340 1511 llll
363 1464 599 1512 episcopatuum
624 1466 794 1513 ennianum
818 1464 1061 1515 nssussotttnus.

159 1736 310 1816 Qnasrso
329 1741 370 1801 ι’.
392 1770 437 1783 -
452 1737 534 1816 Quid
552 1742 626 1799 sint.
646 1732 692 1782 -ὲ-
709 1734 783 1798 «lli
801 1733 857 1820 (ait
875 1731 1178 1818 Senmalzgrueber)
1192 1733 1227 1798 ab

117 1854 307 1916 «medendo
329 1851 376 1916 sic
400 1849 480 1915 dicti
494 1857 580 1927 sunt,
604 1848 785 1935 quodsum
808 1849 842 1912 in
864 1847 963 1913 linem
978 1855 1228 1914 assumanturnt

117 1979 133 2018 α
147 1956 251 2041 jediel
260 1957 436 2035 assideant,
451 1976 591 2042 eumque
605 1976 664 2022 suo
675 1957 808 2022 consilio
821 1957 856 2021 in
867 1956 1050 2041 judicando
1061 1956 1229 2042 adjurent:

117 2071 234 2138 «unde
250 2073 350 2138 etiam
364 2075 533 2136 cantitaret·
547 2079 706 2138 vocantur
716 2101 730 2127 ι
753 2073 801 2158 (in
816 2073 868 2137 tit.
887 2075 916 2150 l,
933 2075 972 2136 de
986 2060 1132 2150 indutis,
1150 2073 1232 2138 uhu

115 2187 341 2268 decretalium,
358 2210 390 2254 n.
410 2187 475 2273 14).
495 2189 669 2256 «Assessor
682 2190 709 2254 is
724 2197 784 2268 est,
801 2208 899 2274 quem
913 2188 981 2267 ille,
1000 2188 1061 2273 qni
1072 2187 1233 2274 judicandi

118 2327 134 2366 «
150 2312 346 2388 potestatem
360 2306 470 2385 habet,
488 2306 549 2371 sibi
567 2307 714 2384 associat,
734 2303 771 2372 nt
792 2307 824 2372 ei
837 2302 979 2372 assideat
994 2314 1030 2371 et
1045 2306 1191 2384 assistat,
1206 2312 1234 2370 et

118 2443 135 2483 c
152 2421 194 2486 ad
209 2431 297 2488 recte
314 2441 443 2488 causam
454 2422 629 2488 dicendam
644 2442 720 2488 eum
735 2423 882 2488 instruat
899 2423 951 2508 (ex
968 2422 1045 2506 lege
1062 2425 1083 2488 2
1107 2421 1231 2497 codicis,

120 2541 190 2602 ude
211 2535 439 2622 decessoribus).
463 2520 511 2603 Ea
537 2557 601 2622 qua
619 2537 837 2621 descriptione
863 2538 993 2603 desumi
1016 2544 1132 2621 potest
1156 2533 1235 2623 quod

120 2654 327 2722 «assessoris
346 2654 486 2721 officium
501 2662 652 2721 versatur
669 2655 756 2720 circu
772 2655 877 2738 plura.
898 2656 939 2719 Et
953 2661 1076 2736 primo,
1102 2663 1141 2721 ut
1158 2655 1235 2720 inii·

121 2772 234 2855 ugilet
252 2768 293 2836 ad
314 2771 488 2836 veritatem
509 2768 748 2853 indagandam,
775 2779 811 2836 et
831 2769 911 2855 quid
929 2769 1014 2854 juris
1039 2771 1085 2837 sit
1098 2762 1235 2856 jndicem

119 2891 293 2954 «instruat
306 2886 404 2973 (diota
416 2886 489 2971 lege
509 2890 521 2951 l
540 2885 671 2963 codicis,
690 2890 727 2951 de
746 2883 975 2970 Assesscribtu).
1002 2886 1089 2952 Hinc
1103 2887 1145 2955 fit
1156 2884 1236 2974 quod

120 3029 137 3070 ιι
152 3015 324 3095 postquam
336 3002 439 3087 judex
456 3003 548 3070 illum
559 3002 706 3086 elegerit,
722 3012 757 3068 et
772 2988 842 3088 ipse
854 3004 1095 3086 acceptaverit,
1111 3011 1236 3071 tenena

122 3148 139 3188 c
155 3124 198 3190 de
213 3123 371 3208 injustitia
384 3122 502 3207 judicis
516 3123 577 3188 nisi
589 3125 858 3207 protestationem
867 3125 900 3187 in
913 3123 996 3189 actis
1008 3119 1236 3209 feceritqaot

123 3263 141 3304 n
157 3241 226 3324 ipse
238 3258 303 3304 non
314 3240 487 3317 consentit,
499 3260 573 3306 cum
584 3241 675 3307 videt
682 3240 828 3326 judicem
836 3238 954 3325 injuste
967 3259 1083 3323 agere.
1095 3242 1233 3316 Senam

125 3376 142 3417 ιι
157 3363 196 3420 ut
204 3354 356 3421 admittet
367 3357 421 3421 vel
429 3356 555 3441 rejiciat
566 3357 695 3423 libellos
705 3366 805 3441 prout
815 3356 897 3441 juris
912 3357 1027 3434 fuerit,
1038 3354 1236 3442 inspiciendo

125 3490 143 3531 o
160 3469 301 3534 auhsne
319 3471 463 3536 coniecti
478 3471 621 3551 inerint,
644 3473 698 3537 vel
715 3472 758 3537 de
773 3491 812 3538 re
829 3472 956 3538 illicita.
978 3477 1103 3554 Tertio,
1120 3479 1162 3539 nt
1173 3488 1236 3556 pen

124 3606 142 3647 ιι
159 3586 281 3668 pendat
292 3587 483 3669 petitionem
497 3589 608 3670 partis,
631 3608 671 3652 an
686 3589 736 3653 illi
747 3596 912 3672 competat
922 3587 1025 3666 actio,
1045 3597 1084 3654 et
1109 3608 1152 3654 au
1164 3585 1236 3672 jurii

125 3700 307 3767 «ordinem
327 3703 362 3766 in
386 3704 544 3786 petitione
568 3705 761 3769 servaverit.
788 3709 921 3785 museto,
946 3711 986 3769 ut
1003 3703 1193 3771 consideret
1208 3707 1236 3768 et

123 3837 140 3878 e
159 3816 243 3883 bene
268 3817 418 3902 disponat
441 3818 574 3884 decreta
592 3818 831 3902 interponenda
850 3819 884 3883 in
910 3819 1041 3898 canale,
1073 3839 1184 3887 coram
1203 3836 1234 3884 eo

1 3980 3 3986 .
124 3955 142 3995 c
159 3930 270 4016 jndice
286 3936 341 3999 cni
352 3935 481 4013 assistit,
501 3937 715 4002 vertentibus.
731 3942 860 4018 Quinto,
879 3944 918 4002 ut
932 3935 1048 4004 rident
1060 3947 1096 4005 et
1111 3938 1234 4022 tugen

123 4068 141 4109 c
155 4055 209 4115 ter
220 4050 405 4118 consideret
419 4051 526 4117 edicta
540 4053 661 4131 etnlia,
681 4071 752 4138 quae
767 4074 785 4118 a
797 4051 908 4137 jndice
922 4055 1188 4140 promulgantur,
1199 4069 1232 4117 an

124 4183 141 4224 a
155 4161 295 4247 juridica
309 4167 450 4251 fuerint;
464 4176 498 4233 et
514 4169 541 4232 si
554 4155 668 4234 contra
681 4170 737 4234 rel
749 4176 870 4252 prater
879 4167 933 4254 ‚ins
948 4189 1023 4236 esse
1037 4168 1228 4255 cognouerit,

124 4279 329 4359 «prohibeat.
340 4303 382 4347 ne
398 4283 645 4366 publicentur.»
663 4285 863 4370 (pellegrini,
882 4286 995 4368 praxis
1014 4287 1226 4352 vicariorum.

121 4396 263 4475 pantol,
281 4404 361 4461 sect.
383 4401 434 4475 16,
451 4418 485 4463 ιι.
504 4398 572 4483 20.)
