2714 4980
545 288 625 336 rans
646 287 759 336 anina.
1169 272 1213 341 tc

98 417 172 504 quia
186 434 304 501 nempe
316 421 466 501 spectant
479 412 522 480 ad
533 413 695 493 infideles,
708 433 766 480 sen
779 411 823 479 ad
834 431 890 480 eos
903 414 961 500 qui
972 414 1137 482 christiani
1147 436 1213 484 non

98 539 190 618 annt3
214 540 249 598 et
271 550 387 598 verum
409 539 459 597 est
476 549 542 597 non
563 529 686 597 debere
703 549 764 596 nee
779 549 873 615 posse
887 532 934 597 eis
951 533 1095 599 coactive
1112 531 1214 600 fidem

97 650 229 736 imponi.
246 649 287 716 At
306 667 386 715 vero
400 648 441 714 ab
455 647 597 714 Ecclesia
612 667 677 714 non
694 666 788 733 posse
801 647 944 734 judicari
957 658 991 718 et
1004 652 1109 735 poenis
1122 671 1215 719 coer-

97 768 166 835 ceri
180 767 370 834 christianos
383 766 466 832 male
478 767 638 845 viventes,
655 767 757 831 sancti
769 771 879 850 patres
894 787 958 834 non
972 775 1137 854 asserunt3
1152 770 1214 838 sed

97 884 296 953 contrarium
309 902 424 950 eorum
439 883 618 949 communis
633 881 781 949 doctrina
796 882 949 950 adstruit.

142 1006 270 1088 objectes
286 1005 318 1069 2.
341 1004 478 1068 Textum
495 1001 737 1086 Chrysastomi:
760 1001 978 1069 «Christianis
998 1005 1127 1072 minime
1147 1024 1214 1072 ona

101 1148 117 1176 ι
129 1120 223 1186 nium
237 1119 313 1184 licet
332 1117 450 1184 delicta
467 1118 675 1203 peccantium
690 1119 723 1183 vi
741 1117 928 1185 emendare.
951 1121 1063 1187 liuteri
1081 1121 1215 1207 quidem

103 1265 118 1293 ι
129 1236 258 1325 judices
272 1235 470 1302 facinorosos
485 1233 631 1300 homines
649 1235 705 1320 qui
720 1234 901 1302 secundum
916 1237 1005 1321 leges
1021 1239 1108 1322 capti
1125 1248 1212 1319 sunt,

105 1370 250 1439 amagna
265 1371 339 1418 enm
359 1351 553 1418 auctoritate
573 1349 741 1430 cohibent,
764 1333 802 1417 ac
823 1352 876 1418 vel
896 1354 1015 1421 invitos
1035 1355 1218 1422 amoribus

107 1471 278 1557 «pristinis
293 1475 416 1537 arcent.
435 1469 494 1534 Hic
511 1476 620 1534 autem
637 1487 703 1534 non
716 1471 749 1534 vi
763 1466 926 1549 adactum,
945 1469 1006 1538 sed
1027 1491 1217 1558 persuasum

108 1617 123 1644 ι
135 1585 321 1674 hujusmodi
335 1585 499 1651 hominem
511 1589 642 1669 oportet
660 1582 703 1650 ad
717 1586 886 1653 meliorem
907 1587 1034 1673 frugem
1047 1609 1215 1657 revocare.

110 1734 125 1761 ι
136 1705 206 1772 Non
216 1705 302 1770 enim
310 1710 403 1770 tanta
414 1701 507 1768 nobis
517 1701 820 1787 facultasalegibus
830 1704 929 1771 datur
939 1703 983 1771 ad
993 1703 1219 1792 delinquentes

112 1819 357 1890 «coercendost
377 1821 442 1885 imo
465 1820 589 1886 etiamsi
609 1818 792 1899 dedissent,
809 1840 874 1887 non
895 1841 1062 1908 possemus
1076 1823 1131 1891 illa
1149 1825 1217 1910 uti3

113 1936 399 2028 ·quandoqnidem
411 1939 501 2003 Deus
512 1956 576 2002 non
588 1955 643 2003 eos
653 1945 797 2016 coronat,
812 1939 868 2023 qui
879 1939 912 2005 vi
927 1939 1033 2006 abacti
1044 1962 1063 2007 a
1076 1943 1220 2026 nequitia

114 2057 317 2134 ·abstinent,
336 2053 397 2122 sed
414 2057 540 2140 eosqui
556 2074 598 2120 ex
615 2053 721 2120 libero
740 2056 907 2138 proposito
927 2057 968 2123 ab
987 2076 1025 2123 ea
1039 2056 1215 2124 declinant.

115 2172 358 2258 «Quamobrem
376 2171 479 2236 multa
498 2168 632 2255 quidem
652 2178 724 2236 arte
745 2190 827 2254 opus
843 2179 904 2251 est,
921 2181 959 2239 ut
978 2175 1056 2259 aegri
1069 2174 1221 2242 sacerdo·

116 2299 209 2359 «tum
231 2287 385 2357 remediis
408 2287 550 2353 libenter
573 2306 607 2353 se
631 2286 793 2374 subjicere
815 2288 1032 2378 suadeantur;
1057 2312 1164 2379 neque
1184 2293 1221 2361 id

117 2408 259 2485 «solum,
282 2403 341 2473 sed
358 2412 396 2470 nt
416 2403 516 2470 etiam
533 2402 593 2468 illis
608 2402 743 2470 medela
768 2406 903 2490 gratiam
924 2405 1077 2474 habeant.
1098 2411 1180 2476 Nam
1195 2411 1222 2476 si

119 2525 211 2610 aquis
230 2522 360 2589 vinctus
376 2520 496 2586 resiliat
516 2518 561 2607 (id
576 2520 663 2585 enim
680 2539 782 2604 penes
802 2522 909 2605 ipsum
929 2522 989 2608 est)
1010 2525 1140 2608 gravius
1160 2526 1222 2593 sibi

118 2640 259 2707 «malum
275 2637 391 2704 efficit:
410 2639 437 2702 si
451 2636 612 2703 monentis
630 2635 751 2717 verba,
770 2638 850 2705 ferri
869 2657 961 2706 more
977 2642 1135 2722 secantia,
1153 2661 1223 2709 res-

118 2758 267 2845 «puerit,
286 2762 476 2838 contemptu
486 2773 546 2820 suo
560 2751 650 2820 aliud
667 2754 729 2821 sibi
747 2756 864 2822 vulnus
880 2756 1012 2843 adjicit:
1030 2779 1068 2826 ac
1084 2760 1221 2828 medela

118 2874 319 2950 «occasione,
336 2870 587 2938 vehementioris
605 2869 712 2935 morbi
727 2890 822 2938 causa
840 2875 994 2953 nascitur,
1012 2879 1222 2962 nequeenim

118 2999 189 3059 «est
214 2991 271 3077 qui
291 2990 357 3054 vim
381 2986 510 3066 afferat,
535 3006 595 3053 nec
623 2989 680 3073 qui
703 3007 818 3055 curare
838 2990 977 3057 invitum
1000 2995 1111 3078 possit.
1135 2995 1223 3078 Quid

119 3109 239 3195 «igitur
253 3104 440 3192 agendum?
457 3104 586 3171 Etenim
600 3104 627 3170 si
642 3105 751 3172 mitius
768 3125 843 3190 agas
866 3126 940 3173 cnm
960 3128 1017 3189 eo,
1036 3111 1092 3196 qui
1108 3130 1223 3199 magna

120 3228 284 3296 «sectione
297 3243 379 3308 opas
389 3222 500 3301 habet,
518 3241 625 3308 neque
641 3221 837 3307 profundam
851 3244 932 3309 opus
946 3227 1080 3295 habenti
1095 3230 1223 3316 plagam

121 3345 284 3430 «inffigas,
308 3346 436 3427 partem
457 3339 603 3405 vulneris
623 3338 800 3418 abstulisti,
820 3349 951 3425 partem
972 3345 1150 3432 reliquisti:
1174 3352 1223 3421 sin

121 3464 331 3552 «requisitam
347 3460 524 3527 sectionem
542 3477 676 3559 prorsus
696 3457 901 3540 adhibueris,
922 3481 1007 3548 sape
1027 3466 1083 3534 ille
1102 3466 1224 3539 doloris

122 3581 343 3667 «impatientia
355 3578 497 3644 animum
509 3575 725 3661 despondens,
739 3577 888 3645 omnibus
899 3581 1069 3650 confestim
1079 3585 1221 3673 rejectis,

124 3707 212 3768 oum
237 3696 416 3773 medicina,
437 3702 508 3762 tum
530 3695 699 3779 ligamine,
722 3695 865 3781 seipsum
885 3700 1086 3785 praecipitem
1109 3703 1219 3790 dabit,

124 3817 283 3886 «contrito
292 3812 383 3900 jugo,
402 3832 439 3879 ac
452 3812 619 3880 confracto
633 3812 774 3879 vinculo.
795 3842 810 3870 ι
832 3814 888 3901 (De
904 3819 1089 3903 sacerdotio,
1114 3821 1171 3890 lib.
1188 3828 1220 3907 2,

122 3935 210 4004 editio
223 3931 524 4010 Benedictinorum,
541 3938 619 3996 tom.
646 3933 675 4010 t,
694 3949 768 4015 pag.
786 3930 878 4019 374.)

157 4049 351 4138 Respondeo
362 4071 369 4115 :
382 4049 447 4114 vim
459 4046 590 4133 quidem
607 4046 768 4131 probandi
779 4046 938 4133 dogmatis
951 4050 1050 4118 habet
1063 4063 1226 4130 sententia

124 4172 290 4239 communis
301 4176 488 4235 sanctorum
499 4167 636 4233 Patrum
646 4168 680 4233 in
695 4166 813 4234 eodem
825 4167 988 4236 tradendo
1001 4174 1139 4244 articulo
1150 4197 1228 4247 con·

127 4287 330 4357 tardantium.
341 4286 499 4357 dtverosi
510 4285 829 4371 quisforteipsorum
840 4287 987 4358 nonnihil
996 4291 1228 4384 alicubiserip-

129 4406 205 4487 serit,
221 4404 311 4496 quod
325 4405 489 4473 communi
502 4413 697 4472 caeterorum
711 4403 867 4472 doctrina
884 4413 918 4472 et
932 4411 1033 4477 totius
1046 4413 1229 4485 traditionis

223 4521 243 4582 l.
1103 4527 1122 4584 i
