2714 4980
409 344 415 353 ’
540 357 630 406 'ress
652 357 766 406 nnius.
1152 334 1209 398 nst

95 483 307 562 manna,
330 486 365 544 nl
390 483 462 546 dent
482 484 657 564 facultatem
681 483 819 546 Ecclesia
837 483 1004 561 defensores
1018 478 1219 541 constituendi

95 595 315 676 amasenus,
339 601 395 689 qni
406 603 439 661 ln
456 605 525 661 acta
542 607 630 678 sont,
649 600 698 663 acl
715 605 748 662 in
765 615 885 660 monere
908 597 1089 677 defensionis
1112 612 1217 656 consa-

95 731 183 790 mm;
205 719 254 791 ul,
274 732 354 776 mare
368 718 554 779 sacerdotnm
567 722 739 797 prouincia,
761 717 854 777 iidem
872 717 932 794 ipsi
949 717 1001 792 qni
1018 708 1218 790 defensionem

95 829 289 891 ecclesiaram
299 834 491 910 naceperinl,
507 831 634 894 labeant
643 832 819 911 facultatem
824 848 883 910 pro
891 832 1019 908 mantile
1029 828 1218 889 ecclesiaram

95 943 212 1020 pmlies
224 947 382 1004 necessitas
388 943 589 1022 linationem,
607 944 655 1005 vel
668 945 710 1005 ael
721 943 922 1005 absistendum
931 940 1148 1021 obrepentium,
1170 939 1219 1001 ael

95 1057 133 1119 ec
148 1060 522 1138 nececmnasnaasrenclo,
536 1060 657 1139 nnpreai
663 1060 803 1140 jadicem
817 1059 979 1119 sanctona
996 1050 1098 1138 (apud
1108 1053 1219 1118 Ferra-

95 1169 149 1248 cis,
168 1167 521 1255 monuit.).1neodiue
537 1171 758 1238 Theodosiana
776 1172 860 1258 (lege
874 1172 928 1246 38,
946 1173 983 1233 cle
996 1172 1097 1250 apta.
1115 1171 1215 1232 eccla.

95 1283 265 1369 materias)
276 1287 324 1351 sic
335 1289 512 1354 statuitur:
532 1292 573 1353 llt
587 1309 773 1371 qnaancpnn
785 1291 823 1352 ele
834 1290 918 1351 nobis
929 1289 970 1349 ael
982 1287 1145 1349 Ecclesiam
1155 1291 1220 1347 lan

95 1408 159 1467 lun
170 1408 361 1484 pertinentia
381 1407 552 1485 specialiter
566 1408 681 1486 menni
697 1410 870 1488 impetrata,
891 1422 952 1466 non
968 1420 1026 1484 per
1047 1407 1214 1480 cormmlas,

95 1520 149 1586 ml
171 1520 213 1582 ab
231 1521 391 1582 canaam
403 1538 506 1582 eccam
515 1522 683 1599 arbitrato,
703 1527 733 1583 et
743 1521 899 1603 jndicibus
914 1522 1101 1581 innotescant
1113 1523 1144 1580 et
1156 1535 1220 1579 eor·

95 1636 216 1701 msa
241 1636 389 1713 effatae.
412 1635 517 1699 linita
537 1635 600 1699 aba
626 1634 823 1701 documenta
838 1633 988 1716 congerit
1008 1633 1091 1719 (loco
1107 1630 1217 1715 citato)

95 1748 253 1826 &rmum
280 1768 321 1814 ex
343 1750 460 1834 quibus
482 1751 551 1817 bec
575 1749 642 1815 duo
662 1749 813 1817 concludi
834 1768 929 1833 posse
955 1748 1133 1814 videntur:
1156 1749 1220 1812 l⁰n

95 1863 310 1931 remotissima
333 1865 529 1949 antiquitate
553 1866 700 1931 extitisse
726 1869 858 1947 forenses
874 1865 1086 1928 ecclesiarum
1105 1861 1220 1929 defeu-

95 1999 188 2049 nones
201 1999 264 2047 seu
279 1981 471 2065 aduocatam
489 1985 523 2047 2⁰
539 2000 595 2046 eos
607 1983 775 2048 inoriente
785 1983 918 2047 clericos
933 1981 1051 2064 fnisse;
1067 1981 1101 2044 in
1113 1980 1220 2046 Africa

95 2116 186 2176 tero,
209 2117 338 2163 menon
366 2097 455 2182 apud
474 2099 717 2182 Langobardos,
743 2099 778 2162 in
803 2097 905 2163 Italia
922 2115 1036 2181 regno,
1065 2096 1167 2162 Gallia
1186 2102 1221 2162 et

95 2212 281 2289 mmmm
298 2213 414 2296 laicos;
431 2213 540 2278 Roma
558 2218 670 2279 autem
688 2214 829 2278 clericos
841 2211 907 2297 jam
923 2228 944 2276 a
960 2212 1061 2277 tertio
1087 2211 1216 2289 sacculo,

95 2337 208 2416 postea
219 2329 357 2394 abinoe
370 2330 538 2407 celsinae,
560 2328 665 2395 donee
684 2329 833 2395 Gelasius
855 2329 944 2413 Papa
965 2327 1050 2394 illud
1074 2327 1220 2393 muneris

95 2447 198 2516 caluit
208 2445 338 2511 clericis
348 2446 532 2530 proprium.
546 2446 623 2511 Hac
632 2445 679 2511 de
695 2445 867 2512 advocatia
879 2449 1062 2527 defensionis
1076 2448 1215 2526 serenas.

95 2561 249 2631 Defensio
264 2569 476 2627 veronrmata
488 2561 554 2627 sub
572 2561 861 2645 longobardorum
877 2562 1018 2645 imperio
1031 2560 1219 2627 introducta

95 2687 153 2748 cu.
178 2676 279 2762 span
296 2678 383 2762 ipsos
406 2694 526 2760 nempe
551 2679 577 2742 'si
599 2677 680 2762 qiud
705 2678 920 2744 contentionis
940 2678 1028 2743 inter
1058 2678 1218 2745 Ecclesiae

95 2797 232 2862 suasim
248 2800 482 2878 prepotentes,
501 2800 559 2859 aut
577 2795 676 2858 etiam
690 2793 777 2858 inter
794 2794 971 2878 Episcopus
997 2800 1031 2859 et
1055 2801 1216 2862 monaste·

95 2914 137 2978 ἀι
149 2913 308 2989 orircmn,
326 2908 439 2976 dasilo
452 2910 557 2974 omnis
572 2908 693 2975 decisio
708 2909 985 2975 committebatur.
1000 2909 1040 2975 At
1060 2924 1134 2975 cum
1149 2909 1217 2976 cle·

95 3028 163 3097 sete
177 3025 407 3110 mombisque
422 3043 511 3090 arma
524 3030 669 3091 trncmre
692 3025 905 3090 interdictum
937 3031 1033 3103 esset,
1053 3027 1133 3092 ali'o's
1152 3031 1215 3110 pro

95 3163 124 3214 sc
144 3147 181 3210 in
203 3160 346 3230 pugnam
360 3143 492 3208 mittere
507 3143 719 3227 cogebantur.
747 3145 796 3209 De
811 3162 875 3230 qua
888 3142 1007 3229 injusta
1026 3151 1060 3209 et
1075 3142 1216 3210 barbara

95 3261 283 3327 necessitate
301 3259 346 3323 sic
367 3258 630 3343 conquerebatur
641 3260 717 3325 Atto
729 3260 947 3352 vercellensis
968 3260 1148 3344 Episcopus
1164 3259 1213 3348 (cle

95 3383 238 3443 umens·
254 3383 322 3459 jaer.
344 3371 439 3459 Eccl.)
454 3396 461 3439 :
478 3378 527 3440 Aa
535 3396 671 3458 paenam
684 3379 848 3458 praelucere
863 3377 937 3440 len!
957 3385 1074 3441 nostrus
1091 3383 1215 3463 compel-

97 3497 182 3562 boner
196 3499 344 3572 inance,
358 3499 394 3557 at
403 3494 588 3556 calistenem
600 3495 679 3558 cale
689 3497 774 3572 cicli,
791 3495 840 3557 ael
850 3496 973 3560 illoram
984 3501 1072 3577 qnasi
1082 3496 1214 3562 absolate

99 3615 259 3678 mmor.
288 3629 290 3634 ·

136 3728 183 3794 De
206 3726 342 3811 reliquis
368 3742 468 3810 supra
492 3727 691 3792 enumeratis
720 3724 896 3792 advocatie
920 3726 1108 3810 speciebus,
1135 3727 1211 3795 vide

103 3838 250 3922 rumne,
270 3844 327 3928 qui
343 3851 572 3927 argumentum
594 3841 677 3908 illud
698 3841 874 3927 diligenter
895 3843 1048 3909 excussit.
1067 3842 1127 3908 Hic
1149 3860 1211 3926 pro

101 3969 189 4044 napo
206 3967 319 4025 nostro
332 3960 409 4025 satis
427 3958 471 4023 sit
490 3958 663 4025 adnotasse
676 3958 827 4025 advocati
848 3957 1110 4025 denominatione
1127 3961 1210 4025 anti-

99 4076 201 4152 nuta
217 4074 308 4143 aliud
320 4074 503 4160 generalius
516 4075 617 4142 fuisse
632 4075 857 4160 significatum,
880 4094 978 4161 quam
993 4076 1209 4142 communiter

98 4178 315 4258 mandem
331 4210 411 4258 voce
429 4190 675 4276 intelligendam
690 4193 790 4257 venit..
