2714 4980
117 321 181 384 328
458 329 647 379 mscrnrus
669 333 712 379 or
734 332 883 380 runmus.

160 463 195 525 2⁰
217 456 349 523 Etiamsi
367 455 453 522 adsit
472 463 564 522 certo
586 459 795 542 presumptio
805 463 891 540 juris
912 462 1000 524 etde
1019 465 1101 541 iure,
1126 461 1212 545 impu-

115 575 207 659 gnari
218 582 328 658 potest
344 592 405 657 per
420 579 581 653 notorium,
603 592 661 638 seu
679 593 741 657 per
759 572 957 639 evidentiam
974 574 1054 641 facti
1069 579 1212 643 contrarii.

115 690 211 758 Unde
224 693 291 758 vim
306 709 397 756 suam
416 690 535 756 amittit
550 691 620 774 ipsa
634 691 732 756 etiam
746 693 956 776 presumptio
962 698 1049 776 juris
1064 700 1095 757 et
1104 697 1214 778 dejure,

115 790 244 892 quando
262 812 374 872 contra
394 824 466 870 eam
484 811 550 870 stat
564 811 738 886 notorium,
758 804 794 871 id
812 811 873 885 est,
893 806 1027 891 quando
1039 810 1219 875 contrarium

116 929 244 989 cunstat
262 942 303 988 ex
317 920 675 1005 notorietate'publioa.

159 1042 194 1104 30
217 1039 299 1103 Item
317 1035 448 1123 quando
466 1039 569 1121 ispro
587 1057 653 1122 quo
672 1045 737 1104 stat
757 1037 917 1123 ejusmodi
932 1042 1145 1126 presumptio
1160 1060 1222 1107 mn·

115 1154 253 1220 tranium
268 1152 405 1218 fatetur.

159 1269 194 1332 4⁰
216 1264 354 1349 Quando
372 1285 433 1352 per
448 1265 659 1334 sufficientem
680 1287 854 1335 numerum
879 1270 1011 1336 testium
1038 1271 1223 1336 contrarium

114 1382 285 1468 probatur,
303 1380 363 1447 sed
376 1382 522 1465 quisnam
540 1391 619 1448 tunc
639 1384 830 1469 requiratur
845 1385 978 1450 testium
989 1404 1224 1466 numerosum

117 1497 316 1565 concordant
335 1497 498 1565 doctores.

162 1620 195 1680 5⁰
218 1613 356 1699 Quando
374 1615 496 1698 opponi
510 1620 619 1699 potest
637 1615 890 1681 instrumentum
905 1594 1088 1700 publicum.

161 1735 196 1798 60
220 1731 362 1797 Tandem
386 1738 499 1796 contra
521 1732 806 1817 presumptionem
822 1738 907 1815 jurio
917 1740 948 1796 et
962 1735 1086 1817 dejure
1099 1732 1224 1800 admitti·

115 1855 172 1913 tur
187 1848 349 1931 probatio,
367 1848 394 1911 si
407 1847 434 1911 is
446 1865 508 1931 pro
526 1866 591 1933 quo
609 1852 673 1912 stet
691 1845 778 1912 dicta
803 1847 1027 1932 presumptio,
1051 1849 1087 1914 in
1108 1849 1142 1915 id
1161 1867 1224 1914 con·

117 1965 245 2042 sentiat,
259 1963 368 2042 idest,
389 1963 626 2047 oppositionem
645 1983 711 2029 uon
726 1963 834 2029 faciat.

160 2082 226 2146 Pro
245 2078 363 2164 quibus
386 2079 534 2144 omnibus
558 2079 822 2162 exceptionibus,
846 2078 921 2144 vide
949 2079 1225 2167 Schmalzgrueber

120 2197 165 2280 (in
179 2197 232 2260 tit.
249 2198 303 2273 23,
320 2196 397 2260 libri
414 2199 433 2260 2
449 2194 589 2273 decret,
608 2215 642 2260 n.
664 2194 730 2280 tn).

163 2315 315 2395 Quesrro
337 2316 382 2377 3·.
408 2346 453 2359 -
475 2317 523 2377 An
541 2318 575 2376 in
596 2333 686 2376 consa
705 2318 859 2378 criminati
873 2335 912 2378 ee
924 2318 1017 2379 nudis
1035 2321 1225 2398 presumptio

119 2433 205 2494 nibus
219 2435 366 2493 sententie
384 2434 461 2511 ferri
474 2437 503 2493 et
518 2433 596 2493 Reus
609 2433 803 2494 condemnari
809 2433 930 2513 possit?
950 2465 998 2480 —
1016 2430 1111 2496 Circa
1125 2429 1225 2516 gratis·

119 2547 234 2611 simam
250 2563 323 2610 eam
337 2544 547 2628 questionem
564 2544 685 2626 triplex
701 2545 810 2609 existit
834 2544 1007 2611 doctorum
1021 2546 1189 2612 sententia.

164 2663 190 2730 Ι.
216 2665 389 2744 Eeponttur
409 2667 557 2724 sententie
576 2681 699 2742 nepans.
725 2661 955 2726 -Sententia
978 2660 1049 2727 haec
1074 2660 1224 2730 contendit

121 2781 224 2845 Reum
241 2796 307 2841 uon
328 2794 422 2858 posse
445 2774 656 2841 condemnari
672 2776 715 2841 ob
730 2777 1012 2861 presumptionem
1035 2777 1225 2863 quantumvis

121 2895 270 2961 violente
285 2893 347 2958 illae
365 2893 447 2974 sint3
472 2889 532 2956 sed
550 2910 620 2957 esse
635 2891 870 2957 absolvendum
884 2892 946 2956 hoc
963 2893 1034 2976 ipso
1049 2893 1140 2978 quod
1154 2894 1224 2960 nula

122 3017 235 3078 contra
256 3010 362 3093 ipsum
379 3007 564 3090 reperiatur
586 3007 719 3091 proprie
733 3007 820 3072 dicta
832 3008 993 3091 probatio.
1013 3009 1173 3076 Doctores
1185 3027 1225 3074 au·

120 3135 190 3192 tem
202 3126 257 3211 qui
273 3142 344 3190 eam
354 3123 514 3188 sustinent
530 3122 627 3208 (inter
640 3140 721 3208 quos
732 3122 885 3206 Pirrhing
900 3130 935 3188 et
953 3122 1084 3208 Engel)‚
1098 3128 1226 3190 nituntur

122 3242 171 3306 his
185 3239 384 3306 rationibus:
406 3218 438 3302 l⁰
450 3238 579 3302 Conone
591 3242 653 3304 Nos
669 3239 713 3326 (l,
733 3256 835 3304 cause
849 3241 879 3317 2,
897 3257 929 3322 q.
950 3237 994 3323 1),
1008 3239 1069 3305 ubi
1080 3261 1122 3306 ex
1136 3245 1226 3306 sancto

121 3356 299 3440 Augustino
314 3355 359 3419 sic
379 3354 521 3419 babetur
542 3375 549 3418 :
574 3358 637 3418 Nos
654 3361 687 3418 in
701 3375 876 3436 quemquem
896 3362 1078 3420 sententium
1089 3361 1169 3440 serre
1184 3373 1227 3420 nm

119 3491 288 3556 porculator,
306 3477 367 3534 nisi
380 3479 434 3535 aut
443 3476 609 3533 convictum
624 3479 678 3534 out
689 3481 793 3552 sponte
806 3475 982 3551 consessum.
1004 3473 1039 3535 2⁰
1057 3472 1170 3556 Capite
1182 3476 1228 3536 lit·

123 3597 202 3653 teras
220 3588 286 3674 (14,
304 3591 342 3651 de
354 3584 666 3671 Presumptionibns),
684 3586 742 3651 ubi
754 3585 963 3652 Innocentius
978 3587 1026 3652 III
1042 3584 1086 3654 de
1105 3586 1227 3674 quodum

121 3695 201 3772 lieo,
219 3699 331 3760 contra
349 3712 448 3776 quem
470 3694 645 3760 vehemens
663 3694 795 3760 extabat
808 3693 1131 3763 criminis-haereseos
1145 3694 1228 3781 susp't

122 3812 182 3889 oio,
200 3812 246 3875 sic
261 3809 409 3876 decernit
427 3832 435 3876 ι
456 3816 585 3893 Propter
602 3813 697 3874 sotem
712 3817 919 3892 suspicionem,
939 3818 1080 3893 quemvis
1098 3815 1228 3877 semmu-

123 3936 192 4008 tem,
217 3931 355 3991 nolumus
374 3930 462 3991 ilium
483 3931 521 3991 de
539 3935 601 3991 tum
619 3934 708 4009 pratri
734 3934 858 3991 crimine
876 3931 1081 3994 condemnari.
1108 3933 1143 3996 3⁰
1160 3929 1227 4010 lege

122 4048 277 4108 Absentem
293 4044 336 4129 (5,
359 4043 392 4108 li.
414 4048 451 4109 de
462 4041 587 4126 Penes),
606 4046 639 4108 in
657 4064 721 4129 qua
742 4046 787 4109 sic
807 4047 988 4110 statuitur:
1008 4048 1071 4111 Sed
1085 4067 1138 4110 neo
1151 4049 1228 4126 stup·

121 4165 254 4224 sionibus
268 4165 372 4225 debere
389 4164 519 4242 aliquem
536 4165 678 4225 damnari
698 4165 786 4225 diuus
814 4167 962 4244 Trnjunus
980 4165 1112 4227 Assidno
1137 4167 1227 4227 Seven

123 4282 293 4359 rescripsit·
322 4282 473 4358 satiusque
502 4298 563 4340 esse
593 4284 773 4360 impunitum
798 4281 927 4360 relinqui
951 4281 1073 4358 facinus
1096 4282 1223 4355 nonen

122 4411 211 4473 quom
230 4399 413 4456 innocentem
431 4397 582 4457 damnari.
610 4395 644 4457 4⁰
671 4393 755 4476 Lege
783 4400 843 4476 Qut
865 4400 1045 4458 sententium
1063 4397 1129 4483 (16,
1150 4413 1177 4459 c.
1198 4391 1226 4454 e
