2714 4980
126 292 166 356 18
470 300 658 350 rnxcmrus
680 302 725 351 un
746 300 894 349 runicus.

126 459 142 488 ι
155 431 255 515 super
261 428 310 496 rei
320 426 426 515 (uerbi
433 427 548 513 gratie
563 424 690 510 domus,
700 422 1079 508 benencfiecciasiastiat
1090 434 1148 496 aut
1155 428 1239 515 juris

124 544 306 631 «eligendi,
324 545 378 613 vel
404 545 606 633 patronatus)
637 545 780 614 dominio
804 545 858 613 vel
883 546 974 632 quasi
1002 544 1162 631 dominio;
1182 547 1240 613 rel

124 694 140 723 ι
152 663 253 748 super
260 662 335 749 jure
346 662 456 748 aliquo
467 663 501 728 in
516 678 553 729 re
566 671 623 729 aut
633 663 676 731 a'd
687 680 756 731 rem
770 670 987 767 competente,
1002 671 1094 747 puta,
1106 661 1149 729 de
1161 662 1239 749 jure

123 813 139 846 ι
152 783 305 873 pignoris,
314 781 480 848 servitutis
488 774 698 861 hereditatis,
709 780 946 866 etc.;petitque
952 787 1052 859 actor,
1064 781 1154 848 serei
1165 798 1242 847 con⁴

123 933 139 962 «
152 912 310 971 troversae
323 897 482 965 declarari
497 896 663 964 dominum
679 899 733 966 vel
747 899 838 984 quasi
852 895 1030 977 dominum,
1043 906 1100 964 aut
1112 898 1175 964 sibi
1184 897 1241 984 jus

124 1051 139 1080 e
151 1022 186 1088 in
199 1038 238 1088 re
253 1015 362 1085 velud
377 1033 448 1082 rem
463 1023 690 1102 competere...
704 1015 942 1083 Possessorium
953 1013 1111 1101 judicium
1126 1022 1190 1097 est,
1205 1017 1242 1082 in

123 1158 217 1226 «quo
235 1139 321 1203 inter
339 1140 450 1220 partes
471 1124 636 1201 contentio
654 1140 705 1199 est
727 1122 770 1200 de
790 1132 857 1200 sola
877 1133 928 1199 rei
941 1133 996 1198 vei
1013 1131 1097 1218 juris
1111 1152 1243 1219 posses

123 1283 138 1317 a
152 1257 242 1325 sione
260 1262 317 1321 aut
332 1253 423 1338 qussi
434 1251 633 1337 possessione
648 1249 866 1336 adipiscenda,
885 1249 1059 1316 retinenda
1074 1250 1128 1318 vel
1144 1270 1242 1320 recu-

122 1403 137 1432 ·
149 1371 313 1459 perunda3
328 1388 402 1436 cum
419 1368 544 1452 scilicet
554 1374 682 1434 tantum
696 1375 787 1433 actor
804 1369 898 1451 petit,
916 1367 970 1432 uei
985 1375 1023 1433 ut
1038 1366 1244 1453 adipiscatur

122 1523 137 1550 α
150 1491 386 1579 possessionem
397 1487 446 1555 rei
457 1487 600 1573 quietam
610 1487 713 1552 necin
724 1507 762 1554 ea
771 1486 937 1564 turbetur,
950 1486 1051 1552 velut
1061 1481 1243 1571 recuperet

122 1636 137 1668 ι
151 1611 330 1677 amissum.»
342 1603 651 1694 (Schmalzgrneben
662 1603 697 1667 in
709 1604 839 1670 titulum
849 1597 1169 1682 electricibus
1184 1603 1243 1671 de·

117 1727 297 1806 omnium,
317 1745 350 1789 n.
370 1720 415 1808 5.)

123 1872 126 1876 ⁸
164 1854 195 1916 5.
221 1848 260 1916 ln
274 1845 411 1931 simplex
426 1848 461 1910 et
479 1842 603 1927 duplex
616 1863 623 1908 :
636 1826 772 1928 simplex
791 1839 913 1907 dicitur
931 1841 1063 1928 quando
1078 1862 1144 1911 una
1162 1856 1243 1930 pars

117 1972 166 2034 est
184 1966 291 2043 Actor,
309 1969 344 2028 et
364 1960 469 2025 altera
484 1959 594 2024 Reus:
613 1955 736 2042 duplex
751 1975 840 2035 vero,
860 1957 991 2043 qnando
1004 1965 1147 2046 utraque
1162 1981 1243 2047 pars

113 2087 164 2150 est
177 2079 271 2147 simul
286 2083 401 2144 auctor
415 2082 449 2140 et
462 2092 556 2159 reus3
572 2071 661 2158 quod
674 2072 791 2139 accidit
805 2074 934 2159 quoties
950 2080 1091 2161 uterque
1106 2076 1243 2162 litigans

117 2193 433 2270 alterumconvenit,
446 2189 554 2268 idest,
568 2208 643 2255 eum
655 2189 689 2254 in
698 2187 751 2274 jus
762 2197 857 2255 vocat
864 2197 900 2256 et
908 2189 1029 2275 aliquid
1037 2190 1078 2256 ab
1089 2210 1130 2258 eo
1139 2197 1240 2276 petit.

161 2317 194 2380 6.
220 2313 259 2379 In
273 2309 433 2397 judicium
446 2306 540 2374 bone
557 2304 647 2384 lidei,
665 2312 699 2370 et
709 2305 814 2371 stricti
825 2304 919 2391 juris.
942 2307 1134 2375 «iudicium
1152 2304 1242 2378 bonu

121 2458 136 2487 ι
149 2425 226 2520 fidei
245 2435 306 2506 est,
320 2427 356 2492 in
375 2444 440 2511 quo
454 2423 592 2490 liberam
618 2428 815 2505 potestatem
841 2423 949 2508 alege
970 2423 1031 2490 sibi
1052 2438 1239 2494 concessam

120 2576 135 2605 κ
145 2545 248 2633 judex
260 2545 371 2623 habet,
380 2550 418 2611 ut
427 2542 585 2609 aestimare
598 2560 639 2607 ex
651 2558 743 2626 aequo
758 2546 792 2605 et
803 2540 889 2606 bono
898 2543 999 2625 possit
1009 2551 1167 2628 quantum
1175 2545 1240 2613 Ac·

89 2724 92 2728 i
122 2693 137 2722 ι
151 2665 217 2732 tori
233 2660 362 2729 restitui
386 2657 524 2743 debcat3
541 2656 690 2742 adeoque
713 2655 901 2742 adjudicare
921 2657 1044 2744 aliquid
1055 2665 1177 2744 potest,
1197 2661 1240 2730 de

122 2811 137 2839 a
151 2779 313 2868 quainter
326 2782 438 2862 partes
452 2772 540 2841 haud
556 2780 764 2852 conventum,
782 2781 817 2840 et
830 2772 919 2859 quod
933 2775 967 2840 in
979 2775 1093 2842 libello
1107 2797 1174 2844 non
1189 2786 1239 2845 est

123 2927 137 2955 ι
149 2897 300 2983 petitum.
315 2887 432 2960 Stricti
437 2884 528 2982 juris
536 2887 697 2975 judicium
711 2896 772 2970 est,
784 2890 819 2956 in
832 2908 896 2977 quo
910 2889 1047 2957 facultas
1056 2890 1175 2977 judicis
1188 2904 1239 2962 est

123 3044 138 3072 ·
153 3013 314 3090 restricta,
328 3011 373 3077 ita
397 3014 435 3076 ut
455 3007 543 3073 ultra
565 3005 601 3072 id
617 3005 706 3092 quod
729 3006 783 3072 vel
805 3008 992 3073 nominatim
1013 3009 1100 3075 inter
1128 3020 1240 3095 partes

123 3160 138 3187 ι
151 3139 271 3207 actum,
285 3127 340 3193 vel
354 3123 535 3209 specialiter
556 3122 683 3206 legibus
702 3121 744 3188 de
767 3124 898 3207 negotio
920 3132 1050 3190 cautum
1073 3134 1134 3206 est,
1166 3148 1240 3194 sen·

124 3248 254 3314 utentia
267 3261 400 3310 suanun
412 3240 514 3326 possit
527 3237 693 3324 progredi.
708 3240 811 3306 Porro
823 3240 928 3326 qualia
937 3238 1059 3326 judicia
1071 3244 1135 3309 sint
1144 3243 1238 3312 bonae

123 3363 242 3444 eildei,
256 3361 362 3450 qirslia
372 3359 478 3427 stricti
482 3357 574 3445 juris,
588 3355 827 3424 desumendum
838 3362 889 3424 est
899 3377 940 3424 ex
952 3377 1073 3443 genere
1083 3363 1237 3450 actionis3

125 3499 229 3548 «uam
238 3480 303 3547 tale
322 3485 372 3546 est
383 3475 542 3564 judicium
556 3474 660 3561 qualis
674 3482 723 3540 est
736 3474 820 3541 actio
839 3494 881 3541 ex
895 3493 959 3561 qna
972 3478 1138 3562 consurgit
1150 3476 1242 3564 judi*

126 3618 140 3658 u
155 3599 252 3667 cium
269 3598 513 3664 Enumerantur
527 3599 637 3659 autem
652 3591 796 3658 actiones
809 3591 902 3659 bona
915 3591 996 3658 fidei
1010 3604 1132 3674 omnes,
1152 3601 1168 3676 5
1183 3616 1240 3665 oc-

126 3749 140 3777 «
155 3714 270 3786 tionem
281 3707 481 3793 28,iastitot.
492 3705 665 3778 chctioo.
676 3708 808 3776 Gaeterae
818 3726 888 3796 quae
901 3709 1236 3797 ihinonsuntposita‚

125 3835 259 3904 sutrim
264 3831 346 3920 juris
359 3836 544 3897 censentur.
557 3856 572 3883 »
591 3824 944 3915 (Schmalzgruebenin
955 3824 1089 3895 titulum
1098 3824 1137 3896 dc
1144 3826 1242 3899 dudi-

119 3949 190 4033 ciis,
207 3950 315 4019 dont
332 3945 554 4024 decretalium,
573 3962 607 4009 ιι.
623 3941 670 4029 9.)

165 4071 291 4138 Praeter
305 4069 512 4132 enumeratas
527 4058 724 4146 judiciorum
739 4061 874 4146 species,
893 4080 964 4149 quae
979 4064 1063 4131 scitu
1074 4066 1239 4154 precipue

120 4188 218 4255 utiles
230 4189 316 4263 sunt,
332 4201 399 4247 non
409 4199 519 4266 paucas
531 4178 600 4244 alias
614 4174 726 4263 ajuris
736 4176 851 4262 peritis
864 4182 1039 4248 memorari
1051 4180 1176 4271 solent;
1190 4194 1241 4253 ast

121 4320 192 4391 qua
214 4300 304 4369 nullu
321 4297 392 4364 fere
410 4295 624 4382 explicatione
642 4290 800 4379 indigent,
823 4302 858 4361 et
878 4314 958 4382 quas
974 4292 1051 4364 ideo
1069 4297 1241 4367 brevitatis

120 4438 216 4489 causa
232 4412 427 4487 omittendas
441 4411 602 4482 duximus.
