2716 4988
143 246 204 311 tta
403 278 406 282 -
482 257 669 306 rnacraros
691 258 736 305 na
756 256 906 307 runicus.

142 389 208 452 «de
228 389 263 477 V.
275 388 341 465 'S.,·
354 381 411 449 ubi
436 381 478 449 ad
498 380 611 468 judicii
628 381 841 449 substantiam
859 381 1074 466 requirtmtur
1090 385 1164 446 tres
1175 394 1258 462 'per-

141 533 157 560 a
170 521 268 581 sonae,
282 499 402 580 Jadex,
419 499 517 567 Actor
542 500 673 566 etReus
688 520 695 565 :
710 518 786 565 casu
812 506 922 565 antem
945 516 1010 583 qao
1035 497 1193 581 princeps
1214 494 1257 562 da

139 649 153 676 «
167 639 263 686 causa
274 620 361 683 inter
369 637 404 683 se
416 623 450 682 et
462 615 604 681 subitum
617 634 712 681 suum
723 622 934 682 controversa
943 620 1168 698 cognosceret,
1177 630 1257 696 praa·

141 742 223 803 «ter
245 735 352 819 ipsum
376 740 411 800 et
436 732 669 816 collitigantem
695 731 866 797 subditum
884 749 981 797 nemo
1007 728 1251 795 interveniret:

140 867 258 933 aergo.
283 846 407 913 -Sed
430 843 574 912 tenenda
592 853 642 911 est
662 844 850 913 affirmativa
870 845 1041 911 sententia.
1067 844 1119 909 lta
1143 841 1256 909 Glossa

48 1035 51 1040 ,
139 995 153 1022 «ι
170 967 215 1053 (in
230 984 259 1032 c.
278 968 353 1029 Com
376 969 525 1028 venissent
549 964 601 1040 12,
624 965 661 1027 de
681 959 821 1046 dediciis)
838 961 960 1040 Abbas,
989 960 1146 1046 bayman,
1174 960 1254 1025 Bar·

136 1112 149 1137 «
163 1080 252 1160 bosa,
267 1079 411 1163 Pirbiug,
433 1078 594 1156 Viestner,
606 1079 780 1164 quitameu
792 1096 866 1144 cnm
879 1078 948 1144 aliis
962 1083 1085 1154 monet,
1102 1076 1162 1142 tali
1177 1093 1254 1142 casu

135 1227 149 1253 a
165 1197 343 1263 consultius
351 1203 384 1261 et
395 1193 462 1280 juri
476 1193 616 1261 naturali
629 1195 826 1262 conformius
839 1202 971 1260 acturos
983 1193 1149 1278 principes
1164 1199 1202 1259 et
1216 1191 1255 1258 si·

135 1344 149 1367 a
164 1313 256 1380 miles
271 1313 477 1397 magistratus
489 1329 667 1395 supremos,
681 1311 709 1376 si
728 1310 781 1377 vel
793 1310 923 1378 arbitris
937 1327 1048 1377 causas
1064 1310 1155 1376 inter
1168 1328 1204 1374 se
1220 1314 1254 1374 et

136 1460 150 1485 «
164 1429 313 1496 subditos
337 1436 562 1494 controversas
583 1424 782 1502 decidendas
808 1426 1021 1504 committant,
1043 1425 1099 1492 vel
1124 1423 1253 1511 judices

135 1546 343 1615 «ordinarios
356 1545 411 1611 vel
430 1543 598 1628 delegatos
616 1544 825 1622 constituant,
854 1543 910 1629 qui
927 1543 981 1629 jus
1001 1543 1089 1608 inter
1106 1543 1198 1626 ipsos
1218 1546 1251 1607 et

134 1693 147 1717 «
164 1661 312 1729 subditos
324 1680 400 1728 snos
413 1660 534 1739 dicant,
547 1658 642 1745 juxta
651 1660 758 1743 legem
769 1664 805 1725 Sc·
814 1662 958 1724 adversos
970 1662 1001 1738 2,
1016 1677 1046 1725 c.
1058 1663 1094 1724 st
1105 1661 1251 1723 advoca

132 1779 275 1859 «fiscum
294 1787 329 1845 et
351 1778 475 1862 praxim
503 1774 705 1854 modernam,
727 1795 790 1862 qua
814 1777 889 1843 lites
908 1794 1022 1843 eorum
1042 1775 1173 1842 fiscales
1197 1795 1248 1842 oo·

133 1924 147 1949 «
159 1903 359 1979 gnoscuntur
374 1903 408 1960 et
420 1895 638 1960 terminantur
653 1893 695 1959 ab
709 1894 758 1971 iis,
777 1895 834 1978 qui
847 1913 984 1960 camerae
996 1892 1150 1961 seuiisco
1162 1895 1250 1977 prin·

133 2011 239 2095 «cipis
253 2010 439 2096 praesident.
459 2011 621 2075 Craterum
637 2009 806 2092 ,responsio
822 2010 991 2105 multiplici
1005 2008 1142 2094 probari
1157 2028 1251 2093 argn-

133 2157 147 2182 «
160 2134 272 2197 mento
289 2135 399 2212 potest
416 2149 423 2193 :
435 2133 538 2210 prtem
563 2145 604 2192 ex
633 2128 739 2211 capite
766 2130 843 2197 Com
867 2133 1016 2191 venisent
1039 2128 1159 2205 citato,
1191 2125 1249 2192 ubi

132 2243 301 2326 «cognitio
319 2244 513 2328 quanticum,
532 2261 632 2326 super
648 2241 741 2317 Sedis
756 2243 946 2326 Apostolicae
966 2243 1143 2328 privilegiis
1159 2251 1244 2323 orta,

132 2356 344 2444 «denegatur
359 2357 525 2444 jndicibus
543 2377 667 2426 summa
692 2360 749 2426 illa
770 2359 854 2427 sede
872 2360 1092 2427 inferiombus.
1110 2363 1248 2426 Secrcado

130 2474 286 2558 «exlege
303 2482 332 2539 et
349 2475 403 2538 boe
419 2476 457 2540 41
479 2474 601 2562 (juncta
623 2476 728 2560 glossa
743 2474 923 2561 marginali)
944 2475 978 2541 a.
998 2479 1036 2541 de
1054 2479 1180 2541 Herod.
1198 2482 1247 2541 io-

131 2617 145 2644 «
159 2595 240 2670 stit,
271 2589 329 2656 ubi
346 2591 526 2675 imperator
544 2591 692 2657 Tiberius
712 2591 747 2656 in
770 2574 869 2656 causa*
895 2592 1027 2675 propria
1050 2593 1247 2658 sententiam

130 2702 282 2771 «dixit...
301 2710 401 2772 Tertio
415 2707 539 2790 exlege
550 2727 618 2787 oc„
638 2723 667 2771 c.
685 2711 721 2772 Si
734 2713 923 2789 pota-imper.
935 2710 1098 2788 cutodita,
1117 2706 1178 2774 ubi
1191 2705 1247 2774 de-

130 2822 304 2888 «cemitnr
318 2811 356 2888 ut
373 2824 400 2888 is
419 2824 476 2908 qui
488 2823 595 2889 animo
613 2821 788 2908 injuriandi
809 2822 1013 2890 maledixerit
1029 2823 1183 2908 principi,
1202 2822 1246 2890 ad

129 2939 262 3022 «ipsum
291 2941 497 3019 remittatur,
525 2945 564 3004 ut
589 2947 763 3024 cognoscat
794 2938 836 3006 de
864 2938 981 3024 injuria
1016 2940 1079 3006 sibi
1107 2941 1241 3007 illata...

128 3082 143 3108 «
159 3059 273 3136 Quarto
287 3076 329 3122 ex
343 3057 487 3139 ratione3
504 3074 579 3120 nam
597 3055 662 3121 hoc
681 3055 813 3122 videtur
835 3056 966 3140 exigere
988 3055 1161 3141 plenitudo
1184 3076 1245 3141 po-

129 3172 292 3248 «testatis,
310 3169 353 3236 ob
367 3189 464 3255 qnam
476 3171 548 3255 cogi
560 3183 630 3239 ‘nou
645 3178 754 3255 potest
771 3179 810 3237 ut
825 3172 963 3252 alterins,
972 3172 1095 3258 judicio
1113 3192 1149 3239 se
1169 3173 1245 3241 sub-

128 3313 142 3339 «
150 3283 252 3370 jiciat.
271 3291 384 3367 Quinto
399 3285 551 3372 deniqne,
573 3287 738 3372 quiscum
756 3289 909 3372 princeps
923 3288 1084 3374 ejusmodi
1105 3291 1162 3354 vel
1174 3310 1245 3359 ma·

127 3429 142 3457 κ
154 3401 318 3484 gistratus,
342 3421 514 3486 supremus
527 3405 569 3469 sit
585 3405 697 3489 legum
722 3403 880 3486 conditor,
894 3413 1006 3472 custos
1026 3406 1081 3471 vel
1102 3406 1239 3489 vindex,

126 3544 140 3571 «
153 3515 232 3581 nihil
243 3516 305 3581 nisi
320 3535 448 3600 aequum
458 3516 646 3605 justumque
658 3521 925 3604 pronuntiaturus
939 3521 1159 3606 presumitur.
1173 3525 1242 3590 Nec

126 3661 140 3687 «
154 3631 262 3698 obstat
275 3641 374 3716 caput
386 3637 471 3715 soros
485 3635 632 3716 citatum,
650 3637 754 3702 etalii
773 3645 884 3705 textus
903 3640 959 3723 qui
979 3639 1012 3703 in
1037 3639 1247 3717 contrarium,

126 3748 285 3832 «allegari
309 3758 459 3835 possunt3
473 3752 551 3837 qnia
572 3753 737 3819 ternarius
755 3755 811 3820 ille
840 3773 1053 3838 personarum
1081 3775 1241 3824 numerus

125 3895 139 3943 «ς
153 3868 361 3951 prescriptos
383 3876 434 3934 est
456 3870 560 3934 solum
576 3868 651 3955 jure
676 3872 812 3954 positivo
834 3873 984 3952 hnmano,
998 3891 1063 3958 quo
1085 3875 1241 3960 princeps

124 4011 139 4038 «
152 4001 334 4067 supremus,
353 3990 501 4067 utpotea
518 4002 553 4050 se
569 3987 624 4052 vel
637 3988 896 4065 antecessoribus
914 3989 1055 4068 condito,
1074 4009 1142 4056 non
1159 3992 1241 4076 liga-

125 4128 139 4154 «
152 4106 209 4171 tur
226 4121 234 4166 ε
255 4109 492 4184 consequenter
506 4119 573 4167 non
591 4102 787 4185 prohibetur
805 4125 866 4188 per
882 4125 916 4171 se
931 4103 1096 4191 loquendo
1109 4107 1153 4172 in·
1164 4111 1240 4176 tali-

124 4245 138 4271 a
152 4215 213 4289 bus
234 4217 336 4283 cauam
353 4216 473 4302 judicis
493 4218 588 4283 simul
605 4227 642 4285 et
654 4219 779 4288 Actoris
793 4222 847 4289 vel
869 4223 929 4288 Rei
949 4241 1123 4306 personam
1139 4228 1239 4295 suetis

124 4351 240 4398 «nere.
256 4361 270 4388 ι·
802 4354 805 4359 “
