2714 4980
554 307 634 357 rsrs
656 308 769 356 rmus.
1157 280 1220 360 25⁵

95 446 235 516 pamm
251 428 473 513 adimerem
491 431 615 518 ⁴collon
638 433 788 517 proferto
809 432 920 500 certic
940 433 1102 501 mentun
1118 433 1222 520 judex

101 544 301 628 excluditur,
319 551 422 614 ctiam
437 549 472 613 in
489 546 664 634 hypothesi
681 550 914 616 consentientis
933 550 1094 634 Episcopi,
1114 551 1222 637 Atque

100 662 195 732 idem
219 666 345 749 pariter
370 662 534 748 colligitur
555 684 597 730 ex
618 666 724 748 capite
750 669 787 732 Si
812 670 955 749 diligenti
983 667 1048 754 (li,
1074 667 1163 734 tituli
1185 672 1219 748 2,

100 776 181 847 iibri
199 782 220 845 2
239 775 476 864 decretalium),
499 778 592 864 cujus
612 779 781 864 dispositio
795 782 841 848 sic
854 783 889 847 in
906 783 1003 848 titulo
1021 782 1054 847 ei
1067 780 1225 849 decretali

102 895 241 980 pmfixe
257 895 480 961 contrdldtur:
508 899 641 960 Clericus
655 916 715 960 oon
727 905 828 978 potest
839 904 1017 963 constituere
1029 902 1088 964 tibi
1090 902 1225 982 judicem

104 1014 229 1091 hicum,
245 1017 366 1075 etiamsi
374 1015 796 1094 montemorenciaco
806 1016 1226 1079 moscrtimemsacce

104 1129 172 1192 dot.
190 1128 260 1192 Nec
274 1125 455 1210 objiciatur,
477 1142 570 1208 posse
584 1127 771 1192 secularem
792 1125 936 1212 judicem
957 1148 999 1193 ex
1016 1126 1224 1214 delegatione

105 1241 259 1326 Episcopi
268 1256 359 1307 mere
370 1241 570 1326 tempomles
581 1243 1117 1328 clericorumcuussscognoscere;
1137 1244 1224 1312 unde

106 1356 218 1440 operi
232 1354 322 1422 idem
335 1359 457 1441 poterit
466 1374 512 1422 ex
530 1355 679 1441 ejusdem
705 1361 855 1444 Episcopi
882 1378 1052 1426 consensu.
1081 1361 1227 1444 Negutur

107 1471 196 1537 enim
213 1473 352 1554 potitos,
373 1490 447 1538 nam
469 1472 569 1538 laicus
592 1472 741 1558 judicans
763 1490 805 1540 ex
828 1472 1034 1558 delegatione
1057 1476 1219 1559 Episcopl,

108 1605 172 1651 uon
184 1586 221 1652 vi
234 1604 311 1664 sum,
328 1587 391 1653 sed
411 1587 445 1653 vi
463 1588 688 1654 ecclesiasticen
705 1591 874 1672 potestatis
888 1589 1014 1674 judicat
1032 1612 1039 1656 :
1063 1596 1180 1657 atvero
1191 1593 1225 1655 in

109 1702 216 1768 tltero
234 1720 311 1768 cusu
330 1701 494 1788 judicaret
506 1705 540 1769 vi
553 1705 691 1788 pnopriae
708 1708 895 1788 potestatiS,
920 1705 996 1770 licet
1017 1723 1078 1788 per
1093 1722 1227 1771 consen-

108 1837 180 1883 sum
197 1820 339 1901 portium
351 1826 385 1884 et
401 1820 549 1903 Episcopi
564 1829 764 1904 prorogatae3
781 1819 869 1906 quod
883 1821 939 1887 lex
951 1822 1103 1885 cononica
1116 1818 1228 1904 prohi—

109 1936 216 2002 bitum
234 1935 351 2001 voluit,
369 1937 455 2001 ltem
469 1935 567 2021 objici
583 1938 688 2003 solent
702 1936 834 2022 quidam
852 1956 1006 2020 conones3
1034 1937 1094 2003 sed
1115 1939 1228 2003 imme·

109 2053 173 2117 rito
199 2068 257 2116 eos
285 2050 417 2133 allegari
442 2047 518 2115 vide
541 2050 715 2134 probatum
749 2051 838 2135 apud
866 2050 1154 2135 Schmalzgrueber
1183 2053 1227 2140 (in

108 2167 160 2231 tit.
179 2168 213 2242 2,
233 2164 311 2231 libri
326 2166 347 2228 2
364 2163 505 2240 decret,
528 2184 562 2229 n.
585 2163 674 2250 tit).
692 2167 940 2233 Conclusionem
956 2175 1065 2232 cutem
1084 2174 1228 2232 nostrum

109 2279 283 2346 confirmet
309 2279 487 2346 emmunis
511 2280 684 2347 doctorum
705 2283 881 2360 sententio,
909 2300 1006 2367 quarn
1023 2283 1070 2348 sic
1088 2288 1228 2350 testatur

109 2396 320 2484 Plrrlrlnglin
332 2398 465 2464 titulum
487 2400 518 2475 2,
532 2397 638 2463 tibrtn
654 2398 879 2477 decretalium,
897 2418 930 2462 n.
955 2397 1031 2484 tot)
1051 2420 1094 2464 :·«
1110 2398 1229 2465 Clerici

112 2532 189 2580 «ne
215 2512 352 2599 quidem
371 2532 445 2580 cum
468 2533 627 2581 consensu
655 2516 803 2598 Episcopi
823 2515 873 2580 sui
894 2530 1072 2598 prorogare
1092 2524 1229 2598 possunt

112 2652 129 2692 α
145 2629 403 2716 jurisdictionem
416 2629 535 2715 judicis
545 2631 707 2696 secularis
718 2648 818 2716 seque
833 2630 880 2696 illi
894 2630 1068 2716 subjicere,
1085 2632 1118 2696 in
1132 2650 1228 2698 conso

111 2768 129 2809 c
148 2745 309 2812 criminuli
322 2754 379 2812 out
396 2746 493 2824 civili,
507 2748 576 2812 sive
594 2762 684 2812 mere
700 2744 858 2835 spirituali
868 2754 903 2811 et
917 2747 1143 2825 ecclesiastico,
1159 2749 1227 2812 sive

110 2884 130 2925 c
147 2861 333 2946 temporali.
362 2858 412 2928 Ito
440 2862 544 2946 glosso
567 2860 681 2948 (linulis
697 2862 734 2927 in
753 2862 888 2926 citatum
907 2869 1006 2944 caput
1027 2860 1226 2947 sipiificactt)

109 3000 131 3041 n
147 2977 365 3044 communiter
380 2985 524 3060 recepto.
544 2976 712 3042 Rationem
730 2977 869 3058 assignat
892 2975 995 3059 glossa
1014 2976 1113 3042 citata
1131 2999 1138 3042 ε
1154 2978 1229 3062 quic

108 3118 131 3157 c
147 3095 235 3160 sicut
252 3092 388 3158 clericus
404 3111 469 3158 non
484 3099 593 3177 potest
609 3094 798 3159 renuntiare
813 3093 984 3175 privilegio
1000 3091 1064 3156 fori
1077 3110 1229 3158 concesso

114 3211 184 3274 uin
204 3209 355 3274 furorem
379 3211 480 3274 totins
499 3207 628 3275 Ordinis
644 3208 802 3273 clericulis
824 3209 940 3295 (cupite
958 3212 993 3273 Si
1013 3211 1154 3289 diligenti
1176 3208 1227 3286 12,

110 3348 131 3388 r
145 3329 185 3390 de
196 3329 265 3406 soro
275 3322 475 3408 competenti),
497 3325 542 3389 itu
557 3341 618 3388 nec
629 3324 806 3406 Episcopus
821 3330 929 3406 potest
946 3323 1008 3387 hoc
1025 3323 1229 3407 privilegium

112 3462 131 3505 r
147 3441 344 3507 clericorum
356 3441 514 3517 minuere,
530 3439 585 3504 vel
594 3438 779 3503 consentire
789 3445 825 3503 ut
835 3438 945 3503 clerici
960 3439 1008 3503 illi
1023 3440 1228 3524 renuntient;

111 3578 130 3622 α
145 3557 253 3623 multo
272 3556 378 3621 miuus
399 3556 533 3621 clericos
548 3552 638 3620 adid
653 3554 867 3638 compellere3
892 3555 975 3619 sicut
991 3555 1087 3619 etiam
1102 3556 1232 3637 Episco-

110 3688 210 3759 cpns
234 3690 300 3739 non
317 3678 427 3757 potest
441 3673 633 3756 permittere
655 3678 713 3736 cut
733 3672 983 3750 consentirent
1006 3671 1143 3738 clericus
1157 3690 1232 3737 ver·

112 3789 296 3865 «iteretur,
318 3794 433 3853 contra
449 3787 657 3870 privilegium
671 3786 812 3851 canonis.
841 3808 858 3848 r

155 3911 286 3987 Quarto,
307 3902 399 3970 «sed
411 3921 518 3989 neque
534 3902 656 3982 clerici,
675 3903 743 3968 sine
759 3919 917 3967 consensu
930 3901 1080 3985 Episcopi
1093 3920 1152 3967 seu
1168 3900 1230 3967 Or-

107 4021 270 4088 «dinarii
301 4036 479 4104 prorogare
514 4026 650 4104 possunt
677 4018 934 4102 jurisdictionem
969 4015 1227 4100 Metropolitum,

107 4138 246 4223 reique
262 4152 299 4201 se
315 4134 487 4220 mhjicore,
504 4143 542 4203 ut
558 4140 686 4200 consttt
700 4152 742 4198 ex
754 4134 860 4217 cupite
883 4136 896 4196 l
920 4137 965 4198 De
976 4136 1042 4214 soro
1055 4140 1231 4216 competenti

106 4278 133 4319 u
143 4256 241 4338 inid,
257 4252 316 4319 ubi
330 4252 482 4332 habetur,
496 4248 586 4336 quod
596 4251 862 4333 lrchieptsoopus
875 4250 929 4314 rel
943 4247 1083 4315 officialis
1102 4249 1230 4334 ejusde

116 4394 133 4434 α
150 4371 257 4436 causis
271 4365 477 4434 subditorum
487 4365 739 4450 suffmgoneisui
749 4381 944 4447 cognoscere
960 4381 1023 4429 non
1041 4372 1150 4448 potest
1160 4367 1231 4432 ubs-
