2714 4980
571 321 651 370 rias
674 319 789 368 rmus.
1175 299 1241 366 277

120 441 427 530 quasi-‘domicilium
451 441 596 510 extendi.
623 441 674 509 Ad
694 442 854 508 rationem
884 447 996 506 autem
1021 439 1062 506 ab
1094 437 1242 525 ejusdem

120 561 291 628 sententie
306 562 453 646 patronis
466 559 623 640 additam,
638 568 673 627 et
684 578 782 645 supra
791 560 938 637 relatam,
948 554 1127 642 respondet
1138 578 1146 623 z
1158 557 1247 625 sulii.

119 678 209 743 ciens
229 694 403 744 remanere
423 675 600 744 discrimen
620 676 818 743 domicilium
834 676 922 740 inter
943 681 979 740 et
999 673 1242 759 quasi-domici·

117 791 218 875 lium;
242 810 319 857 cum
340 791 424 858 illud
442 791 540 858 faciat
560 793 666 860 civem
685 793 720 858 in
739 791 854 858 ordine
873 789 917 856 ad
935 809 1033 857 onera
1052 797 1087 857 et
1104 809 1241 857 munere

118 907 264 992 publica,
283 926 381 993 quem
397 907 550 975 effectum
564 929 630 976 non
645 917 802 994 operatur
815 906 1125 994 quasidomicilium.
1217 960 1221 965 .

157 1023 199 1087 V.
227 1026 381 1104 Quomodo
395 1031 618 1090 constituamur
631 1034 662 1088 ct
678 1029 741 1107 sori
754 1031 979 1108 competentiam
993 1027 1193 1088 determinent
1202 1046 1239 1088 eo

115 1141 273 1203 domicilia
284 1136 473 1221 qucefictc'tia
484 1146 665 1205 vocavimus.
682 1177 728 1190 -
744 1140 810 1205 Sub
825 1140 951 1204 initium
973 1137 1069 1224 hujus
1088 1157 1239 1223 paragra·

114 1254 171 1339 pbi
184 1253 339 1334 diximus,
354 1275 373 1320 a
387 1234 460 1341 jure
474 1259 575 1322 certis
588 1257 733 1340 personis
741 1263 869 1322 certum
879 1256 987 1322 locum
999 1274 1060 1338 pro
1075 1254 1239 1322 domicilio

114 1372 282 1455 assignari,
304 1372 366 1437 etsi
382 1372 417 1436 in
434 1391 473 1438 eo
491 1373 547 1438 vol
565 1374 753 1439 nullatcnus
767 1379 1022 1451 commorentur,
1040 1372 1096 1437 vel
1114 1391 1179 1438 non
1196 1391 1238 1438 eo

114 1485 216 1554 modo
232 1488 291 1571 qui
308 1488 441 1570 proprie
465 1486 592 1553 dictum
614 1488 820 1554 habitationis
838 1487 1037 1554 domicilium
1055 1489 1234 1554 constituit.

114 1591 194 1667 vnit
208 1620 328 1686 nempe
343 1602 409 1680 lea,
428 1611 467 1669 ut
486 1603 595 1689 quoad
613 1604 697 1671 tales
715 1621 869 1687 personas
884 1602 1045 1689 ejusmodi
1061 1605 1239 1687 assignatus

112 1719 208 1786 locus
222 1718 358 1785 eosdem
368 1718 503 1785 effectus
513 1721 633 1800 trahat,
648 1740 686 1786 ac
701 1722 727 1787 si
741 1720 829 1787 foret
842 1739 955 1787 earum
968 1721 1101 1804 proprie
1112 1720 1237 1787 dictum

113 1833 325 1901 habitationis
337 1835 547 1902 domicilium.
561 1837 610 1903 De
624 1836 810 1922 hujusmodi
821 1836 941 1902 fictitiis
952 1835 1120 1901 domiciliis
1134 1838 1237 1905 relate

112 1949 155 2016 ad
171 1952 432 2035 competentiam
444 1952 519 2030 fori,
534 1972 620 2018 nunc
635 1960 685 2018 est
700 1952 846 2019 breviter
861 1951 1099 2019 disserendum.

159 2071 194 2131 1ο
217 2068 270 2132 De
286 2066 451 2133 domicilio
465 2067 580 2135 fictitio
594 2069 704 2135 uxoris
718 2076 754 2133 ct
768 2068 887 2134 uiduae.
913 2106 959 2118 -
984 2093 999 2129 c
1026 2070 1157 2134 Uxor...
1175 2068 1236 2134 do·

115 2182 302 2249 «micilium
322 2191 358 2248 ct
374 2183 483 2250 forum
496 2185 604 2250 mariti
627 2184 775 2264 sortitur,
800 2185 995 2270 ubicumque
1010 2187 1080 2269 ipsa
1092 2185 1242 2271 habitet3.

113 2297 245 2383 «idque
269 2298 369 2364 etiam
391 2298 550 2367 defuncto
572 2301 689 2367 marito
707 2303 830 2367 retinet
851 2301 1007 2386 quamdiu
1024 2303 1057 2367 iu
1077 2301 1242 2370 viduitate

113 2415 359 2497 «permanserit
374 2415 459 2502 (lege
486 2416 585 2497 finali,
614 2438 643 2483 6.
668 2422 706 2483 de
721 2421 849 2499 incolis·
871 2454 916 2469 -
935 2419 1010 2503 lege
1023 2419 1123 2498 finali,
1141 2418 1174 2485 li.
1191 2425 1234 2485 cd

113 2535 310 2613 cmuoimp.;
331 2566 378 2624 e-
394 2532 469 2616 lege
490 2535 597 2612 unica,
630 2553 659 2599 c.
690 2537 728 2598 de
756 2533 893 2620 Mulier.)
920 2534 1141 2620 Proceditque
1172 2536 1233 2604 boc

112 2644 254 2733 «quoad
269 2648 393 2728 omnia3
406 2650 451 2714 ita
464 2656 503 2714 ut
515 2648 573 2714 fiat
587 2669 666 2715 vere
683 2650 761 2714 civis
772 2649 844 2735 ejus
856 2651 947 2716 urbis
964 2650 1057 2736 cujus
1069 2660 1120 2719 est
1131 2654 1192 2719 vir.
1213 2685 1227 2711 »ι

111 2762 158 2830 lta
171 2762 469 2847 Scbmalzgrueber
488 2764 543 2851 (in
560 2765 612 2830 tit.
630 2768 662 2840 2,
680 2765 756 2831 libri
771 2768 791 2830 ‘2
808 2765 949 2846 decret,
967 2788 1000 2832 n.
1021 2766 1087 2853 14).
1105 2769 1153 2834 Ex
1168 2789 1240 2855 qna.

107 2877 187 2963 juris
205 2879 344 2945 Romani
362 2879 571 2962 dispositione
589 2879 715 2968 (utpote
734 2899 805 2966 quae
821 2881 942 2967 injure
958 2883 1055 2948 etiam
1077 2886 1231 2951 canonico

109 2996 220 3062 valere
245 2994 437 3061 aestimenda
452 2992 517 3079 sit),
533 2997 683 3081 sequitur
701 3017 838 3062 uxorem
852 2999 906 3063 vel
918 2997 1060 3078 viduam,
1079 3001 1140 3065 etsi
1155 3001 1231 3067 alibi

109 3119 344 3191 commoretur,
362 3131 533 3178 remanere
547 3121 659 3179 tamen
673 3113 856 3199 subjectum
866 3114 1085 3200 jurisdictioni
1100 3117 1232 3200 Episco-

106 3231 147 3314 pi,
160 3230 199 3294 in
215 3227 312 3313 cujus
325 3226 459 3293 dioecesi
473 3237 564 3294 extat
578 3231 687 3296 mariti
706 3230 916 3296 domicilium.
940 3234 1010 3299 Hoc
1034 3242 1146 3300 tamen
1164 3255 1230 3302 non

104 3343 247 3430 16666116
265 3345 343 3428 quin
362 3343 492 3422 eadem,
518 3347 545 3410 si
566 3346 643 3411 alibi
671 3353 893 3413 commoretur
916 3369 991 3415 cum
1015 3353 1181 3435 proposito
1195 3354 1229 3419 iu

100 3467 308 3545 perpetuum
320 3459 374 3524 vel
386 3477 447 3542 per
457 3460 634 3527 notabilem
645 3463 719 3526 anui
728 3471 856 3546 partem
865 3466 1066 3545 remanendi,
1076 3467 1122 3533 ibi
1131 3470 1229 3535 etiem

98 3573 307 3644 domicilium
325 3556 381 3639 uel
398 3575 702 3660 quasidomicibum
725 3581 871 3664 acquirat
891 3599 898 3643 :
918 3580 992 3662 Quo
1011 3602 1088 3648 casu
1101 3585 1140 3650 iis
1152 3601 1230 3668 per-

96 3692 192 3761 conis
216 3689 464 3757 annumeranda
487 3693 550 3757 erit
572 3711 643 3778 quae
665 3692 788 3777 duplex
808 3696 931 3762 habent
953 3696 1169 3779 domicilium,
1194 3711 1230 3768 et

95 3811 233 3877 ratione
246 3807 419 3892 utriusque
434 3807 557 3891 duplici
572 3809 744 3875 Ordinario
762 3813 916 3896 subsunt3
933 3815 979 3879 ita
992 3823 1030 3880 ut
1044 3816 1131 3883 inter
1146 3816 1228 3885 duos

95 3926 174 3992 illos
193 3921 387 3990 ordinarios
403 3924 495 3989 locus
510 3925 551 3989 sit
566 3927 790 4008 praeventioni.
812 3929 859 3993 Ex
875 3947 940 4014 quo
956 3932 1115 4015 sequitur,
1133 3933 1231 4001 verbi

95 4042 222 4129 gratim
241 4037 376 4107 uiduam
394 4038 438 4105 ad
456 4040 576 4105 alteras
590 4042 719 4123 nuptias
734 4044 972 4124 convolantem,
998 4065 1091 4129 posse
1117 4050 1229 4114 matri·

95 4157 215 4226 monio
231 4153 387 4239 conjungi
396 4155 438 4221 ab
454 4155 625 4222 Ordinatio
644 4156 798 4224 domicilii
810 4160 919 4226 mariti
933 4161 1093 4243 defuncti,
1113 4182 1226 4249 quam-

95 4269 436 4341 visinaliadioecesi
450 4271 647 4338 domicilium
661 4275 731 4357 ipsa
740 4274 802 4340 sibi
816 4277 1035 4360 acquisiverit.
1229 4350 1235 4356 ,

112 4441 118 4468 ,
144 4391 181 4473 23
206 4390 258 4454 De
268 4386 531 4457 domiciliofioto
543 4389 779 4472 religiosorum.
797 4394 1105 4469 -AEstcommunis
1117 4396 1234 4493 decipe
