2714 4980
501 294 581 342 enus
604 293 716 341 PRMA.
1125 285 1169 347 35

55 430 221 505 anpuntur,
238 426 291 503 qui
314 423 444 484 aliorum
468 421 558 483 utatis
581 421 779 500 delectantur,
798 438 835 483 nc
849 420 942 500 fidem
955 424 1169 492 eistetentis:

55 546 126 622 quin
137 545 241 622 potius
252 541 403 603 obseruate
418 557 466 600 aas
480 557 547 600 cum
563 539 637 618 quid
651 539 689 600 ab
706 542 780 618 ipsis
790 543 894 601 contra
908 541 1020 619 iratres
1030 545 1146 607 auditis
1152 565 1170 625 ,·

56 663 124 738 puio
136 677 236 721 necem
254 657 421 739 pronihilo
440 657 572 735 dabent,·
583 662 613 717 et
626 657 679 718 ubi
700 662 964 738 nemosnpioacar
972 664 1172 741 prosternunt

56 778 213 842 hominem.
234 782 279 841 Ta
290 778 549 858 ipiturconsidera
563 795 629 838 eum
645 780 696 856 qui
710 783 928 857 accasatusest,
943 784 1093 860 sapienter
1102 786 1171 845 ani-

56 897 243 959 madvertens
257 914 322 976 queo
335 898 398 976 cjm
409 899 475 958 uita
492 899 533 956 sit
547 899 576 956 et
587 895 686 974 quadis
696 915 713 972 ,·
728 899 757 956 et
771 899 798 954 si
812 899 956 974 repermis
970 905 1170 961 accusatorem

57 1016 150 1078 diem
164 1033 280 1094 uerum,
299 1015 348 1094 [aa
357 1019 393 1075 ut
403 1015 549 1076 Dominus
559 1013 730 1091 fodendum
740 1030 801 1073 esse
816 1013 916 1076 docuit
926 1033 937 1075 .·
948 1020 1071 1079 conveni
1085 1035 1171 1080 accu

58 1137 153 1195 sotum
164 1149 307 1210 seorsum,
323 1137 353 1193 et
363 1149 456 1210 arpue
473 1149 540 1193 eum
554 1134 670 1193 nemine
687 1136 843 1211 praesenta,
865 1136 900 1193 ut
917 1150 983 1194 eam
997 1137 1142 1214 peniteat
1159 1153 1169 1198 .·

59 1253 102 1312 sin
122 1254 225 1312 autem
242 1267 302 1311 non
317 1252 470 1329 parturit,
492 1247 628 1311 adhibito
642 1265 701 1310 uno
718 1253 773 1310 ant
793 1248 900 1328 attero,
919 1249 1022 1312 indica
1038 1255 1067 1312 ai
1087 1270 1181 1314 erra-1

61 1373 160 1430 tum...
182 1370 240 1431 Sin
250 1368 361 1447 aliquis
374 1368 469 1430 durus
485 1366 706 1446 obstinatusque
719 1370 790 1444 crit,
812 1367 862 1429 dic
881 1367 1020 1430 Ecclesia
1030 1387 1041 1430 .·
1051 1367 1127 1432 dano
1144 1375 1172 1432 si

60 1488 275 1566 conternpserit,
289 1503 382 1564 nequa
396 1485 504 1546 audire
517 1484 658 1560 volucrit,
682 1486 724 1544 sit
740 1483 795 1545 tibi
808 1489 843 1546 ut
861 1483 995 1546 etinieas
1013 1491 1043 1547 et
1066 1486 1172 1567 prodii·

61 1619 157 1680 canus,
171 1607 201 1664 et
212 1619 250 1664 nc
260 1602 377 1663 eumad
386 1602 549 1663 Ecclesiam
558 1606 699 1680 tanquam
706 1598 904 1664 christianum
912 1603 1070 1682 admittas,
1081 1607 1172 1665 immo

62 1724 199 1800 tonandam
208 1719 403 1800 publicanum
420 1719 522 1781 deuito
535 1715 569 1802 (l.
590 1717 621 1796 2,
639 1733 668 1780 c.
690 1718 731 1780 37
748 1713 860 1801 et38).

98 1837 187 1916 Quod
202 1840 231 1897 si
243 1825 355 1898 delatio
369 1837 450 1915 falsa
465 1839 517 1913 sit,
544 1840 574 1896 et
592 1853 644 1896 uos
658 1839 796 1915 pastores
810 1854 876 1896 cum
892 1837 1028 1899 diaconis
1048 1840 1173 1903 menda·

61 1957 131 2016 dum
147 1959 293 2033 tanquam
307 1957 464 2022 ueritatem
483 1952 618 2032 ampiecti
630 1953 808 2032 fueritis...,
828 1958 917 2032 atque
940 1958 986 2014 ita
1003 1961 1174 2019 moncatum

61 2071 185 2150 quidun
203 2070 257 2132 sed
279 2088 298 2131 a
319 2073 443 2132 crimine
462 2070 594 2131 alienum
610 2087 650 2130 ecc
663 2069 795 2131 Ecclesia
815 2070 1004 2149 eapcciemtis,
1026 2077 1186 2135 rationem

62 2187 188 2249 reddetis
197 2190 231 2248 in
242 2186 291 2249 dic
301 2189 464 2249 Domini...
483 2187 566 2266 Erpa
575 2190 603 2248 si
614 2186 721 2266 absque
734 2204 933 2266 personarum
949 2191 1173 2271 acceptionejn-

62 2303 244 2383 dicaveritis,
273 2307 451 2384 capnoscetis
478 2320 544 2365 eum
561 2307 613 2382 qui
626 2305 802 2383 proximum
817 2321 903 2365 saum
917 2322 974 2384 par
993 2305 1175 2369 calumniam

61 2421 207 2483 mendacis
224 2424 388 2483 testimonii
403 2423 555 2482 accusauit
578 2425 617 2482 'ct
630 2420 791 2482 ostendetis
812 2438 878 2481 eum
899 2439 961 2482 csse
976 2422 1174 2486 calumniato-

63 2555 131 2616 rem,
154 2536 305 2616 indidem,
330 2539 560 2617 interfectorem,
586 2537 677 2598 dietis
697 2541 760 2598 suis
783 2541 979 2616 contrarium,
998 2545 1028 2600 et
1043 2545 1105 2601 oris
1125 2544 1174 2602 sui

61 2653 153 2714 urbis
172 2656 334 2732 captum...
353 2654 446 2730 Quom
469 2657 514 2728 tu,
529 2656 688 2732 postquam
702 2651 824 2731 salsitas
839 2657 1000 2715 testimonii
1019 2657 1082 2735 ejus
1104 2672 1174 2718 con-

62 2773 137 2830 victo
154 2770 260 2848 fuerit,
273 2769 382 2850 judica
405 2769 514 2848 ripide,
533 2774 563 2830 et
577 2768 680 2848 plodio
703 2772 784 2848 ipnis
803 2770 900 2847 trade,
918 2771 1024 2850 facque
1047 2775 1075 2832 ei
1095 2771 1175 2852 quod

61 2889 117 2965 ipse
125 2890 271 2968 monimo
291 2905 344 2948 suo
364 2886 505 2948 scelerate
518 2885 707 2948 machinatus
726 2892 771 2947 est
791 2884 859 2971 (lib.
882 2889 913 2965 2,
933 2906 962 2951 c.
980 2885 1048 2972 42).
1068 2891 1174 2971 Itopnre

60 3007 124 3084 ejice
142 3009 210 3066 edm
226 3023 266 3067 coc
276 3004 408 3066 Ecclesia
424 3009 566 3083 tauquam
581 3005 691 3083 fratris
705 3005 923 3084 interfectorem
937 3023 948 3065 .·
963 3006 1071 3068 deiude
1082 3010 1175 3070 iuter·

60 3124 135 3186 catio
154 3127 296 3204 temporis
309 3125 474 3204 interjecto,
493 3126 521 3183 si
536 3123 651 3184 dicerit
658 3125 803 3201 penitere
816 3140 857 3201 se,
877 3127 1006 3202 premite
1019 3143 1086 3186 eum
1094 3128 1174 3207 jeju-

58 3243 155 3304 uiis...
170 3235 277 3324 (ibid,
295 3255 366 3320 cap.
383 3233 451 3320 43).
475 3240 522 3302 Ne
544 3242 640 3318 ipitur
656 3238 885 3318 disceptationes
907 3245 1023 3302 uestras
1046 3244 1173 3322 pontons

58 3360 240 3436 capnoseant,
258 3372 351 3434 neque
364 3354 578 3418 addicendum
597 3359 703 3416 contra
716 3373 768 3416 oos
788 3359 990 3419 testimonium
1008 3337 1173 3423 adhibeam

59 3476 114 3550 tur,
135 3491 230 3553 noque
249 3471 287 3534 ab
312 3476 355 3533 eis
367 3473 590 3553 judicemini...
606 3474 642 3536 Sc'
660 3491 729 3534 vero
746 3474 859 3553 fratres
877 3474 1036 3539 habuerint
1054 3478 1173 3558 aliquid
1225 3472 1227 3476 ⁴

56 3589 131 3652 dim
143 3590 455 3668 aduersus‘aiium...,
473 3593 525 3668 qui
540 3594 689 3651 conuictus
698 3591 802 3669 suerii,
820 3592 1004 3673 objurpetm,
1017 3597 1166 3676 ejiciatur,

56 3711 81 3768 et
93 3723 200 3786 poenas
216 3707 280 3768 odii
295 3707 426 3785 fraterni
440 3705 505 3767 tuat
514 3727 530 3783 ,·
545 3707 653 3767 deinde
664 3710 692 3767 si
703 3725 770 3768 eum
778 3712 1086 3789 peccotipoenituerit,
1096 3717 1173 3775 reai-

52 3827 180 3903 piatur,
198 3828 288 3903 atquc
312 3828 358 3886 ita
376 3814 518 3904 castipati
544 3824 677 3886 tribunat
700 3831 833 3887 oestrum
855 3827 1029 3890 alienabunt
1051 3826 1167 3913 (ibid,

55 3958 81 4004 c.
99 3937 169 4024 46).
187 3945 280 4004 Fiant
288 3941 409 4022 judicia
425 3947 525 4004 uestra
541 3943 669 4004 secunda
684 3944 774 4022 feria,
791 3949 827 4005 ut
835 3949 863 4005 si
876 3947 970 4026 fucrit
982 3946 1171 4011 discessuma

54 4063 212 4137 sententia,
226 4062 351 4139 possitis
366 4059 559 4138 tiberiusque
581 4059 623 4121 ad
647 4060 802 4122 sabbatum
815 4062 920 4124 sedare
938 4067 1170 4128 controuersiam

54 4183 82 4238 et
90 4175 259 4260 pacificare
272 4176 470 4256 disceptantes
488 4181 522 4238 in
534 4176 614 4238 diem
630 4178 821 4240 dominicum.
838 4179 991 4244 Assistant
1008 4189 1108 4246 cutem
1116 4189 1171 4267 ja-

51 4296 131 4358 dicio
148 4295 271 4357 diaconi
286 4294 504 4375 etpresbyteri,
522 4299 574 4374 qui
586 4299 665 4357 eitra
678 4298 875 4373 acceptionem
887 4313 1087 4375 personarum
1103 4307 1171 4367 tarc-

50 4432 142 4494 qnano
155 4412 290 4477 munies
305 4414 594 4494 Dcijustejudiccnt.
612 4416 688 4477 Cum
696 4418 792 4494 icitur
802 4421 929 4496 utraque
936 4406 1078 4500 persono,
1093 4426 1170 4486 siout
