2714 4980
115 334 156 397 tt
458 345 646 397 1111111111
668 348 712 396 11
733 346 884 400 runicus.

114 476 177 543 ool.
202 473 297 560 1929)
318 496 362 542 :.«
380 475 412 541 Is
428 471 473 563 (1)
493 473 654 540 hostiliter
675 473 850 541 Ecclesiam
867 473 1053 554 insectatus
1075 482 1111 543 et
1126 483 1232 542 terre-

118 619 133 648 «
147 593 197 658 nis
211 590 410 677 principibus
430 591 527 674 impie
560 589 771 674 applaudens,
800 610 930 658 omnem
952 592 1095 677 praelatis
1119 589 1233 658 adimit

119 737 133 765 a
147 704 344 776 exteriorem
359 707 628 793 jurisdictionem,
647 726 684 773 ea
705 706 875 774 dumtaxat
890 717 1036 793 excepta,
1057 727 1156 795 quam
1174 727 1233 774 sae·

118 856 133 884 «
147 827 265 894 cularis
277 826 414 911 largitus
427 826 529 891 fuerit
543 826 762 910 magistratus.
778 855 792 882 »

160 943 338 1008 Concilium
358 943 588 1008 Cameracense
606 942 680 1007 anni
698 944 783 1008 1565
807 941 907 1030 (apud
931 942 1052 1023 Labbe,
1073 950 1153 1009 tom.
1174 946 1230 1024 20,

114 1060 177 1126 col.
206 1059 303 1143 1411,
316 1097 319 1101 ν
332 1058 433 1125 editio
456 1055 586 1142 Venet.)
605 1080 612 1124 :
633 1057 748 1124 «Nihil
776 1058 996 1125 dubitandum
1017 1066 1078 1138 est,
1106 1059 1235 1143 duplex

118 1204 134 1232 α
149 1195 219 1244 esse
233 1175 342 1243 iorum
355 1175 619 1253 ecclesiasticum,
642 1194 661 1239 a
679 1174 807 1241 Christo
825 1177 954 1243 nomine
976 1176 1116 1242 clavium
1139 1175 1235 1242 nobis

119 1321 135 1349 α
146 1292 345 1359 insinuatum
362 1313 370 1358 ε
388 1292 526 1357 alterum
540 1293 736 1359 sacramenti
746 1291 957 1376 poenitentiae,
977 1290 1066 1376 quod
1080 1291 1124 1357 ad
1139 1309 1237 1357 cons·

119 1437 134 1466 «
147 1410 299 1476 cientiam
322 1418 459 1493 spectat,
488 1411 604 1495 inquo
623 1410 709 1475 Reus
734 1409 861 1475 nonnisi
883 1429 925 1474 ex
947 1408 1081 1492 propria
1106 1407 1236 1474 confes·

119 1555 135 1584 α
149 1528 237 1594 sione
252 1527 391 1593 solvitur
403 1535 436 1593 et
448 1528 569 1612 ligatur
589 1548 596 1592 :
613 1526 754 1591 alterum
766 1544 846 1591 vero
856 1523 1089 1610 jurisdictionis
1098 1532 1134 1590 et
1145 1525 1237 1608 regi·

119 1673 134 1701 «
148 1645 243 1710 minis
251 1645 392 1723 externi,
403 1645 437 1709 in
446 1664 511 1730 quo
523 1645 621 1723 Reus,
630 1664 695 1710 non
705 1643 809 1709 solum
820 1662 862 1709 ex
872 1646 1003 1726 propria
1012 1641 1235 1722 confessione,

120 1790 136 1818 ι
150 1761 319 1829 sedetiam
336 1781 398 1846 per
415 1769 516 1828 testes
534 1763 738 1827 convincitur
751 1758 971 1845 abjudicatur.
989 1788 1003 1815 u

159 1878 251 1945 Anno
276 1881 373 1958 1617,
397 1877 453 1945 die
482 1881 521 1943 15
545 1876 740 1956 decembris,
764 1878 805 1943 ab
828 1876 1040 1942 universitate
1062 1875 1237 1960 parisiensi

116 1995 266 2062 damnata
279 2003 329 2061 est
342 1994 492 2081 quasdam
500 1995 680 2080 propositio
689 1995 788 2060 Marci
799 1994 930 2060 Antonii
944 1992 987 2059 de
997 1993 1144 2058 Dominis
1157 2013 1236 2059 eum

116 2111 349 2179 hacconsura:
375 2116 448 2177 lloec
467 2118 645 2194 propositio,
669 2133 728 2194 quo
741 2119 830 2194 purte
847 2131 949 2175 oerum
970 2113 1230 2194 jurisdictionem,

114 2230 150 2293 id
174 2236 219 2292 est
241 2234 304 2291 uim
327 2235 489 2293 coactivum
516 2237 546 2292 et
571 2231 777 2312 subjectiorem
805 2235 960 2292 cateruam
983 2228 1123 2292 Ecclesiae
1147 2230 1245 2292 deue-

115 2351 180 2426 911,
196 2350 240 2407 est
254 2345 393 2408 haeretico
407 2351 437 2408 et
451 2350 545 2415 totius
555 2348 671 2409 ordinis
684 2346 862 2408 hierarchici
873 2347 1097 2427 perturbativa.

160 2459 358 2526 Exhibendae
375 2479 461 2526 nunc
475 2461 654 2539 sententiae,
670 2479 740 2546 quae
758 2467 874 2544 utpote
889 2461 931 2527 ab
945 2459 1129 2544 Apostolica
1147 2459 1240 2529 Sede

116 2576 344 2660 pronuntiatae,
370 2575 586 2644 omnimodam
611 2576 732 2643 habent
762 2577 829 2642 vim
849 2575 1075 2644 definitionum
1099 2579 1242 2664 proprie

116 2691 288 2759 dictarum.
1225 2706 1228 2710 ·

118 2810 189 2874 -·I.
224 2809 395 2900 Damnatio
422 2810 553 2877 Marsilii
584 2809 733 2877 Patavini
760 2817 795 2876 et
822 2811 952 2878 loannis
980 2810 1139 2891 lauduni,
1175 2833 1244 2897 per

116 2924 382 2992 constitutionem
411 2930 480 2991 licet
507 2932 604 3010 juxto
628 2930 808 3008 doctrinam,
841 2927 973 2993 loannis
999 2927 1093 3011 Papae
1121 2929 1234 3009 XXII,

116 3042 291 3108 anni1327
315 3041 415 3128 (opud
430 3043 633 3121 Rainaldum,
651 3043 694 3109 ad
712 3061 831 3108 annum
852 3044 948 3121 1327,
966 3064 999 3109 n.
1019 3039 1073 3126 18)
1091 3064 1100 3109 z
1132 3119 1135 3123 ¹

166 3186 180 3212 α
204 3159 334 3241 Quinto,
359 3157 466 3224 adhuc
490 3159 545 3224 isti
568 3157 748 3242 blasphemi
767 3157 897 3238 dicum,
920 3158 1009 3244 quod
1028 3165 1097 3225 tota
1121 3160 1239 3228 Eccle-

122 3272 195 3338 «sia
218 3273 314 3340 simul
334 3273 447 3358 juncta
462 3273 588 3340 nullum
608 3275 772 3352 hominem
796 3276 912 3360 punire
932 3282 1041 3360 potest
1062 3276 1238 3359 punitione

121 3390 313 3468 «coactiva,
336 3391 396 3456 nisi
421 3391 580 3458 concedat
605 3393 667 3458 hoc
690 3393 888 3478 imperator;
909 3393 998 3478 quod
1017 3393 1130 3478 utique
1155 3393 1239 3461 doc·

121 3533 136 3562 a
149 3505 241 3571 trinae
266 3506 460 3592 evangelicae
483 3509 629 3576 noscitur
653 3511 799 3577 obviare.
826 3510 959 3575 Constat
981 3509 1079 3589 enim,
1100 3511 1194 3595 quod
1217 3534 1236 3580 a

121 3653 136 3681 α
151 3623 288 3703 Christo,
304 3625 403 3693 Petro
422 3633 456 3692 et
471 3626 504 3691 in
519 3645 659 3711 persona
680 3627 774 3693 Petri
791 3625 952 3704 Ecclesiae,
975 3633 1119 3710 potestas
1140 3647 1235 3696 coac-

121 3742 216 3808 «tiva
231 3735 395 3822 concessa,
418 3743 473 3810 vel
496 3745 611 3810 saltem
631 3743 786 3829 permissa
802 3744 932 3809 extitit:
960 3746 1168 3827 Quodcumque
1193 3749 1232 3811 lu·-

119 3867 268 3943 «puuerta
287 3870 517 3946 superterram,
542 3867 606 3928 etc.
629 3861 786 3946 Ligantur
801 3860 900 3940 enim,
919 3879 986 3926 non
998 3860 1103 3926 solum
1121 3863 1233 3930 volun·

120 3978 235 4067 «111111,
254 3977 313 4046 sed
327 3978 432 4045 1111111.
453 4007 467 4035 s

164 4123 179 4151 ι
207 4095 321 4162 Adhuc
343 4101 481 4176 constat,
508 4099 592 4163 sicut
613 4096 659 4162 ibi
688 4095 810 4179 legitur
834 4094 869 4159 in
893 4093 1061 4174 Matthaeo,
1090 4095 1181 4181 quod
1207 4099 1233 4165 si

119 4239 134 4267 α
147 4210 264 4298 aliquis
276 4211 430 4280 damnum
443 4213 540 4281 alicui
552 4204 698 4280 indebite
716 4209 859 4292 dederit,
878 4210 1024 4297 illudque
1040 4210 1084 4278 ad
1099 4214 1232 4282 manda·

150 4475 282 4541 (11111
293 4473 326 4528 tar
338 4473 368 4527 aa
380 4472 486 4526 ummo
500 4444 620 4525 amru.
