2714 4980
115 205 178 271 528
618 225 728 275 murex.

210 392 361 454 generalem?
373 426 1158 448 ........................
1182 323 1231 443 1818

179 473 284 541 Quoestic
296 479 349 527 12¹.
368 477 430 527 llum
441 477 550 527 Vicarius
569 478 693 541 generalis,
708 479 824 542 Episcopo
844 490 960 540 suspenso
978 477 1017 527 vel
1034 477 1170 539 interdicta,

209 562 246 610 sel
258 561 466 623 excommunicate,
478 561 666 624 jurisdictionem
684 575 792 612 exercere
802 561 897 624 possiti
909 596 1159 615 ........
1188 562 1234 611 339

178 641 285 710 Quustt'c
300 648 403 697 13¹..ln
416 649 520 697 recusari
539 648 616 710 possit
628 647 736 696 vicarius
757 647 878 710 generalis
901 653 1012 710 tanquam
1032 654 1170 710 suspectus,

207 732 357 794 essequod
383 733 445 783 adsit
470 733 529 783 ratio
548 733 651 794 legitima
675 731 799 782 recusandi
820 732 965 796 Episcopum
984 739 1099 796 tanquam
1120 746 1173 781 sus

209 819 318 878 pectuml
340 850 1156 870 .........................
1187 815 1234 865 319

178 896 284 964 Quoestiu
294 904 346 950 w.
354 903 413 951 Num
423 903 526 951 recusari
539 901 614 964 possit
622 902 762 964 Episcopus,
770 916 798 950 ex
810 916 838 951 eo
845 901 908 965 quod
919 901 982 951 adsit
992 902 1056 951 ratio
1066 902 1172 964 legitima

210 986 334 1035 recusandi
349 987 398 1048 ejus
411 987 529 1035 Vicarinm
540 986 672 1048 generalem
684 993 793 1049 tunquam
807 994 941 1050 suspectum
943 1020 1158 1038 .......
1187 984 1232 1034 389

179 1067 284 1134 Quoestic
299 1073 351 1120 15⁸.
375 1071 472 1129 Quando
493 1071 623 1133 Episcopus
639 1071 720 1133 plures
743 1071 861 1119 coustituit
873 1071 981 1120 vicarios
995 1071 1131 1132 generales,
1147 1084 1176 1119 au

212 1156 372 1219 unusquisque
386 1157 470 1205 habmt
487 1155 672 1218 jurisdictionem
685 1156 710 1204 in
725 1156 835 1216 solidum,
851 1163 874 1206 et
887 1156 966 1219 possit
981 1156 1035 1204 siue
1049 1156 1104 1204 aliis
1121 1169 1171 1204 eam

210 1243 333 1290 exerceret
345 1274 1157 1292 .........................
1186 1238 1229 1290 381)

143 1322 212 1386 itii.
232 1326 265 1373 lic
276 1325 402 1373 vicariatus
418 1323 533 1386 generalis
542 1331 565 1372 et
578 1323 724 1373 officialitatis
732 1325 849 1373 essentiali
863 1323 985 1372 identitate
987 1359 1157 1375 ......
1187 1321 1227 1372 381

179 1409 327 1473 Propositt'o
342 1410 374 1469 lt.
386 1410 419 1457 lle
430 1410 483 1470 jure
493 1410 618 1470 communi,
634 1409 721 1458 vicarii
738 1409 853 1470 generalis
863 1417 887 1458 et
898 1407 1004 1458 officialis
1019 1410 1119 1458 uomina
1132 1422 1172 1472 sy·

211 1508 311 1558 nonyma
324 1501 388 1557 sunt,
407 1493 500 1542 etidem
511 1493 606 1542 omnino
618 1491 719 1542 officium
731 1493 864 1555 exprimunt
877 1527 1158 1545 .........
1188 1492 1227 1542 381

178 1569 325 1644 Proposito
339 1579 383 1629 11¹.
398 1576 449 1628 Non
463 1585 540 1641 petest
550 1576 626 1627 facere
638 1578 779 1640 Episcopus,
790 1579 864 1641 utqui
878 1579 1036 1628 uoluntariam
1049 1577 1173 1626 dumtaxat

208 1664 395 1727 jurisdictionem
417 1664 479 1712 ualet
502 1676 610 1712 exercerc
633 1662 664 1711 sit
684 1676 754 1711 uerus
779 1663 887 1712 vicarius
905 1663 1023 1725 generalis
1049 1663 1074 1712 in
1097 1676 1169 1712 seusu

208 1750 269 1812 juris
275 1782 512 1798 ........
512 1762 514 1768 ·
538 1781 1157 1799 ...................
1186 1745 1200 1794 3
1201 1747 1227 1794 83

178 1833 324 1896 Propositc'o
338 1832 394 1880 111¹.
415 1833 466 1880 llon
479 1838 556 1895 potest
576 1831 652 1881 tacere
664 1832 805 1895 Episcopus,
820 1839 846 1881 ut
860 1832 900 1895 qui
914 1833 1088 1881 contentiosam
1103 1831 1172 1880 dnm-

211 1924 275 1966 taxat
284 1915 471 1978 jurisdictionem
488 1915 549 1964 ualet
561 1929 678 1976 exercerc,
691 1915 722 1964 sit
732 1929 803 1964 uerus
817 1915 920 1964 officialis
930 1916 954 1963 iu
967 1930 1041 1965 seusu
1058 1917 1132 1978 juris.
1149 1953 1156 1967 .
1184 1917 1225 1965 383

178 2001 323 2065 Prcpccttic
333 2001 385 2050 lV¹.
402 2002 481 2049 Potest
491 2000 622 2062 Episcopus
635 1999 765 2061 officialem,
778 2013 821 2049 seu
839 1999 910 2064 (quod
919 1999 982 2048 idern
996 2001 1046 2064 est)
1055 2002 1173 2051 Vicarium

212 2100 280 2135 sunm
294 2085 434 2146 generalem,
445 2086 489 2134 sub
500 2097 568 2146 poena
577 2084 740 2145 retentionis,
752 2097 799 2132 uon
813 2091 891 2133 autem
905 2085 949 2133 snb
966 2097 1038 2146 poena
1050 2086 1168 2135 nullitatis

211 2179 314 2230 actuum,
333 2183 425 2231 cogere,
448 2175 473 2216 ut
486 2169 523 2217 rel
537 2168 706 2217 contensicsam
723 2176 822 2230 tautum,
843 2169 879 2218 uel
898 2169 1058 2218 voluntariam
1078 2176 1168 2219 muium

211 2253 397 2317 jurisdictionem
411 2259 517 2302 exerceat
518 2287 1155 2305 ....................
1184 2253 1227 2301 381

179 2337 326 2402 Proposite'o
336 2339 377 2388 ll¹.
389 2337 520 2386 Discrimen
532 2336 652 2385 officialem
665 2336 757 2386 interct
766 2337 886 2386 licerium
896 2337 1042 2400 generalem,
1054 2338 1078 2386 in
1094 2339 1127 2386 iis
1137 2352 1172 2387 rc-

213 2423 322 2485 gionibus
334 2422 359 2470 iu
376 2422 462 2484 quihus
474 2421 578 2470 duchac
587 2420 661 2469 efficia
672 2420 858 2484 distinguuntur,
873 2435 918 2470 non
927 2422 1036 2483 prouenit
1049 2436 1078 2472 ex
1091 2422 1169 2471 diuer-

126 2564 129 2571 ,
214 2521 240 2556 sa
253 2519 334 2555 eorum
346 2505 518 2568 jurisdictione,
529 2504 569 2554 sed
579 2519 607 2554 ex
618 2512 733 2567 precepto
749 2505 875 2568 Episcopi,
888 2513 915 2554 ut
925 2519 986 2555 unus
1000 2507 1170 2569 voluntariam,

213 2591 272 2639 elter
285 2591 452 2639 contentiosam
462 2589 581 2638 dumtaxat
594 2588 779 2652 jurisdictionem
790 2597 898 2638 exerceat
910 2623 1157 2643 ........
1183 2591 1227 2640 381

180 2674 325 2738 Proposite'u
345 2675 399 2724 Vl¹.
427 2676 454 2723 In
468 2674 569 2723 formula
583 2673 738 2737 deputationis
752 2674 841 2723 vicarii
865 2674 981 2737 generalis
996 2676 1035 2725 rel
1053 2677 1170 2739 officialis,

214 2761 283 2810 dehet
294 2773 403 2822 expresse
419 2760 456 2808 uel
469 2759 633 2821 equivaleuter
645 2758 692 2807 dici
704 2772 757 2808 eum
771 2757 879 2821 deputari
890 2758 920 2807 ad
929 2760 1086 2810 exercendam
1094 2776 1170 2827 geue·

213 2845 306 2895 rutiles·
315 2842 502 2905 jurisdictionem
516 2842 625 2905 Episcopi
639 2876 1153 2898 ................
1181 2847 1224 2895 381

114 2932 182 2980 citt.
193 2930 237 2979 111.
248 2931 282 2978 lle
293 2926 454 2976 constituendo
466 2927 560 2975 vicario
576 2927 679 2988 generali
685 2961 1156 2984 ...............
1185 2931 1227 2980 381

150 3014 162 3078 ς
176 3015 197 3062 1.
210 3014 269 3071 Quis
280 3012 355 3061 ualeat
367 3012 475 3060 Vicnrius
490 3011 605 3073 generalis
626 3012 745 3074 constitui,
763 3027 806 3063 seu
821 3010 850 3062 de
868 3013 989 3078 requisitis
1002 3013 1032 3062 ad
1052 3015 1168 3077 ejusmodi

180 3098 280 3147 officium
293 3097 445 3159 qualitatihus
453 3132 1154 3156 ......................
1183 3101 1228 3150 388

183 3181 288 3247 Quoestio
300 3186 335 3232 1¹.
349 3185 385 3231 nn
399 3189 422 3230 et
433 3189 545 3244 quatenus
557 3182 690 3244 requiratur
701 3191 728 3232 nt
736 3185 767 3233 sit
780 3185 878 3235 clericus
883 3219 1154 3238 .........
1182 3186 1228 3234 388

182 3266 288 3331 Quoestic
299 3270 335 3316 2¹.
352 3268 461 3325 Quaenam
476 3267 500 3316 in
512 3268 605 3316 Vicario
620 3267 721 3330 generali
743 3270 876 3331 requiratur
888 3276 943 3318 aetus
949 3302 1153 3321 .......
1182 3270 1228 3318 389

183 3349 289 3415 Quaestio
302 3352 339 3402 3¹.
353 3351 389 3398 ln
400 3352 475 3412 pessit
494 3365 545 3401 esse
560 3353 666 3403 vicarius
679 3352 794 3416 generalis
809 3353 850 3416 qui
873 3360 940 3402 ortus
953 3366 1000 3402 non
1022 3361 1062 3404 est
1074 3367 1104 3404 ex
1117 3369 1167 3405 ms·

212 3436 321 3485 trimonic
341 3434 444 3496 legitimo
450 3471 1155 3494 ......................
1182 3441 1230 3490 389

182 3518 287 3585 Quaestic
304 3522 341 3568 ⁴¹.
356 3521 440 3570 Utrum
452 3522 560 3571 vicarias
573 3523 688 3585 generalis
702 3521 785 3572 debeat
797 3536 849 3572 esse
860 3522 951 3580 doctor,
966 3531 991 3572 et
1000 3524 1026 3573 iu
1040 3525 1168 3589 quatacul·

214 3612 260 3654 tate
274 3639 1155 3664 ...........................
1183 3611 1231 3662 390
1256 3623 1259 3630 ·

181 3690 287 3757 Quoesta'u
301 3695 337 3742 5¹.
353 3695 389 3742 ln
402 3692 505 3754 religiosi
519 3693 610 3756 possint
623 3707 675 3742 csse
689 3693 776 3743 Vicarii
797 3695 918 3755 generales
934 3694 1084 3759 Episcopi..
1113 3731 1121 3747 .
1147 3731 1154 3746 .
1183 3696 1228 3744 391

181 3775 288 3842 Quoestiu
302 3779 338 3827 6¹.
352 3779 388 3826 ln
401 3778 519 3839 parochus
532 3777 671 3840 pcssitcsse
685 3778 756 3827 simul
772 3779 881 3829 Vicarius
896 3781 1051 3842 generalis..
1078 3815 1085 3830 .
1112 3816 1121 3831 .
1147 3817 1155 3833 .
1183 3779 1231 3829 394

79 3913 85 3924 ,
126 3892 130 3897 -
181 3863 288 3931 Quaestio
314 3867 351 3912 ⁸1¹.
373 3864 409 3911 lu
433 3863 566 3925 Episcopus
594 3877 646 3913 esse
673 3864 748 3926 possit
776 3864 873 3914 alterius
909 3864 1019 3929 Episcopi
1049 3865 1168 3928 generalis

213 3948 321 3998 Vicarius
341 3982 1155 4003 .........................
1183 3950 1231 3999 393

181 4033 287 4099 Quaestio
313 4034 349 4083 8¹.
369 4033 406 4082 lln
418 4032 526 4081 Vicarins
539 4033 654 4095 generalis
674 4045 726 4082 csse
747 4034 823 4096 possit
835 4047 908 4096 nepos
928 4034 1039 4097 Episcopi
1056 4030 1093 4084 sel
1116 4035 1167 4097 cius

214 4120 285 4169 irater
287 4151 1152 4171 ...........................
1183 4119 1232 4168 393

182 4201 289 4268 Quoestt'o
313 4203 351 4252 9¹.
377 4204 413 4254 Aa
433 4201 575 4265 originarius
596 4201 704 4252 dioecesis
726 4202 762 4251 ccl
785 4201 886 4252 ciuitatis
900 4200 976 4266 possit
994 4216 1047 4254 esse
1057 4203 1168 4254 vicarius

214 4288 330 4351 generalis
341 4321 1153 4342 .........................
1182 4288 1232 4338 398
