2714 4980
125 268 190 333 432
483 284 670 332 naimarus
691 285 735 331 nn
756 282 908 332 romeus.

125 426 186 491 per
206 406 359 490 Papalem
384 404 543 492 ejusmodi
557 407 807 493 delegationem,
824 407 1019 473 industriam
1041 402 1236 489 personalem

123 521 284 609 Episcopi)
301 524 444 607 rigorose
463 523 595 608 probari
608 526 732 611 nequit.
754 524 886 590 Sublata
899 531 1011 589 autem
1030 521 1093 589 hac
1107 521 1236 598 ratione,

123 639 201 705 nibil
223 639 331 705 obstat
354 640 433 725 quin
452 641 552 723 possit
575 640 752 724 Episcopus
770 639 873 707 dietas
902 659 1016 704 causas
1041 639 1171 705 vicario
1188 656 1239 703 suo

125 753 351 838 subdelegare.

124 934 126 939 .
169 871 321 953 Quctsrro
337 874 404 937 21‘.
420 909 466 921 -
476 875 598 937 Arriae
610 875 733 954 speciali
747 874 890 936 mandato
903 877 1001 954 possit
1020 874 1126 936 aalide
1142 878 1240 935 matri·

124 996 233 1055 montis
244 993 405 1053 assistere?
417 985 544 1055 -Jam
562 988 762 1055 ostendimus
779 1001 878 1075 supra
895 989 1010 1077 (capite
1030 987 1063 1067 2,
1079 994 1095 1068 §
1113 992 1146 1068 2,
1165 1008 1196 1073 q.
1210 991 1237 1066 2,

124 1125 157 1170 n.
190 1103 222 1191 3)
253 1103 476 1171 affirmativam
504 1106 697 1171 sententiam
721 1113 814 1171 extra
839 1124 968 1173 omnem
991 1106 1240 1184 controversiam

124 1221 232 1300 ivisse,
256 1240 317 1305 per
338 1222 533 1305 multiplices
553 1219 599 1286 ibi
627 1229 821 1287 memoratas
849 1223 950 1287 Sacrae
980 1222 1240 1306 congregationis

125 1339 258 1406 Consilii
283 1337 532 1404 declarationes.
562 1336 751 1405 Tenendum
774 1357 891 1423 nempe
917 1347 1074 1424 tanquam
1106 1347 1236 1419 certum,

127 1457 159 1519 1ο
175 1473 269 1539 posse
289 1455 452 1520 Vioarium
468 1454 662 1538 generalem,
681 1452 865 1538 perindeac
880 1453 1072 1538 parochum,
1084 1459 1240 1522 matrimo

122 1571 183 1636 niis
197 1568 303 1637 valide
323 1570 470 1635 assistere
489 1569 611 1655 absque
637 1571 704 1634 ulla
722 1571 854 1656 speciali
884 1570 1037 1655 Episcopi
1066 1569 1237 1655 facultate;

122 1687 157 1750 2⁰
170 1685 207 1751 id
224 1705 318 1769 posse
341 1685 506 1751 Vicarium
530 1685 731 1771 generalem,
760 1686 884 1751 etiamsi
912 1704 978 1750 non
1002 1686 1047 1750 sit
1076 1687 1237 1771 sacerdos

122 1802 157 1865 3⁰
169 1801 269 1866 Posse
285 1798 448 1878 eumdem,
464 1801 531 1865 sive
550 1800 703 1866 sacerdos
716 1802 757 1867 sit
768 1800 837 1866 sive
853 1821 929 1880 non,
942 1801 1040 1867 alteri
1055 1802 1238 1868 facultatem

106 1914 231 1982 -facere
247 1915 418 1983 assistendi
433 1915 539 1983 valide
558 1917 780 1995 matrimoniis,
795 1916 892 1982 modo
914 1918 975 1983 iste
991 1918 1078 1984 alter
1096 1918 1237 1985 sacerdos

120 2031 172 2098 sit.
198 2032 293 2097 Ratio
313 2039 422 2097 autem
444 2031 561 2097 borum
588 2040 648 2111 est,
674 2031 763 2117 quod
776 2032 924 2099 vicarius
949 2033 1115 2118 generalis
1144 2056 1161 2096 a
1184 2053 1237 2099 non

123 2169 140 2210 a
157 2148 262 2212 minus
273 2147 315 2212 sit
324 2145 513 2212 Ordinarius
522 2166 619 2231 quam
633 2147 804 2231 parochus,
817 2157 970 2233 respectu
980 2151 1131 2215 omnium
1143 2148 1237 2216 subdi·

123 2285 140 2326 a
155 2269 265 2329 torum
279 2261 429 2329 omnibus
443 2263 592 2345 parochis
600 2261 758 2342 dioecesis,
778 2272 812 2329 et
829 2282 895 2329 non
907 2265 1013 2330 minus
1028 2267 1071 2331 sit
1085 2265 1235 2349 parochus

122 2401 139 2441 a
158 2378 374 2462 parochorum
393 2396 490 2463 quam
508 2379 701 2463 Episcopus
721 2401 737 2439 a
763 2386 801 2444 ut
824 2378 903 2445 dicit
925 2380 1111 2446 Leurenius
1127 2381 1175 2469 (de
1193 2386 1234 2446 Vi

120 2500 212 2558 cartis
235 2498 350 2577 Epise,
370 2512 441 2578 cap.
460 2496 492 2572 3,
514 2511 546 2578 q.
565 2491 638 2579 162)
664 2515 671 2559 :
693 2493 832 2562 Aliunde
857 2502 967 2561 autem
992 2515 1036 2560 ex
1054 2497 1234 2563 Tridentina

120 2609 263 2696 synodo,
278 2606 386 2677 valida
403 2608 606 2677 matrimonia
625 2618 700 2675 sunt
727 2629 798 2695 qua
818 2610 1029 2678 celebrantur
1047 2636 1065 2676 a
1082 2620 1232 2698 praesente

13 2776 19 2785 ,
123 2727 294 2812 «parocho
310 2726 362 2791 vel
379 2730 441 2790 olto
470 2729 631 2807 sacerdote,
659 2725 701 2791 de
714 2727 814 2811 ipsius
839 2727 982 2811 parochi,
1007 2732 1059 2792 eet
1084 2734 1233 2795 ordinarii

122 2865 139 2906 «
157 2846 290 2907 lieentia.
309 2865 324 2904 a
346 2842 439 2928 (sess.
455 2843 508 2922 24,
524 2861 596 2926 cap.
620 2845 649 2921 l,
671 2846 708 2906 de
725 2846 789 2924 Ref.
806 2840 956 2928 Motrtm.)
971 2844 1005 2909 Si
1020 2846 1112 2912 enim
1129 2845 1233 2912 sufficit

119 2959 292 3043 praesentia
305 2958 438 3025 alterius
453 2957 631 3023 sacerdotis
646 2961 683 3022 de
706 2962 865 3024 ordinarit
884 2964 1018 3042 licentio,
1040 2982 1124 3048 ergo
1144 2963 1232 3031 licen

119 3077 197 3142 tiam
209 3075 292 3141 hanc
304 3074 382 3141 dare
395 3081 502 3159 potest
518 3075 662 3140 Vicarius
675 3076 848 3160 generalis,
867 3079 1063 3144 cumveniat
1073 3080 1233 3146 subnomi-

118 3192 341 3259 neOrdinarii.
349 3192 445 3275 Quod
457 3198 566 3257 autem
578 3191 782 3274 Ordinarius,
796 3194 967 3279 quipotest
975 3195 1062 3260 banc
1075 3197 1231 3264 licentiam

118 3309 213 3375 alteri
225 3309 316 3388 dare,
337 3310 438 3393 possit
454 3329 474 3374 a
489 3309 616 3375 fortiori
635 3309 704 3394 ipse
721 3308 829 3375 valide
848 3311 1061 3378 matrimoniis
1075 3315 1229 3391 assistere,

116 3444 178 3509 per
187 3444 222 3491 se
236 3431 343 3509 patet:
365 3432 400 3491 et
413 3422 489 3489 ideo
504 3422 675 3489 dumtaxat
686 3423 769 3489 illud
791 3444 856 3490 non
876 3426 1038 3509 expressit
1050 3428 1231 3495 Tridentino

116 3539 277 3626 synodus,
295 3541 370 3625 quia
379 3539 493 3604 inutile
503 3546 575 3605 erat
589 3539 826 3622 exprimeresi
838 3541 909 3625 quis
922 3560 1003 3606 vero
1021 3553 1180 3628 opponat,
1196 3562 1231 3609 ex

115 3660 185 3725 solo
199 3656 388 3725 Tridentino
398 3664 493 3722 textu
507 3675 579 3722 rem
593 3676 659 3721 non
673 3655 756 3724 adeo
771 3675 832 3740 per
847 3677 886 3723 se·
896 3666 1024 3741 patere,
1045 3680 1174 3728 morem
1182 3680 1230 3746 ge

115 3783 168 3841 rat
181 3776 364 3841 memoratis
378 3774 481 3838 Saorae
498 3772 760 3856 Congregationis
772 3773 903 3840 Concilii
915 3772 1148 3858 decisionibus
1167 3795 1228 3865 qua

115 3899 243 3957 textum
255 3891 348 3955 illum
357 3889 417 3954 hoo
436 3907 533 3954 sensu
548 3885 769 3953 declararunt.
785 3889 888 3955 Hodie
905 3890 992 3955 enim
1006 3894 1228 3976 pertinaciam

115 4009 312 4077 contrarium
323 4006 450 4073 nonnisi
462 4005 576 4088 eapitis
588 4004 792 4071 debilitatem
810 4014 976 4090 argueret.

159 4124 311 4206 Qussrto
342 4125 407 4187 22⁸.
428 4124 532 4185 -Arr
543 4127 641 4202 possit
660 4123 768 4202 absque
793 4125 917 4203 speciali
937 4127 1084 4190 amadato
1110 4131 1227 4192 υίείιανε

114 4246 306 4320 monasteria,
324 4241 498 4321 hospitalia,
516 4241 636 4319 aliaque
655 4240 718 4301 loeo
727 4243 785 4321 pio
797 4259 804 4303 :
818 4245 890 4301 item
900 4243 1051 4305 Ecclesics
1064 4253 1222 4328 coemptas,

114 4359 286 4421 octacilius
299 4359 509 4420 diocessi—
528 4358 559 4419 1⁰
570 4353 1042 4439 Affirmativerespondendum
1060 4369 1111 4427 est
1126 4357 1225 4448 quoad
