2714 4980
564 290 642 337 etas
665 291 778 337 rurus.
1169 278 1231 339 253

118 409 336 495 expendenda
346 411 444 477 nobis
462 413 553 478 venit
567 415 712 497 questio,
726 435 768 480 an
783 414 1002 498 prorogaticui
1017 411 1117 480 detur
1129 415 1230 483 locus.

117 528 223 594 Porro
234 527 459 593 ecclesiastica
471 527 535 593 illae
550 547 652 595 causae
663 528 816 615 distingui
827 536 963 614 possunt
974 528 1008 595 in
1018 539 1234 597 sacramenta-

114 643 175 723 les,
192 663 264 729 quae
277 645 401 711 scilicet
413 654 614 712 sacramenta
628 649 817 732 respiciunt,
834 654 869 713 et
886 667 951 713 non
968 649 1230 728 sacramentales,

113 759 228 845 quales
239 766 317 825 sunt
332 779 434 825 causae
449 759 661 841 decimarum,
677 761 762 848 juris
782 770 985 847 patronatus,
1005 782 1181 831 usurarum
1196 771 1232 831 ct

113 874 277 941 similium.
295 876 367 957 Quo
380 886 573 962 praenotato,
590 880 636 944 sic
649 879 886 946 concludimus:

155 995 274 1071 Primo,
290 992 324 1056 in
339 994 442 1057 causis
460 994 682 1060 ecclesiasticis
702 994 992 1061 sacramentalibus
1007 1013 1075 1061 non
1095 1002 1230 1079 possunt

111 1105 198 1184 laici,
224 1106 345 1193 absque
364 1109 488 1192 proprii
509 1110 659 1194 Episcopi
678 1129 848 1189 consensu,
874 1108 1019 1195 judicem
1042 1129 1107 1175 non
1135 1128 1232 1176 suum

112 1218 207 1288 adire
228 1232 263 1288 et
286 1231 527 1308 competentem
552 1225 690 1292 efficere.
721 1227 779 1291 Est
805 1227 963 1291 unanimis
991 1226 1231 1291 canonistarum

114 1335 265 1405 doctrina
279 1361 288 1424 3
308 1359 405 1426 quam
417 1340 556 1425 probant
570 1342 675 1425 capite
687 1343 797 1405 Nullas
814 1341 857 1428 (3,
875 1341 964 1406 tituli
978 1344 1031 1418 29,
1046 1340 1120 1407 libri
1138 1343 1157 1406 3
1174 1338 1233 1405 de-

113 1453 311 1541 cretalium),
328 1456 362 1520 in
374 1475 439 1542 quo
449 1458 496 1522 sic
511 1456 720 1522 decernitur:
734 1459 845 1522 Nullus
858 1460 1021 1539 Episcopus
1036 1460 1164 1519 ulterius
1173 1477 1234 1539 po-

113 1571 289 1635 roclaicrtum
294 1575 435 1656 judicare
441 1581 619 1655 presumat.
639 1577 719 1639 Nam
734 1579 786 1654 qut
800 1593 865 1636 aare
884 1575 1026 1636 ordinare
1043 1593 1103 1637 eoo
1115 1570 1229 1654 potuit,

111 1679 315 1758 prejudicare
324 1686 435 1760 potest.
455 1679 542 1757 «Ibi,
563 1679 667 1763 inquit
687 1677 986 1762 Schmalzgrueber,
1005 1679 1126 1762 paritas
1143 1677 1233 1742 insti·

115 1791 253 1873 «tuitnr
267 1793 354 1859 inter
367 1793 570 1860 collationem
585 1792 736 1859 ordinum
750 1801 784 1859 et
795 1794 881 1858 inter
896 1812 1065 1859 causarum
1076 1793 1232 1877 cognitio-

114 1928 132 1969 e
144 1925 222 1973 nem
236 1929 243 1972 :
260 1908 351 1993 atqui
360 1917 487 1977 certum
502 1917 552 1975 est
564 1928 629 1974 non
643 1927 737 1993 posse
748 1910 940 1992 Episcopum
952 1908 1073 1973 alienos
1084 1905 1233 1972 subditos

114 2020 301 2089 «ordinare
315 2025 437 2111 absque
450 2044 608 2091 consensu
623 2026 747 2109 proprii
759 2043 872 2089 eorum
885 2024 1056 2108 Episcopi3
1073 2040 1151 2106 ergo
1166 2039 1234 2087 cos·

114 2138 222 2205 «dem
233 2159 294 2205 nec
304 2142 426 2225 poterit
436 2139 619 2226 judicare.»
631 2142 680 2229 (ln
690 2140 821 2207 titulum
832 2143 863 2219 2,
877 2140 954 2207 libri
968 2142 987 2205 2
1000 2138 1227 2217 decretalium,

111 2274 144 2318 n.
165 2253 257 2340 145.)

109 2354 112 2359 ’
155 2375 303 2453 Secundo,
330 2373 429 2440 etiam
448 2374 481 2438 in
504 2376 607 2441 causis
624 2373 846 2441 ecclesiasticis
864 2374 1021 2440 laicorum
1043 2392 1108 2439 non
1123 2391 1231 2440 sacra·

111 2487 319 2566 mentalibus,
345 2496 458 2556 contra
477 2509 596 2575 paucos
617 2495 748 2556 veteres
769 2491 960 2567 canonistas,
978 2486 1159 2554 tenendum
1179 2496 1231 2555 est

110 2621 177 2672 non
201 2603 275 2670 dari
295 2605 403 2672 locum
428 2607 658 2691 prorogationi.
678 2605 785 2671 Abbas
804 2605 1051 2671 Panormitanns
1064 2605 1108 2691 (in
1132 2609 1230 2687 caput

110 2722 302 2802 Stpntficostt
321 2727 370 2801 18,
386 2728 423 2790 de
437 2728 514 2788 Foro
524 2728 710 2806 competenti,
727 2741 760 2786 n.
778 2718 828 2805 15)
847 2721 987 2787 sustinet
1000 2721 1099 2785 laicos
1110 2720 1142 2784 in
1155 2739 1230 2786 can·

110 2836 153 2900 sis
169 2838 396 2904 ecclesiasticis
409 2858 474 2904 non
488 2838 784 2915 sacramentalibus,
806 2835 900 2901 verbi
915 2835 1027 2919 gratia,
1042 2853 1141 2917 super
1153 2835 1227 2919 jure

109 2958 313 3035 patronatus,
327 2973 421 3037 posse
435 2954 502 3018 sinc
515 2971 673 3017 consensu
683 2952 805 3035 proprii
813 2949 933 3034 judicis
948 2966 1123 3032 prorogare
1136 2948 1230 3033 juris·

109 3067 286 3136 dictionem
302 3069 436 3135 alterius
447 3067 795 3154 jndicisecclesiastici:
810 3083 850 3130 ec
866 3063 954 3148 quod
972 3081 1090 3146 nempe
1105 3060 1140 3127 id
1153 3060 1228 3148 jure

108 3204 175 3253 non
183 3186 369 3269 reperiatur
380 3184 578 3267 prohibitum
592 3205 599 3266 ;
614 3181 673 3247 sed
684 3179 880 3264 generaliter
894 3179 1103 3263 permittatur
1116 3177 1225 3257 laicos,

108 3302 179 3367 sine
198 3304 250 3366 sui
268 3298 386 3385 judicis
403 3318 546 3375 assensu,
563 3296 599 3363 in
621 3297 718 3363 alium
738 3296 806 3361 sive
824 3295 1027 3372 saecularem,
1046 3295 1113 3359 sive
1131 3294 1229 3359 etium

108 3417 364 3485 ecclesiasticum
380 3414 524 3501 jndicem
548 3412 750 3494 consentire3
777 3418 810 3475 et
830 3411 871 3475 ab
894 3429 932 3475 ea
950 3410 1094 3493 generali
1116 3410 1229 3492 regula

107 3535 169 3601 soli
187 3535 392 3617 excipiantur
412 3532 532 3597 clerici.
554 3527 620 3596 Sed
641 3527 758 3593 falsum
776 3535 826 3593 cst
847 3525 883 3591 id
915 3546 979 3592 non
1000 3527 1138 3609 reperiri
1154 3524 1231 3609 jure,

106 3648 320 3735 prohibitum,
339 3665 414 3713 cum
426 3648 459 3711 in
477 3645 697 3729 citatocapite
718 3645 830 3708 Nullus
847 3641 891 3728 (3,
908 3642 959 3706 tit.
981 3645 1035 3719 29,
1058 3640 1115 3706 111).
1133 3643 1152 3706 3
1172 3638 1230 3705 de·

107 3761 206 3849 oret.)
225 3781 378 3849 expresse
402 3759 613 3846 prohibeatur
640 3777 681 3823 ne
701 3758 878 3841 Episcopus
898 3756 1032 3821 alterius
1059 3753 1228 3819 subditum

102 3879 258 3965 judicare
278 3884 464 3965 presumat.
489 3872 584 3941 Unde
609 3872 727 3939 merito
750 3871 987 3956 derelinquitur
1010 3869 1078 3935 haec
1096 3868 1230 3936 Abbatis

105 3997 231 4083 opinio.

150 4107 187 4177 6⁰
210 4113 260 4177 Art
273 4117 303 4173 et
317 4111 447 4192 qualiter
462 4110 563 4170 clerici
578 4111 695 4188 possint
706 4106 823 4187 judicis
843 4120 903 4165 cort
924 4105 972 4163 sui
985 4102 1227 4183 jurisdictionem

100 4249 283 4314 prorepere.
307 4262 354 4276 —
376 4222 758 4309 Cumhujusquaestionis
771 4219 888 4285 solutio
901 4218 1065 4305 precipue
1083 4214 1228 4302 pendeat

106 4345 246 4427 scopite
271 4342 459 4424 Sipotfiecsti
486 4339 552 4425 (la,
581 4337 667 4401 tituli
691 4338 722 4413 2,
750 4334 826 4400 libri
847 4336 866 4397 2
889 4329 1129 4418 decretalium),
1152 4331 1227 4399 ideo
