2714 4980
127 281 188 345 514
470 292 656 341 rnecrsrus
679 293 722 339 na
744 292 892 340 inurens.

123 422 213 507 scopi
232 420 500 487 sustentationem
527 418 614 502 exigi
638 416 784 502 possunt)
801 418 946 501 recipiat,
968 426 1191 504 asservatque,
1208 429 1237 487 et

123 545 221 622 prout
236 536 342 621 jussus
370 537 471 601 fuerit
486 534 636 600 exhibeat
651 535 707 599 vel
720 531 895 617 expendat.
917 535 958 599 Et
983 544 1123 601 vocatur
1136 543 1239 619 episco-

119 657 201 736 polis
210 670 318 718 mense
329 656 539 735 depositarius.
552 649 656 716 Hodie
670 669 751 716 vero
767 650 877 716 multis
892 649 926 715 in
936 651 1016 718 locis
1027 653 1145 719 inutile
1160 653 1239 720 foret

121 770 263 836 officium
281 768 451 854 ejusmodi.
646 764 649 768 ’

165 888 198 951 4.
224 888 307 951 Item
332 886 532 951 constituere
555 891 664 967 potest
692 883 871 966 Episcopus
902 893 1110 967 compotorum
1139 886 1240 972 quoad

118 1003 189 1069 locu
202 1002 256 1086 pia
267 1008 438 1081 reviseres,
455 999 524 1080 sed,
547 1001 574 1065 si
586 1000 687 1078 malit,
706 1000 904 1065 recisionem
919 1000 1003 1066 hanc
1017 1003 1102 1085 ipse,
1118 1005 1176 1069 vel
1189 1022 1241 1088 per

119 1119 283 1184 vicarium
298 1137 391 1182 suum
406 1117 592 1200 generalem
610 1134 769 1199 peragere
784 1121 904 1198 potest.

106 1221 109 1228 ’
164 1238 195 1299 5.
212 1234 394 1299 Baroncelli
405 1241 513 1298 autem
525 1232 675 1310 officium,
689 1231 786 1308 idest,
806 1232 954 1316 praesidis
975 1238 1107 1315 familia·
1124 1244 1240 1300 armate

120 1349 287 1433 Episcopi,
313 1347 379 1433 jam
393 1349 463 1413 fere
479 1349 600 1433 ubique
615 1347 786 1413 obsolevit.
809 1348 903 1413 Nulla
921 1350 1051 1440 scilicet
1072 1371 1160 1417 nunc
1174 1355 1238 1435 Epi-

118 1469 207 1549 scopi
226 1465 345 1530 iamilia
363 1472 487 1529 armata
512 1471 670 1547 utuntur;
692 1463 751 1530 sed
771 1463 812 1530 ad
837 1464 1015 1532 efficaciter
1036 1468 1237 1536 obtinendam

118 1583 307 1648 citationum
319 1588 353 1646 et
373 1580 611 1645 sententiarum
630 1576 762 1644 s'narum
783 1581 1023 1660 executionem,
1041 1584 1176 1667 supplet
1188 1602 1236 1647 sa·

117 1698 234 1763 cularis
244 1695 377 1773 brachii,
392 1693 489 1774 idest,
500 1695 662 1760 saecularis
677 1696 848 1778 potestatis
861 1696 1035 1762 auxilium.
1057 1696 1233 1764 Notandum

117 1820 226 1879 nutem
243 1811 546 1878 tenerisaecularem
557 1819 766 1894 potestatem,
784 1811 837 1877 vel
849 1810 892 1877 ad
898 1814 1161 1896 permittendum
1173 1815 1233 1898 Epi·

115 1929 265 2012 scopisnt
278 1947 339 2012 per
349 1927 519 1992 nonnullos
534 1927 631 1992 curiae
650 1946 715 1992 snae
732 1926 879 1995 addictos
894 1927 1059 2013 ejusmodi
1076 1932 1172 2009 vinca,
1190 1931 1231 2016 ju·

117 2044 277 2110 diciorum
293 2063 424 2109 suornm
440 2043 559 2109 efficaci
569 2043 756 2109 executioni
765 2045 945 2123 consulant,
961 2047 1018 2112 vel
1033 2047 1077 2111 ad
1089 2056 1230 2130 praestan·

118 2161 196 2227 dum
215 2160 329 2226 iisdem
347 2161 382 2224 in
396 2159 483 2224 bunc
502 2157 599 2225 linem
615 2159 741 2224 brachii
759 2160 809 2224 sui
827 2161 995 2225 auxilium.
1016 2163 1067 2228 Ex
1082 2162 1229 2229 essentiali

118 2278 204 2342 enim
222 2276 372 2342 Ecclesiae
388 2277 618 2341 constitutione
639 2285 766 2341 certum
792 2283 844 2340 est
858 2276 906 2363 (nt
922 2275 1000 2342 alibi
1018 2275 1227 2360 probavimus)
1275 2300 1276 2305 ¹

116 2392 178 2477 ipsi
189 2398 375 2476 competere
391 2393 522 2475 proprie
537 2391 659 2457 dictam
673 2397 708 2457 et
724 2390 886 2457 efficacem
896 2391 1091 2477 judicialem
1106 2402 1230 2478 potesta·

116 2517 194 2592 tem3
206 2509 423 2592 hancquenon
431 2526 589 2590 permere
598 2507 781 2590 spirituales
790 2506 1084 2591 dumtaxatpoenas
1091 2530 1230 2576 exercen-

116 2624 203 2703 dam,
215 2623 275 2689 sed
283 2608 418 2707 pervim
429 2624 528 2689 etiam
534 2623 722 2702 coactivam,
733 2642 791 2688 seu
803 2643 985 2707 perpoenas
999 2626 1196 2710 temporales
1203 2624 1233 2690 et'

117 2740 313 2823 corporales.
328 2738 423 2804 Unde
438 2738 527 2824 quod
542 2737 649 2804 media
665 2745 761 2804 aetate
778 2739 896 2822 passim
916 2717 1071 2825 Episcopi
1091 2742 1229 2806 familiam

116 2862 273 2921 armatam
281 2854 466 2932 habuerint,
482 2875 547 2920 non
553 2855 784 2920 fuitsaecularis
789 2857 963 2939 potestatis
973 2854 1226 2940 jurinminsasio.

116 2973 329 3056 Quamquam,
359 2971 490 3035 mutatis
507 2969 624 3034 horum
649 2978 837 3053 temporum
863 2972 1130 3052 circumstantiis,
1149 2979 1228 3038 extra

117 3086 369 3152 controversiam
384 3094 435 3151 est
446 3083 565 3151 decere
580 3085 681 3169 magis
691 3093 729 3151 ut
745 3086 846 3152 hocce
861 3087 1080 3171 praesidiuma
1096 3086 1228 3154 saeculari

116 3209 278 3286 potestate
296 3208 458 3267 mutuent.
479 3200 617 3283 Quando
637 3221 716 3268 vero
734 3210 848 3286 postea
863 3223 995 3287 coepere
1010 3203 1228 3289 guberniahoc

116 3318 213 3382 etiam
228 3317 390 3381 saecularis
408 3314 531 3382 brachii
545 3315 699 3381 auxilinm
714 3317 879 3401 Episcopis
890 3337 1057 3399 recusare,
1077 3320 1229 3403 patienter

116 3411 437 3497 toleravit'licclesia.
453 3429 619 3516 Ejusmodi
632 3432 718 3497 enim
729 3430 804 3516 jura
815 3451 883 3512 sua,
899 3453 970 3518 quae
986 3436 1055 3501 uim
1070 3443 1230 3501 externam

117 3553 152 3612 et
167 3547 346 3612 coactivam
358 3547 546 3629 respiciunt,
556 3565 619 3612 uon
635 3546 718 3613 solet
728 3549 789 3613 nisi
804 3549 845 3613 ab
854 3550 944 3616 ultro
959 3548 1229 3617 consentientibus

117 3669 151 3729 et
164 3661 404 3746 postulantibus
417 3661 547 3745 populis
561 3660 833 3748 saecularibusque
842 3663 1062 3748 potestatibus
1069 3671 1227 3750 repetere3

117 3795 158 3840 ne
173 3775 299 3840 scilicet
321 3774 398 3838 alias
410 3773 445 3837 iu
456 3773 634 3856 perniciem
648 3773 759 3856 potius
774 3793 870 3858 quam
881 3775 915 3839 in
928 3775 1108 3868 utilitatem
1121 3777 1230 3841 anima-

118 3909 191 3955 rum
209 3908 280 3954 rem
298 3887 418 3954 cedere
432 3888 609 3974 contingat.
631 3890 717 3955 Dum
732 3909 813 3955 vero
824 3888 886 3953 hoc
901 3890 1162 3957 mansuetudinis
1175 3887 1230 3973 spi·
1248 3976 1251 3985 ,

117 4007 184 4072 ritu
196 4004 338 4071 Ecclesia
360 4010 521 4087 perpetuo
536 4002 678 4083 ducitur,
696 4005 850 4070 intactam
870 4023 974 4090 usque
990 4013 1102 4072 servat
1116 4004 1231 4092 jurium

117 4140 250 4187 suorum
271 4120 508 4204 integritatem3
530 4121 604 4204 quia
620 4120 710 4206 quod
724 4123 833 4204 posuit
848 4121 994 4188 Christus
1007 4123 1100 4189 nulla
1117 4116 1231 4207 poterit

117 4253 257 4321 unquam
270 4211 409 4330 bumana
424 4243 568 4319 potestas
587 4236 785 4302 convellere.
1251 4326 1254 4333 Ι

160 4352 194 4414 6.
220 4351 272 4413 De
280 4349 545 4449 procuratoribus
564 4358 598 4416 et
617 4350 781 4417 advocatis
796 4352 932 4418 relative
956 4352 998 4418 ad
1020 4350 1232 4437 episcopalem
