2714 4980
193 321 257 390 lac
542 339 729 389 amaracus
752 341 796 389 na
817 335 966 386 ionicus.

194 462 393 549 «superfluis
408 463 590 547 expensis.»
605 465 657 529 lta
671 464 815 530 Ferraria
829 460 1057 549 (verbojaaea
1074 478 1109 526 n.
1124 456 1195 546 29);
1210 467 1247 527 et
1259 469 1305 528 eat

189 582 352 649 sententia
362 582 537 647 communis
548 580 730 659 doctorum,
741 586 827 646 teste
838 577 1001 643 Cardinali
1009 574 1052 644 da
1063 576 1156 662 Lugo
1167 578 1261 664 (tom.
1274 581 1301 657 2,

184 695 276 780 :disp
293 699 348 774 37,
364 715 398 760 ιι.
418 693 462 780 1).
477 697 558 762 Hinc
564 695 668 782 judex
683 713 859 781 agnoscens
868 713 1014 760 errorem
1027 712 1091 779 ase
1105 694 1305 759 commissum

194 811 349 899 (quamvis
363 811 432 876 sine
451 813 543 895 gravi
559 809 665 896 culpa)
686 813 720 876 in
738 810 961 896 praejudicium
974 809 1138 893 litigantis,
1158 816 1303 888 tenetur,

191 927 219 992 si
238 933 348 1011 potest
366 928 448 992 citra
467 945 558 993 suam
578 927 754 1005 infamiam,
772 924 931 1009 impedire
949 943 1113 1008 errorem3
1130 922 1303 1002 monendo,

192 1041 286 1109 verbi
309 1042 423 1125 gratia,
450 1042 577 1109 occulte
596 1050 724 1126 partem
743 1042 869 1121 laesam,
886 1049 924 1106 ut
939 1041 1002 1106 sibi
1015 1041 1239 1124 appellatione
1258 1040 1306 1105 val

190 1156 253 1223 alio
268 1156 361 1222 simili
378 1155 525 1222 remedio
540 1158 702 1242 consulat3
721 1159 794 1242 quia
809 1156 870 1223 hoc
883 1157 1028 1240 pertinet
1041 1154 1084 1221 ad
1098 1155 1249 1221 debitam
1262 1157 1305 1220 soi

59 1307 62 1311 .
187 1272 336 1337 muneris
349 1272 594 1356 executionem3
613 1280 647 1339 et
663 1274 739 1358 quia
753 1271 906 1357 alioquin,
926 1272 965 1348 si,
980 1270 1060 1335 dum
1078 1276 1202 1354 potest,
1216 1289 1305 1336 suum

191 1404 339 1454 errorem
352 1405 418 1451 non
428 1385 576 1470 impedit,
592 1388 807 1472 imputabitur
819 1386 885 1472 jam
900 1387 928 1452 ei
946 1387 1037 1471 quasi
1054 1386 1265 1451 conservanti
1275 1384 1307 1450 id

192 1501 432 1587 quodpropter
450 1502 722 1570 madvertentiam
736 1503 965 1587 inculpabilem
986 1503 1077 1586 prius
1092 1521 1160 1567 non
1175 1502 1311 1585 imputa-

191 1617 291 1686 batur
309 1619 422 1707 (Lugo,
442 1619 517 1685 loco
540 1620 609 1699 cit,
627 1640 661 1684 n.
681 1617 728 1705 3).
746 1621 829 1685 Hinc
846 1619 980 1685 «iudex
1001 1637 1115 1684 carens
1133 1620 1311 1686 necessaria

196 1733 357 1798 «scienua
367 1731 410 1798 ad
420 1753 515 1799 suum
526 1733 676 1812 officium,
686 1753 752 1798 non
761 1740 870 1817 potest
881 1732 1016 1811 absolvi,
1026 1732 1087 1796 nisi
1097 1731 1186 1797 facta
1198 1752 1312 1799 renun-

196 1849 355 1915 «tiatione
367 1847 471 1928 officii,
487 1850 540 1916 vel
554 1851 616 1915 nisi
626 1850 722 1915 firme
734 1856 895 1934 proponat
908 1849 1116 1932 renuntiare;
1129 1850 1208 1933 quia
1220 1869 1311 1916 nemo

82 1997 95 2061 s
195 1972 333 2049 «potest
343 1967 486 2032 retinere
497 1965 634 2033 officium
644 1965 736 2052 cujus
745 1965 854 2032 munia
863 1965 954 2032 obire
963 1984 1029 2030 non
1040 1967 1311 2049 potest,nisicum

197 2079 342 2147 «damno
360 2083 414 2148 iel
430 2084 575 2166 periculo
589 2084 727 2167 proximi
744 2105 761 2145 a
783 2083 948 2170 (Ferraria,
964 2082 1038 2147 loco
1053 2082 1163 2161 citato,
1179 2103 1215 2154 n.
1234 2080 1308 2167 3l):

193 2195 240 2262 ita
254 2195 407 2265 doctores
425 2201 641 2267 communiter
655 2206 729 2284 post
744 2200 776 2266 S.
798 2199 952 2265 Thomam
970 2197 1012 2284 (2,
1033 2199 1064 2276 2,
1083 2216 1117 2282 q.
1138 2201 1193 2278 76,
1212 2218 1243 2264 a.
1263 2196 1306 2285 2).

706 2448 779 2526 ΙΠ.

463 2680 502 2730 Da
509 2679 627 2730 mtaadis
635 2676 806 2730 dilationibus
814 2691 869 2729 aaa
881 2677 1043 2729 cmmaariis.

230 2925 261 2972 *a
268 2903 287 2968 J
289 2899 377 2968 udex
394 2900 576 2967 mortaliter
596 2905 710 2983 peccat
724 2906 838 2965 contra
852 2915 948 2963 suum
963 2898 1113 2977 officium,
1130 2898 1353 2970 differendon

199 3019 323 3088 «valde
340 3018 530 3085 notabiliter
551 3036 721 3084 causarum
743 3015 984 3101 expeditionem
1003 3019 1072 3084 sine
1087 3017 1177 3103 justa
1194 3037 1330 3102 causa?

199 3161 216 3200 a
227 3144 262 3204 et
277 3143 411 3202 tenetur
420 3135 593 3201 restituere
612 3134 698 3217 parti
712 3134 794 3200 laesae
812 3132 977 3199 damnaei
992 3153 1159 3220 expensas,
1181 3153 1254 3220 quae
1269 3153 1353 3201 ex

199 3253 335 3337 «iniqua
349 3250 503 3317 dilatione
519 3257 637 3316 secutae
654 3256 746 3333 sunt3
765 3249 839 3334 quia
852 3255 902 3314 est
915 3269 1026 3316 aarum
1042 3248 1165 3334 injusta
1179 3269 1347 3317 causae<

194 3369 245 3436 lta
259 3366 403 3436 Ferraria
418 3366 462 3454 (v.
472 3369 583 3450 jader,
601 3388 634 3432 n.
651 3361 704 3449 32)
719 3371 753 3431 et
768 3362 920 3433 doctores
932 3365 1160 3432 communiter.

721 3618 780 3684 ΠΙ.

315 3851 354 3903 Dc
362 3862 418 3902 coo
430 3849 586 3913 recipiendia
593 3847 744 3901 maneribus
755 3855 802 3901 aut
814 3850 965 3902 honorariis
982 3847 1174 3914 mutuantibus.

237 4076 269 4139 l.
292 4072 450 4157 Receptio
463 4092 636 4139 munerum
648 4082 697 4140 est
708 4073 872 4160 judicibus
888 4071 1050 4159 prohibita
1064 4072 1138 4158 jure
1151 4064 1353 4140 natimalffi

190 4189 262 4278 jure
288 4191 398 4258 divino
419 4193 453 4257 in
475 4194 574 4259 sacris
591 4193 709 4259 litteris
729 4212 893 4279 expresso,
921 4199 955 4257 et
975 4191 1050 4277 jure
1072 4193 1353 4260 ecclesiastiaca

191 4308 268 4374 Jure
286 4306 420 4392 quidem
438 4310 589 4389 naturali,
611 4329 685 4375 cum
704 4310 773 4394 ipsa
788 4308 874 4375 ratio
892 4308 995 4373 dictet
1015 4307 1050 4373 id
1068 4309 1209 4375 vetitum
1220 4295 1353 4396 judi?

189 4420 280 4488 cibus
294 4421 589 4501 consentaneae,
607 4443 672 4509 quo
685 4423 824 4491 admisso
838 4431 965 4490 certum
976 4431 1010 4489 et
1020 4441 1194 4492 commune
1203 4409 1353 4491 immffi

75 4636 124 4672 ι
