2714 4980
47 382 50 389 Ι
116 299 181 364 492
464 315 654 363 ruacrsrus
676 316 721 362 nn
742 315 890 363 romeus

118 439 361 506 «cancellarios
379 457 449 504 csse
478 439 614 505 clericos
638 457 736 523 quam
751 439 869 522 laicos;
902 437 958 503 cui
984 433 1136 509 udhaeret
1161 437 1233 502 Par-

113 553 343 621 lordanus...»⁵
354 554 547 641 (Monacelli,
560 561 654 637 parte
668 558 697 630 i,
712 555 764 620 tit.
780 559 809 632 i,
821 553 919 619 iorni.
930 557 962 631 5,
977 550 1150 637 adnoto.)
1160 554 1233 619 Item

115 669 249 735 Carolus
261 668 303 735 de
320 670 455 747 Grassis,
472 676 643 753 postquam
658 669 767 752 posuit
784 688 845 755 pro
865 668 981 752 regula
1000 667 1161 759 generali,
1177 670 1235 732 cle-

115 790 210 849 ricum
229 805 381 866 corporae
400 803 461 847 esse
476 787 675 863 tabellionem,
689 783 856 867 subjungit
873 805 880 849 :
898 789 1070 848 Limitctur
1084 788 1120 846 ia
1129 785 1193 864 soro
1210 792 1233 845 ct

116 904 344 982 mcqotrarcoas
358 905 579 980 cmhuasticim
597 918 658 983 pro
669 919 733 984 qua
747 902 908 966 sententia
924 901 1002 965 citat
1015 897 1173 965 undecim
1184 898 1236 964 hoc

115 1016 204 1084 idem
215 1026 367 1085 tenentes
377 1025 540 1083 auctores.
553 1018 607 1104 (Dc
618 1020 781 1099 Effecttous
791 1021 960 1094 clericatus,
975 1016 1090 1082 effect.
1102 1020 1133 1092 8,
1151 1017 1232 1093 nil,

117 1135 232 1218 pagina
260 1137 336 1212 327,
355 1131 435 1198 edit.
467 1135 585 1224 Venet.
608 1131 718 1217 1638.)
743 1133 811 1216 Ego
829 1141 940 1198 autem
966 1133 1085 1198 testari
1113 1149 1234 1214 possum

119 1268 233 1315 omnes
246 1247 480 1315 hodiernorum
494 1249 602 1314 Galliae
619 1250 853 1333 Episcoporum
867 1248 1084 1313 cancellarios
1097 1265 1170 1312 esse
1180 1247 1235 1311 cle·

119 1364 215 1440 ricos,
234 1363 432 1449 eosdemque
446 1365 481 1427 iu
495 1365 594 1429 sacris
611 1365 814 1430 constitutos.
829 1364 908 1445 Qua
928 1361 1137 1429 consuetudo
1149 1363 1235 1428 suan

120 1479 247 1545 obtinet
259 1479 292 1543 in
303 1478 482 1563 sabaudia3
502 1485 537 1545 et
550 1481 660 1562 (prout
678 1479 758 1544 mihi
770 1478 958 1544 retulerunt
973 1478 1037 1543 viri
1056 1477 1126 1543 fide
1145 1476 1234 1562 digni)

118 1594 152 1661 in
169 1595 334 1679 plerisque
348 1596 483 1678 insuper
494 1593 608 1659 mundi
617 1594 768 1661 catholici
782 1593 981 1677 regionibus.

162 1712 198 1777 4⁰
212 1711 293 1777 ffinc
309 1710 549 1777 moderandum
564 1708 698 1776 ridetur
716 1709 805 1795 quod
819 1709 919 1775 docet
933 1711 1114 1794 Fagnanus
1130 1710 1174 1797 (in
1193 1729 1237 1774 ca·

119 1831 323 1911 purascere,
336 1847 373 1891 ue
387 1831 488 1896 clerici
505 1831 552 1890 oct
566 1829 714 1903 monachi,
736 1847 769 1890 n.
788 1829 826 1891 61
849 1834 883 1892 ct
897 1824 996 1909 serp),
1010 1827 1166 1893 illicitum
1177 1845 1236 1892 esse

121 1943 246 2009 clericis
255 1944 372 2009 notarii
384 1962 446 2009 scu
459 1943 645 2009 cancellarii
659 1942 810 2018 officinm,
828 1943 928 2007 etiam
942 1943 977 2006 in
992 1944 1088 2008 curia
1106 1951 1143 2009 et
1155 1960 1240 2026 nego

120 2059 173 2125 liis
196 2059 346 2142 Episcopi
374 2060 530 2145 (exceptis
544 2057 622 2124 iidei
645 2056 759 2142 causis)
778 2077 952 2142 exercere;
975 2066 1011 2124 et
1039 2078 1108 2125 non
1122 2066 1239 2124 tantun

120 2174 246 2240 clericis
256 2173 415 2257 maiorum
430 2172 593 2252 ordinum,
613 2172 673 2240 sed
688 2175 903 2252 etminorum,
917 2175 1023 2257 isque
1036 2176 1141 2240 etium
1152 2175 1240 2240 hene·

122 2287 194 2359 licio
209 2290 407 2356 carentibus.
426 2292 509 2355 Nam
524 2291 609 2356 licet
625 2290 731 2356 fatear
751 2310 770 2356 a
791 2290 1007 2355 celeberrimo
1032 2294 1201 2357 canonista
1212 2289 1241 2355 id

121 2406 226 2489 logice
249 2413 283 2470 et
297 2407 441 2488 rigorose
466 2405 588 2471 deduci
602 2426 644 2472 cx
660 2408 765 2489 capite
796 2411 837 2471 ut
859 2408 995 2487 officum
1014 2407 1238 2493 (de-liceretur,

121 2522 155 2587 in
165 2520 212 2604 6),
235 2519 370 2586 videtur
387 2529 497 2586 tamen
515 2540 581 2587 non
595 2523 672 2586 satis
686 2525 849 2588 rationem
862 2522 1014 2588 habuisse
1035 2521 1240 2589 consuetudi·

121 2640 182 2715 nis,
203 2657 274 2722 quar
300 2639 461 2704 contraria
475 2643 511 2703 et
528 2640 706 2722 antiquitus
729 2638 803 2720 fuit,
823 2644 983 2722 etpostea
1005 2640 1200 2723 permansit,
1214 2645 1244 2703 ct

122 2754 300 2831 hodiedum
318 2759 502 2837 permanet.
520 2755 588 2820 Nec
602 2762 787 2822 rerumest
800 2754 900 2839 quod,
920 2755 992 2821 loco
1008 2757 1126 2835 citato,
1143 2774 1244 2822 numo-

121 2892 160 2938 ro
176 2875 230 2952 63,
247 2870 389 2938 affirmat
411 2892 417 2935 :
440 2874 552 2952 uosque
568 2874 698 2935 locorum
712 2879 843 2935 actuarii
861 2892 911 2937 scu
930 2876 1111 2937 cancellarii
1131 2877 1243 2954 Episoo

117 2989 397 3073 poramruutlcici,
414 2985 475 3050 nisi
493 2986 554 3051 hoc
569 2986 728 3070 intelligat
749 3006 789 3053 eo
800 3006 907 3064 seusu,
926 2986 1017 3071 quod
1029 2987 1157 3072 ubique
1165 2987 1243 3051 loco

122 3118 198 3169 rum
231 3103 439 3187 reperiantur
476 3101 552 3166 laici
581 3102 680 3186 aliqui
708 3121 748 3168 eo
784 3122 919 3168 munero
945 3102 1146 3186 fungentes,
1177 3103 1244 3167 licet

122 3220 330 3301 reperiantur
344 3215 458 3301 majori
471 3234 609 3282 numero
625 3217 746 3282 clerici.
763 3216 828 3282 Sed
843 3218 922 3282 etin
933 3217 995 3281 hoe
1021 3218 1142 3284 ultimo
1155 3210 1244 3283 sens'n

124 3352 203 3399 vera
215 3332 283 3417 jam
298 3351 367 3398 esse
385 3331 481 3398 desiit
496 3331 585 3397 dicta
601 3331 787 3415 udirmati03
809 3352 882 3398 cum
914 3331 1010 3397 hodie
1041 3333 1194 3416 pluribus
1216 3330 1244 3394 in

125 3451 204 3514 locis
225 3451 384 3515 laicorum
398 3451 508 3515 nullus
521 3449 556 3514 id
572 3447 667 3514 officii
686 3451 828 3532 expleat.

171 3569 204 3631 5⁰
229 3564 497 3632 concludendum
528 3584 608 3649 ergo
623 3564 757 3632 ridetur
778 3565 1052 3632 consuetudinem
1066 3567 1101 3632 in
1129 3567 1189 3633 hac
1213 3584 1244 3631 re

125 3683 191 3766 legi
208 3683 337 3764 scriptae
351 3682 529 3765 praevalere
548 3703 555 3747 :
576 3700 670 3764 posse
689 3683 812 3748 scilieet
832 3682 886 3769 (ex
901 3680 1093 3765 praxiaueo
1109 3681 1246 3766 generali

122 3806 162 3864 -et
185 3800 356 3876 constanti,
379 3798 465 3862 utin
483 3798 535 3883 jus
549 3816 719 3864 commune
736 3797 916 3882 transierit)
939 3800 1059 3864 notarii
1078 3798 1245 3866 officinma

127 3916 263 3993 clericis,
282 3916 381 3980 etiam
395 3913 553 3998 majorum
568 3913 731 3993 ordinum,
755 3912 865 3998 quoad
881 3920 977 3979 actus
991 3915 1091 3980 curiae
1111 3923 1146 3981 et
1158 3933 1246 3998 nego

127 4032 247 4096 tiorum
271 4031 430 4113 Episcopi,
458 4031 547 4095 licite
564 4031 722 4095 exerceri.
742 4032 793 4096 Dc
812 4049 876 4114 qua
891 4031 996 4113 legem
1010 4029 1102 4097 inter
1110 4037 1145 4096 et
1155 4049 1244 4114 gene

127 4149 230 4214 ralem
249 4146 520 4213 consuetudinem
544 4148 787 4224 contrarietate,
811 4146 898 4212 forte
920 4145 988 4210 diei
996 4155 1121 4229 posset,
1138 4148 1244 4212 citatas

129 4245 313 4328 decretales
322 4282 383 4345 pro
396 4261 592 4347 quibusdam
608 4263 690 4328 locis
704 4262 884 4339 dumtaxat,
900 4269 937 4327 et
948 4261 992 4327 ob
1007 4263 1190 4344 peculiares
1204 4259 1242 4324 ibi

128 4376 282 4449 inductos
291 4379 423 4456 abusus,
433 4378 622 4449 fuissclatus
633 4401 641 4444 z
651 4386 764 4464 postea
776 4396 865 4456 vcro,
880 4376 1013 4465 wando
1024 4375 1241 4464 Gregoriuslli
