2714 4980
115 229 179 309 336
457 262 644 312 rmorurus
666 265 710 312 nn
732 264 880 313 runicus.

121 370 297 473 «utroque,
309 386 531 473 juramentum
545 388 761 458 deferendum
773 399 822 458 est
829 392 938 458 Reo...
953 397 1079 473 Quinto,
1094 392 1122 457 si
1132 392 1219 458 Actor

121 505 244 590 «plene
256 504 417 589 probavit,
432 504 518 571 Reus
530 513 640 573 autem
652 509 853 575 contrarium
863 507 1017 593 probavit
1029 508 1219 591 semi-plene,

120 622 304 688 «sententia
329 619 438 686 fertur
464 639 525 704 pro
544 622 672 700 Actora.
690 632 724 690 et
743 623 965 710 juramentum
986 643 1055 690 non
1082 623 1223 691 defertur
1250 605 1258 613 ‘¹

120 766 134 792 «
147 756 207 802 nec
227 736 351 802 deferri
370 743 520 821 potest...
536 743 639 819 secto,
655 739 683 804 si
708 747 775 805 tam
794 741 892 806 Actor
912 758 1011 824 quam
1030 740 1122 805 Reus
1136 740 1222 824 plene

120 883 134 909 α
148 854 328 938 probarunt
344 854 569 935 intentionem,
587 864 665 922 tune
683 857 803 923 iterum
822 855 1099 923 considerandum
1120 864 1168 923 est
1188 877 1223 922 an

120 999 133 1024 «ι
146 969 355 1053 probationes
365 970 429 1035 sint
442 973 623 1050 contraria,
636 974 689 1037 vel
702 972 953 1056 compossibiles.
970 973 1002 1038 Si
1012 975 1223 1056 composstltles
1243 951 1247 959 ’

118 1114 132 1140 ι
144 1086 209 1151 sint
222 1083 279 1172 (l),
294 1086 443 1168 probatio
462 1088 659 1171 exceptionis
673 1095 810 1154 enervat
824 1088 1040 1154 intentionem
1049 1088 1179 1166 actoris.
1192 1095 1222 1154 et

120 1229 134 1254 ι
149 1179 388 1286 consequenter
409 1221 474 1267 non
487 1209 537 1267 est
558 1223 640 1286 opus
651 1201 835 1287 juramento
851 1203 1067 1288 suppletorio,
1085 1202 1145 1271 sed
1161 1205 1222 1269 siue

120 1345 133 1370 u
148 1315 209 1382 boc
222 1315 360 1382 ferenda
371 1323 421 1382 est
433 1337 493 1402 pro
505 1317 574 1384 Reo
585 1319 755 1388 sententia.
774 1319 804 1382 si
818 1325 978 1383 contrarios
996 1311 1222 1402 suaciensi

121 1434 261 1516 «gratia,
279 1431 408 1517 quando
422 1441 514 1498 actor
528 1440 679 1499 mutuum
694 1454 713 1499 a
731 1453 765 1499 se
781 1432 894 1499 datum
908 1434 983 1500 (laio
998 1434 1098 1518 plene
1114 1433 1223 1518 probat

120 1577 133 1602 «
147 1566 210 1631 per
225 1546 349 1631 peduos
365 1552 477 1628 testes,
496 1553 530 1614 et
541 1548 636 1614 Gaius
655 1569 716 1634 per
735 1550 815 1614 alios
829 1548 911 1616 duos
927 1557 1030 1616 testes
1046 1550 1144 1634 plene
1159 1569 1222 1634 pro

120 1692 134 1717 ι
146 1662 202 1728 bat
219 1670 369 1728 mutuum
383 1682 417 1728 se
437 1661 478 1728 ab
494 1671 605 1729 actore
623 1683 689 1729 non
705 1667 878 1749 accepisse,
895 1663 999 1749 judex
1017 1663 1169 1731 attendet
1185 1662 1222 1729 ad

121 1779 339 1864 «qualitatem
352 1797 563 1862 personarum
580 1787 614 1845 et
625 1780 703 1844 alias
717 1781 982 1859 circumstantias,
998 1788 1033 1846 et
1043 1780 1222 1847 illideferet

121 1922 135 1950 ι
144 1894 365 1979 juramentum
382 1895 416 1961 in
431 1912 496 1979 quo
516 1892 619 1978 major
639 1901 692 1960 est
709 1894 919 1977 probabilitas
938 1895 1126 1964 obtinenda
1145 1895 1221 1962 veri·

121 2012 234 2076 «tatis.
249 2012 282 2076 Si
297 2011 403 2075 omnia
421 2011 484 2075 sint
501 2011 603 2093 paria,
619 2019 728 2095 posset
744 2010 875 2096 quidem
887 2011 991 2099 judex
1006 2011 1111 2078 Reum
1125 2011 1220 2079 absd-

121 2146 241 2211 «vere3
258 2127 286 2191 si
304 2131 414 2191 tamen
432 2124 653 2210 juramentum
675 2124 892 2192 deferendum
908 2132 1015 2212 putet,
1035 2128 1146 2211 potius
1162 2127 1219 2193 Reo
1258 2190 1262 2197 .

119 2268 133 2303 «
148 2243 289 2320 deferet,
305 2219 398 2327 cujus
412 2242 575 2307 melioret
594 2242 802 2309 favorabilior
816 2251 866 2309 est
884 2243 1060 2309 conditio.»

160 2359 310 2441 Quusruo
335 2361 378 2423 5³.
390 2361 484 2423 -Ia
507 2360 612 2439 quibos
632 2364 730 2421 causis
751 2361 864 2438 deferri
877 2379 896 2421 o
908 2360 1013 2440 judice
1029 2366 1128 2442 possit
1140 2366 1218 2444 juro·

116 2479 272 2540 meatum?
289 2509 335 2523 —-
353 2476 380 2538 I.
405 2475 468 2539 «In
490 2473 754 2556 supplementum
771 2473 973 2559 probationis
991 2475 1184 2558 regulariter
1203 2493 1217 2537 a

122 2621 135 2646 «
144 2590 255 2677 judice
275 2589 400 2656 deferri
422 2596 529 2674 potest
547 2588 582 2652 in
599 2590 713 2674 quavis
729 2608 825 2654 eausa
848 2607 919 2674 quae
946 2591 1135 2682 specialiter
1156 2589 1216 2676 jure

121 2736 135 2761 ι
147 2727 211 2773 non
226 2707 427 2790 excipitur...
442 2706 536 2770 Ratio
546 2711 596 2770 est
609 2705 685 2788 quia
698 2703 919 2789 juramentum
929 2705 1167 2789 suppletorium
1178 2710 1216 2768 est

121 2821 321 2907 «degenere
336 2823 578 2906 permissorum,
597 2839 634 2885 ac
655 2818 793 2902 proinde
810 2817 935 2884 deferri
948 2827 1060 2904 potest
1079 2822 1113 2886 in
1134 2817 1216 2887 omni·

121 2969 134 2994 ι
147 2938 209 3005 bus
221 2939 325 3005 causis
338 2957 403 3005 non
416 2937 593 3019 exceptis.»

159 3056 201 3122 11.
224 3085 238 3111 ι
250 3054 463 3138 Excipiuntur
473 3058 584 3118 autem
600 3055 632 3116 1⁰
652 3056 757 3117 Causae
768 3053 941 3115 criminales
954 3053 1167 3120 criminaliter
1177 3051 1216 3117 in·

119 3196 132 3228 u
147 3177 291 3237 tentatae.
311 3171 392 3235 Nam
405 3170 440 3234 in
454 3169 513 3247 his,
532 3168 608 3235 licet
622 3168 691 3234 Reo
707 3166 749 3233 ad
763 3169 813 3233 sui
826 3169 1056 3252 purgationem
1066 3167 1216 3254 juramen·

121 3293 217 3352 «tum
239 3307 257 3351 a
274 3284 383 3371 judice
405 3283 530 3350 deferri
552 3284 653 3368 possit
674 3282 790 3370 (capite
811 3283 936 3362 ultimo,
951 3284 1038 3350 tituli
1057 3289 1095 3350 de
1111 3289 1216 3368 lurae

121 3405 253 3483 woodo,
278 3402 354 3468 libri
380 3405 400 3466 2
424 3397 578 3484 decret),
600 3417 667 3463 non
694 3406 805 3463 tamen
832 3406 941 3484 potest
964 3400 1078 3466 Actori
1105 3397 1217 3466 deferri

121 3517 365 3603 «juramentum
383 3516 619 3602 suppletorium
639 3512 682 3579 ad
701 3513 926 3598 complendam
946 3513 1218 3599 probationemsi

120 3642 276 3700 «tantum
297 3633 484 3716 semi-plene
505 3630 667 3715 probavit.
681 3629 776 3726 Ratio
796 3638 847 3696 est
865 3630 941 3715 quia
960 3631 996 3696 in
1010 3631 1217 3697 criminalibus

121 3752 249 3818 «causis
269 3749 478 3817 criminaliter
500 3747 679 3824 intentatis,
703 3746 915 3831 requiruntur
935 3746 1146 3832 probationes
1160 3747 1217 3831 ple

120 3894 133 3930 a
149 3868 283 3934 nissimae
296 3874 330 3933 et
341 3885 411 3952 quoe
427 3866 491 3931 sint
500 3864 573 3931 luce
589 3861 769 3929 meridiana
782 3862 934 3929 clariores
951 3862 1036 3950 (lege
1050 3865 1172 3941 iduma,
1185 3861 1216 3925 u-

150 4173 186 4236 (t)
205 4170 276 4222 Verbi
294 4170 379 4235 gratia,
389 4171 410 4220 si
425 4172 497 4218 lotor
515 4168 584 4231 plene
596 4167 681 4230 probet
694 4180 719 4216 se
736 4173 842 4216 mutuum
854 4165 948 4216 dedisse
961 4164 1028 4228 Caio,
1044 4175 1068 4218 st
1080 4167 1149 4220 Caius
1160 4166 1215 4230 ptus

117 4269 201 4330 probet
214 4268 353 4317 solutionem
366 4265 442 4315 mutui
461 4277 514 4314 ase
532 4262 625 4313 lacum.
645 4261 743 4320 Quando
760 4275 844 4325 nempe
857 4263 921 4311 Reus
941 4262 1039 4324 opponit
1056 4263 1215 4326 saraptim

117 4361 222 4425 petitioni
237 4361 338 4421 Actoris,
356 4357 407 4410 dari
421 4364 521 4421 possunt
535 4357 643 4422 utrinque
657 4356 807 4420 probationes
821 4357 895 4420 plena
909 4357 1097 4419 compassibiles.
