2714 4980
468 354 472 359 .
562 316 642 367 rans
664 316 778 367 ιιιιιιι.
1163 300 1221 366 tat

111 469 131 510 e
141 444 321 533 quibusvis,
337 445 383 511 ita
394 444 430 509 in
444 444 549 511 musis
559 443 717 511 laicorum
727 441 949 528 spiritualibus
963 441 1055 508 curia
1068 438 1223 521 Romana,

110 569 296 647 «unquam
319 557 525 627 Ordiunrium
552 560 674 627 Summi
696 559 863 627 Pontificis
885 558 1044 637 tribuual,
1065 558 1099 624 in
1124 559 1235 642 primu.

111 677 295 745 cinstantia
304 675 453 762 judicare
468 683 589 761 potest.
608 677 684 744 Dixi
697 684 820 757 annm,
836 683 864 740 st
880 679 991 741 ibidem
1011 681 1227 759 reportentur:

111 816 128 859 ιι
140 792 234 881 quod
246 792 437 877 benignitati
451 791 544 859 Sedis
556 790 746 877 Apostolicae
759 790 972 858 tribuendum
983 799 1050 876 est;
1067 809 1138 877 que
1149 791 1229 857 licat

111 890 241 977 aetiam
266 907 308 974 de
329 909 511 975 absentium
536 909 640 975 causis
666 911 700 973 in
722 909 828 993 prima
852 909 1004 975 instantia
1032 925 1228 993 cognoscere

112 1027 255 1112 «possit,
277 1033 465 1092 nontamen
479 1026 552 1090 vult
567 1027 708 1103 etsolet,
726 1026 787 1091 uisi
805 1024 931 1091 ibidem
944 1025 1169 1107 reperiantur3
1187 1042 1238 1090 na

113 1141 262 1208 nfideles
275 1142 411 1209 nimium
429 1149 608 1226 graventur
624 1144 650 1207 si
667 1142 823 1209 inlocum
846 1141 930 1207 adeo
951 1141 1098 1208 dissitum
1117 1138 1230 1224 judicii

114 1257 309 1324 «subeundi
329 1276 425 1327 cansa
449 1259 599 1325 conferre
623 1277 657 1324 se
684 1266 889 1324 tenerentur.
915 1256 1066 1335 Accedit,
1088 1256 1162 1341 quia
1184 1255 1230 1320 sic

115 1374 249 1458 «magis
271 1381 484 1439 conservatur
504 1374 700 1440 consistoriis
723 1374 932 1440 inferioribus
954 1392 1012 1438 sua
1034 1372 1227 1449 authoritas,

114 1496 181 1557 aet
201 1495 338 1556 cavetur
363 1508 405 1554 uc
428 1489 591 1573 pontificia
614 1489 787 1556 dicasteria
810 1489 916 1554 litium
937 1486 1147 1556 multitudine
1173 1486 1232 1554 ob-

114 1614 299 1674 eruantur.
318 1628 336 1669 a
361 1605 680 1693 (schmalzgrueber,
705 1607 740 1671 iu
767 1606 819 1671 tit.
836 1608 868 1685 2,
885 1605 941 1673 lib.
964 1608 984 1670 2
1003 1603 1240 1681 decretalium.

114 1740 148 1789 ιι.
168 1719 240 1807 28.)

156 1844 284 1922 Quinto,
303 1839 449 1922 exposita
458 1838 541 1925 juris
551 1838 728 1923 dispositio,
744 1839 777 1903 iu
789 1838 887 1905 citata
898 1835 1055 1905 decretali
1066 1841 1148 1902 Licet
1160 1854 1241 1902 con-1

112 1962 216 2035 tenta
235 1954 419 2021 nullatenus
437 1956 566 2022 sublata
585 1954 750 2022 censenda
765 1963 816 2021 est
829 1974 891 2039 per
909 1954 1081 2020 decretum
1096 1951 1233 2019 Triden-

111 2071 173 2139 tini
201 2070 328 2137 concilii
350 2071 438 2159 (sess.
461 2073 515 2149 24,
539 2091 568 2137 c.
592 2075 646 2151 20,
671 2075 708 2136 ete
722 2069 817 2156 Reti,
836 2073 870 2136 in
893 2090 960 2157 quo
979 2072 1026 2136 sic
1053 2070 1230 2136 statuitur:

113 2190 222 2254 Conse
241 2206 341 2251 ornnes
360 2190 403 2253 od
422 2192 522 2270 sortem
543 2191 772 2253 monsiesttcnrn
790 2189 1007 2269 quomodolibet
1025 2191 1228 2269 pertinentes,

112 2309 233 2369 ettamen
251 2303 436 2383 bemfictoles
453 2309 527 2384 sint,
543 2309 578 2367 in
590 2308 692 2386 primo
710 2309 860 2368 instantio
874 2322 974 2366 corone
993 2304 1170 2367 Ordtnortts
1189 2304 1234 2364 to·

110 2436 214 2483 corant
234 2421 397 2484 dumtaxat
416 2427 654 2502 cognoscamur,-
671 2427 761 2502 otone
779 2425 898 2483 omnino
917 2421 1025 2483 saltem
1044 2421 1128 2499 intro
1153 2419 1234 2482 brera-

111 2539 198 2601 esen
215 2556 236 2598 u
254 2537 304 2600 dte
326 2543 414 2600 nsoter
437 2539 503 2600 litto
525 2543 733 2601 terminentur.
753 2535 849 2601 «Sub
864 2536 927 2601 illis
951 2537 1038 2601 enim
1058 2533 1168 2600 verbis
1185 2554 1235 2599 co·

114 2673 135 2713 n.
146 2670 216 2716 rena
231 2654 406 2717 ordinariis
420 2654 550 2716 locorum
564 2655 726 2717 dnmtneat
738 2658 965 2735 cognoscentnr,
984 2670 1049 2716 non
1063 2651 1169 2718 solum
1185 2650 1235 2735 (ut

114 2767 271 2851 «optime
292 2766 471 2850 respondet
485 2769 665 2851 Fagnunus,
683 2770 718 2834 in
740 2770 875 2834 citatum
895 2774 994 2850 caput
1016 2771 1108 2844 Licet,
1127 2785 1161 2831 n.
1178 2763 1234 2849 25)

115 2881 437 2966 «comprehenditur
459 2882 652 2951 Ordiuarius
672 2885 736 2950 loci
758 2876 926 2963 domicilii,
944 2882 1005 2949 sed
1023 2884 1122 2948 etiam
1139 2880 1237 2949 Ordi-

114 3026 132 3059 κ
144 3000 259 3065 narius
274 2999 431 3085 cujusque
446 2999 522 3078 loci,
540 3000 597 3065 nbi
612 3001 684 3095 quis
699 3020 739 3067 ex
752 2999 834 3086 juris
847 3000 1040 3084 prescripto
1052 2998 1161 3065 iorum
1171 3017 1236 3065 sor·

115 3116 241 3192 «titur,
260 3115 327 3181 sive
351 3114 386 3181 id
405 3117 569 3201 contingat
591 3117 717 3183 ratione
736 3117 883 3201 originis,
900 3116 956 3180 vel
978 3114 1146 3194 beneficii,
1165 3114 1234 3180 sire

114 3256 132 3291 a
145 3232 275 3299 ratione
292 3231 420 3311 delicti,
442 3240 645 3310 contractus,
665 3232 719 3298 vel
734 3234 785 3298 rei
798 3233 954 3317 litigiose.
975 3233 1017 3300 Et
1035 3250 1236 3317 consequen·

114 3354 202 3413 nter
225 3347 515 3431 comprehenditur
534 3350 631 3415 etiam
653 3347 845 3414 Ordinarius
864 3349 927 3414 loci
947 3350 1098 3415 Romnum
1121 3349 1235 3426 curie,

121 3481 231 3528 «cum
251 3463 284 3526 in
300 3481 339 3528 ea
352 3463 489 3548 quilibet
507 3482 573 3529 non
591 3465 694 3530 solum
710 3464 868 3541 clericus,
887 3464 947 3531 sed
971 3465 1068 3531 etiam
1084 3466 1185 3532 laicus
1203 3465 1237 3530 in

120 3579 261 3644 «musis
294 3579 517 3646 ecclesiasticis
541 3587 576 3644 et
604 3579 827 3663 spiritualibus
860 3581 970 3647 torum
996 3583 1167 3658 sortiatur,
1203 3589 1239 3647 et

121 3719 139 3759 a
153 3695 245 3779 Papa
266 3694 307 3760 sit
328 3692 519 3761 Ordinarius
536 3695 783 3779 singulorum.»
806 3697 977 3781 (Ferraria,
997 3695 1100 3762 verbo
1121 3700 1232 3777 Fores,

118 3830 155 3877 ιι.
176 3805 247 3895 st.)

164 3930 270 4006 secto,
291 3943 332 3990 an
347 3924 445 3991 sirrrul¹
458 3944 574 4012 verum
592 3927 634 3992 sit
653 3946 729 3994 aum
742 3929 799 4013 qui
808 3930 921 4025 'uana
941 3945 1084 4011 presens
1103 3936 1153 3995 est
1173 3948 1239 3996 uon

119 4062 227 4129 posse,
246 4043 273 4108 si
287 4041 366 4107 velit
381 4043 442 4107 nisi
456 4043 490 4107 in
506 4044 595 4127 curia
610 4043 753 4112 Romana
767 4047 955 4112 conveniri?
972 4080 1016 4097 -
1030 4044 1241 4113 Ostendimus

120 4176 198 4225 cnm
209 4178 299 4242 posse
315 4155 447 4242 quidem
464 4159 510 4225 ibi
529 4162 696 4226 conveniri
710 4182 717 4227 ε
733 4180 820 4226 nunc
834 4179 914 4226 vero
930 4159 1167 4244 expandendus
1187 4182 1241 4228 ve·

120 4270 431 4339 niteasnsinversus
446 4293 453 4337 :
471 4271 650 4339 anscdicet
677 4273 821 4339 existens
845 4273 966 4352 noma,
988 4274 1016 4340 si
1027 4276 1248 4344 conveniatur

121 4385 307 4473 apartibus
323 4405 432 4454 coram
445 4387 511 4455 loci
535 4385 723 4466 ordinario,
743 4389 844 4472 possit
867 4407 1034 4475 opponere
1052 4388 1249 4459 declinato,

667 4561 678 4600 t
