<?xml version="1.0" encoding="UTF-8"?>
<!DOCTYPE html PUBLIC "-//W3C//DTD XHTML 1.0 Transitional//EN"
    "http://www.w3.org/TR/xhtml1/DTD/xhtml1-transitional.dtd">
<html xmlns="http://www.w3.org/1999/xhtml" xml:lang="en" lang="en">
 <head>
  <title>
</title>
<meta http-equiv="Content-Type" content="text/html;charset=utf-8" />
  <meta name='ocr-system' content='tesseract 3.04.00' />
  <meta name='ocr-capabilities' content='ocr_page ocr_carea ocr_par ocr_line ocrx_word'/>
</head>
<body>
  <div class='ocr_page' id='page_1' title='image "./tractatusdejudi00bouigoog_0142.png"; bbox 0 0 2714 4980; ppageno 0'>
   <div class='ocr_carea' id='block_1_1' title="bbox 574 309 1233 378">
    <p class='ocr_par' dir='ltr' id='par_1_1' title="bbox 574 309 1233 378">
     <span class='ocr_line' id='line_1_1' title="bbox 574 309 1233 378; baseline 0.015 -12"><span class='ocrx_word' id='word_1_1' title='bbox 574 318 654 368; x_wconf 75' lang='lat' dir='ltr'>rias</span> <span class='ocrx_word' id='word_1_2' title='bbox 675 318 787 366; x_wconf 77' lang='lat' dir='ltr'>nnius.</span> <span class='ocrx_word' id='word_1_3' title='bbox 1170 309 1233 378; x_wconf 76' lang='lat'>129</span> 
     </span>
    </p>
   </div>
   <div class='ocr_carea' id='block_1_2' title="bbox 95 444 1275 4474">
    <p class='ocr_par' dir='ltr' id='par_1_2' title="bbox 95 444 1275 4474">
     <span class='ocr_line' id='line_1_2' title="bbox 161 444 1234 531; baseline 0.01 -25"><span class='ocrx_word' id='word_1_4' title='bbox 161 444 303 507; x_wconf 67' lang='lat' dir='ltr'>scaram</span> <span class='ocrx_word' id='word_1_5' title='bbox 316 448 517 525; x_wconf 74' lang='lat' dir='ltr'>acceptia-</span> <span class='ocrx_word' id='word_1_6' title='bbox 531 444 673 528; x_wconf 78' lang='lat' dir='ltr'>Respicit</span> <span class='ocrx_word' id='word_1_7' title='bbox 688 463 780 511; x_wconf 91' lang='lat' dir='ltr'>casus</span> <span class='ocrx_word' id='word_1_8' title='bbox 792 444 949 531; x_wconf 85' lang='lat' dir='ltr'>quosdam</span> <span class='ocrx_word' id='word_1_9' title='bbox 960 447 1182 531; x_wconf 75' lang='lat' dir='ltr'>particulares,</span> <span class='ocrx_word' id='word_1_10' title='bbox 1199 453 1234 519; x_wconf 95' lang='lat' dir='ltr'>in</span> 
     </span>
     <span class='ocr_line' id='line_1_3' title="bbox 119 557 1234 651; baseline 0.008 -26"><span class='ocrx_word' id='word_1_11' title='bbox 119 557 240 642; x_wconf 80' lang='lat' dir='ltr'>quibus</span> <span class='ocrx_word' id='word_1_12' title='bbox 253 560 446 624; x_wconf 88' lang='lat' dir='ltr'>sententiam</span> <span class='ocrx_word' id='word_1_13' title='bbox 456 558 565 627; x_wconf 77' lang='lat' dir='ltr'>valide</span> <span class='ocrx_word' id='word_1_14' title='bbox 579 562 729 644; x_wconf 82' lang='lat' dir='ltr'>proferre</span> <span class='ocrx_word' id='word_1_15' title='bbox 740 571 875 645; x_wconf 86' lang='lat' dir='ltr'><strong>possunt</strong></span> <span class='ocrx_word' id='word_1_16' title='bbox 888 563 986 628; x_wconf 88' lang='lat' dir='ltr'>etiam</span> <span class='ocrx_word' id='word_1_17' title='bbox 998 562 1126 649; x_wconf 88' lang='lat' dir='ltr'>judices</span> <span class='ocrx_word' id='word_1_18' title='bbox 1137 567 1234 651; x_wconf 79' lang='lat' dir='ltr'>Papae</span> 
     </span>
     <span class='ocr_line' id='line_1_4' title="bbox 118 673 1236 764; baseline 0.009 -25"><span class='ocrx_word' id='word_1_19' title='bbox 118 673 303 755; x_wconf 70' lang='lat' dir='ltr'>inferiores</span> <span class='ocrx_word' id='word_1_20' title='bbox 322 675 400 742; x_wconf 88' lang='lat' dir='ltr'>licet</span> <span class='ocrx_word' id='word_1_21' title='bbox 424 677 460 743; x_wconf 93' lang='lat' dir='ltr'>in</span> <span class='ocrx_word' id='word_1_22' title='bbox 480 676 530 742; x_wconf 90' lang='lat' dir='ltr'>his</span> <span class='ocrx_word' id='word_1_23' title='bbox 548 676 675 743; x_wconf 78' lang='lat' dir='ltr'>casibus</span> <span class='ocrx_word' id='word_1_24' title='bbox 693 677 800 762; x_wconf 90' lang='lat' dir='ltr'>aliquo</span> <span class='ocrx_word' id='word_1_25' title='bbox 816 696 913 744; x_wconf 91' lang='lat' dir='ltr'>sensu</span> <span class='ocrx_word' id='word_1_26' title='bbox 934 680 968 743; x_wconf 92' lang='lat' dir='ltr'>in</span> <span class='ocrx_word' id='word_1_27' title='bbox 990 681 1122 764; x_wconf 88' lang='lat' dir='ltr'>propria</span> <span class='ocrx_word' id='word_1_28' title='bbox 1139 701 1236 750; x_wconf 91' lang='lat' dir='ltr'>causa</span> 
     </span>
     <span class='ocr_line' id='line_1_5' title="bbox 112 789 1233 882; baseline 0.008 -27"><span class='ocrx_word' id='word_1_29' title='bbox 112 789 280 875; x_wconf 84' lang='lat' dir='ltr'>judicent.</span> <span class='ocrx_word' id='word_1_30' title='bbox 301 795 351 859; x_wconf 91' lang='lat' dir='ltr'>De</span> <span class='ocrx_word' id='word_1_31' title='bbox 374 812 438 879; x_wconf 90' lang='lat' dir='ltr'>qua</span> <span class='ocrx_word' id='word_1_32' title='bbox 460 794 636 879; x_wconf 78' lang='lat' dir='ltr'>quaestione</span> <span class='ocrx_word' id='word_1_33' title='bbox 655 794 700 859; x_wconf 91' lang='lat' dir='ltr'>sic</span> <span class='ocrx_word' id='word_1_34' title='bbox 719 794 1008 878; x_wconf 80' lang='lat' dir='ltr'>schmalzgrueber</span> <span class='ocrx_word' id='word_1_35' title='bbox 1022 796 1106 882; x_wconf 81' lang='lat' dir='ltr'>(loco</span> <span class='ocrx_word' id='word_1_36' title='bbox 1123 799 1233 879; x_wconf 91' lang='lat' dir='ltr'>citato,</span> 
     </span>
     <span class='ocr_line' id='line_1_6' title="bbox 115 907 1237 995; baseline 0.01 -24"><span class='ocrx_word' id='word_1_37' title='bbox 115 927 150 972; x_wconf 86' lang='lat' dir='ltr'>n.</span> <span class='ocrx_word' id='word_1_38' title='bbox 168 907 244 993; x_wconf 79' lang='lat'>19):</span> <span class='ocrx_word' id='word_1_39' title='bbox 261 931 278 972; x_wconf 81' lang='lat' dir='ltr'>u</span> <span class='ocrx_word' id='word_1_40' title='bbox 295 909 343 976; x_wconf 83' lang='lat' dir='ltr'>An</span> <span class='ocrx_word' id='word_1_41' title='bbox 354 909 468 995; x_wconf 88' lang='lat' dir='ltr'>judex,</span> <span class='ocrx_word' id='word_1_42' title='bbox 488 911 576 995; x_wconf 90' lang='lat' dir='ltr'>Papa</span> <span class='ocrx_word' id='word_1_43' title='bbox 589 910 643 976; x_wconf 87' lang='lat' dir='ltr'>vel</span> <span class='ocrx_word' id='word_1_44' title='bbox 654 910 800 994; x_wconf 83' lang='lat' dir='ltr'>principe</span> <span class='ocrx_word' id='word_1_45' title='bbox 816 911 962 989; x_wconf 81' lang='lat' dir='ltr'>inferior,</span> <span class='ocrx_word' id='word_1_46' title='bbox 976 913 1078 995; x_wconf 85' lang='lat' dir='ltr'>possit</span> <span class='ocrx_word' id='word_1_47' title='bbox 1093 915 1127 978; x_wconf 95' lang='lat' dir='ltr'>in</span> <span class='ocrx_word' id='word_1_48' title='bbox 1142 934 1237 982; x_wconf 90' lang='lat' dir='ltr'>causa</span> 
     </span>
     <span class='ocr_line' id='line_1_7' title="bbox 120 1024 1238 1114; baseline 0.004 -23"><span class='ocrx_word' id='word_1_49' title='bbox 120 1053 136 1078; x_wconf 85' lang='lat'>«</span> <span class='ocrx_word' id='word_1_50' title='bbox 150 1026 287 1110; x_wconf 90' lang='lat' dir='ltr'>propria</span> <span class='ocrx_word' id='word_1_51' title='bbox 297 1024 455 1111; x_wconf 87' lang='lat' dir='ltr'>judicare,</span> <span class='ocrx_word' id='word_1_52' title='bbox 474 1026 530 1092; x_wconf 82' lang='lat' dir='ltr'>vel</span> <span class='ocrx_word' id='word_1_53' title='bbox 547 1024 601 1110; x_wconf 86' lang='lat' dir='ltr'>jus</span> <span class='ocrx_word' id='word_1_54' title='bbox 619 1025 757 1109; x_wconf 91' lang='lat' dir='ltr'>sibiipsi</span> <span class='ocrx_word' id='word_1_55' title='bbox 776 1025 908 1092; x_wconf 77' lang='lat' dir='ltr'>dicere?</span> <span class='ocrx_word' id='word_1_56' title='bbox 922 1026 1126 1112; x_wconf 90' lang='lat' dir='ltr'>Respondeo,</span> <span class='ocrx_word' id='word_1_57' title='bbox 1142 1048 1238 1114; x_wconf 81' lang='lat' dir='ltr'>regu-</span> 
     </span>
     <span class='ocr_line' id='line_1_8' title="bbox 117 1142 1239 1229; baseline 0.004 -22"><span class='ocrx_word' id='word_1_58' title='bbox 117 1171 136 1197; x_wconf 79' lang='lat'>«</span> <span class='ocrx_word' id='word_1_59' title='bbox 148 1142 266 1208; x_wconf 81' lang='lat' dir='ltr'>lariter</span> <span class='ocrx_word' id='word_1_60' title='bbox 281 1161 347 1208; x_wconf 91' lang='lat' dir='ltr'>non</span> <span class='ocrx_word' id='word_1_61' title='bbox 364 1160 502 1225; x_wconf 89' lang='lat' dir='ltr'>posse...</span> <span class='ocrx_word' id='word_1_62' title='bbox 518 1143 614 1208; x_wconf 84' lang='lat' dir='ltr'>Ratio</span> <span class='ocrx_word' id='word_1_63' title='bbox 635 1149 686 1208; x_wconf 87' lang='lat' dir='ltr'>est</span> <span class='ocrx_word' id='word_1_64' title='bbox 709 1142 785 1226; x_wconf 85' lang='lat' dir='ltr'>quia</span> <span class='ocrx_word' id='word_1_65' title='bbox 806 1143 842 1208; x_wconf 93' lang='lat' dir='ltr'>in</span> <span class='ocrx_word' id='word_1_66' title='bbox 862 1144 993 1227; x_wconf 90' lang='lat' dir='ltr'>propria</span> <span class='ocrx_word' id='word_1_67' title='bbox 1011 1163 1107 1210; x_wconf 90' lang='lat' dir='ltr'>causa</span> <span class='ocrx_word' id='word_1_68' title='bbox 1120 1144 1174 1229; x_wconf 88' lang='lat' dir='ltr'>jus</span> <span class='ocrx_word' id='word_1_69' title='bbox 1192 1144 1239 1211; x_wconf 87' lang='lat' dir='ltr'>di-</span> 
     </span>
     <span class='ocr_line' id='line_1_9' title="bbox 114 1254 1238 1341; baseline 0.003 -19"><span class='ocrx_word' id='word_1_70' title='bbox 114 1284 136 1311; x_wconf 82' lang='lat'><strong>«</strong></span> <span class='ocrx_word' id='word_1_71' title='bbox 150 1275 240 1336; x_wconf 89' lang='lat' dir='ltr'>cens,</span> <span class='ocrx_word' id='word_1_72' title='bbox 259 1265 398 1341; x_wconf 90' lang='lat' dir='ltr'>propter</span> <span class='ocrx_word' id='word_1_73' title='bbox 423 1256 604 1321; x_wconf 80' lang='lat' dir='ltr'>naturalem</span> <span class='ocrx_word' id='word_1_74' title='bbox 630 1255 832 1321; x_wconf 85' lang='lat' dir='ltr'>affectionem</span> <span class='ocrx_word' id='word_1_75' title='bbox 854 1254 897 1321; x_wconf 90' lang='lat' dir='ltr'>ad</span> <span class='ocrx_word' id='word_1_76' title='bbox 924 1276 1014 1334; x_wconf 88' lang='lat' dir='ltr'>eam,</span> <span class='ocrx_word' id='word_1_77' title='bbox 1044 1260 1162 1327; x_wconf 89' lang='lat' dir='ltr'>merito</span> <span class='ocrx_word' id='word_1_78' title='bbox 1188 1269 1238 1326; x_wconf 86' lang='lat' dir='ltr'>est</span> 
     </span>
     <span class='ocr_line' id='line_1_10' title="bbox 114 1358 1238 1461; baseline 0.002 -22"><span class='ocrx_word' id='word_1_79' title='bbox 114 1402 137 1426; x_wconf 70' lang='grc' dir='ltr'>«ι</span> <span class='ocrx_word' id='word_1_80' title='bbox 148 1381 338 1458; x_wconf 87' lang='lat' dir='ltr'>suspectus;</span> <span class='ocrx_word' id='word_1_81' title='bbox 353 1373 415 1437; x_wconf 90' lang='lat' dir='ltr'>nisi</span> <span class='ocrx_word' id='word_1_82' title='bbox 429 1372 645 1456; x_wconf 89' lang='lat' dir='ltr'>suspicionem</span> <span class='ocrx_word' id='word_1_83' title='bbox 657 1358 739 1437; x_wconf 86' lang='lat' dir='ltr'>hanc</span> <span class='ocrx_word' id='word_1_84' title='bbox 754 1381 875 1456; x_wconf 79' lang='lat' dir='ltr'>purget</span> <span class='ocrx_word' id='word_1_85' title='bbox 888 1372 1038 1457; x_wconf 86' lang='lat' dir='ltr'>dignitas,</span> <span class='ocrx_word' id='word_1_86' title='bbox 1055 1377 1105 1441; x_wconf 92' lang='lat' dir='ltr'>uti</span> <span class='ocrx_word' id='word_1_87' title='bbox 1118 1384 1238 1461; x_wconf 85' lang='lat' dir='ltr'>purgat</span> 
     </span>
     <span class='ocr_line' id='line_1_11' title="bbox 115 1489 1239 1578; baseline 0.004 -22"><span class='ocrx_word' id='word_1_88' title='bbox 115 1519 140 1544; x_wconf 67' lang='grc' dir='ltr'>«ι</span> <span class='ocrx_word' id='word_1_89' title='bbox 152 1491 185 1556; x_wconf 92' lang='lat' dir='ltr'>in</span> <span class='ocrx_word' id='word_1_90' title='bbox 200 1491 314 1578; x_wconf 85' lang='lat' dir='ltr'>judice</span> <span class='ocrx_word' id='word_1_91' title='bbox 333 1508 497 1575; x_wconf 90' lang='lat' dir='ltr'>supremo.</span> <span class='ocrx_word' id='word_1_92' title='bbox 516 1489 737 1574; x_wconf 87' lang='lat' dir='ltr'>Proceditque</span> <span class='ocrx_word' id='word_1_93' title='bbox 763 1491 823 1556; x_wconf 90' lang='lat' dir='ltr'>hoc</span> <span class='ocrx_word' id='word_1_94' title='bbox 845 1492 943 1556; x_wconf 91' lang='lat' dir='ltr'>etiam</span> <span class='ocrx_word' id='word_1_95' title='bbox 968 1491 1010 1557; x_wconf 91' lang='lat' dir='ltr'>de</span> <span class='ocrx_word' id='word_1_96' title='bbox 1036 1492 1171 1574; x_wconf 89' lang='lat' dir='ltr'>arbitro,</span> <span class='ocrx_word' id='word_1_97' title='bbox 1192 1495 1239 1562; x_wconf 92' lang='lat' dir='ltr'>ita</span> 
     </span>
     <span class='ocr_line' id='line_1_12' title="bbox 115 1604 1275 1693; baseline 0.003 -20"><span class='ocrx_word' id='word_1_98' title='bbox 115 1636 141 1661; x_wconf 60' lang='lat' dir='ltr'>a</span> <span class='ocrx_word' id='word_1_99' title='bbox 154 1607 286 1693; x_wconf 85' lang='lat' dir='ltr'>quidem</span> <span class='ocrx_word' id='word_1_100' title='bbox 298 1614 337 1672; x_wconf 95' lang='lat' dir='ltr'>ut</span> <span class='ocrx_word' id='word_1_101' title='bbox 351 1625 418 1671; x_wconf 94' lang='lat' dir='ltr'>non</span> <span class='ocrx_word' id='word_1_102' title='bbox 429 1613 557 1671; x_wconf 89' lang='lat' dir='ltr'>tantum</span> <span class='ocrx_word' id='word_1_103' title='bbox 570 1607 731 1672; x_wconf 88' lang='lat' dir='ltr'>sententia</span> <span class='ocrx_word' id='word_1_104' title='bbox 741 1604 871 1690; x_wconf 84' lang='lat' dir='ltr'>judicis,</span> <span class='ocrx_word' id='word_1_105' title='bbox 889 1605 950 1672; x_wconf 88' lang='lat' dir='ltr'>sed</span> <span class='ocrx_word' id='word_1_106' title='bbox 962 1608 1059 1673; x_wconf 90' lang='lat' dir='ltr'>etiam</span> <span class='ocrx_word' id='word_1_107' title='bbox 1070 1609 1238 1678; x_wconf 84' lang='lat' dir='ltr'>arbitrium</span> <span class='ocrx_word' id='word_1_108' title='bbox 1272 1618 1275 1622; x_wconf 86' lang='grc'><strong>’</strong></span> 
     </span>
     <span class='ocr_line' id='line_1_13' title="bbox 117 1720 1239 1810; baseline 0.002 -20"><span class='ocrx_word' id='word_1_109' title='bbox 117 1751 144 1775; x_wconf 82' lang='lat'>·‹</span> <span class='ocrx_word' id='word_1_110' title='bbox 154 1723 183 1790; x_wconf 94' lang='lat' dir='ltr'>in</span> <span class='ocrx_word' id='word_1_111' title='bbox 193 1725 331 1809; x_wconf 89' lang='lat' dir='ltr'>propria</span> <span class='ocrx_word' id='word_1_112' title='bbox 344 1742 441 1789; x_wconf 87' lang='lat' dir='ltr'>causa</span> <span class='ocrx_word' id='word_1_113' title='bbox 455 1722 619 1806; x_wconf 89' lang='lat' dir='ltr'>prolatum</span> <span class='ocrx_word' id='word_1_114' title='bbox 633 1720 811 1788; x_wconf 82' lang='lat' dir='ltr'>invalidum</span> <span class='ocrx_word' id='word_1_115' title='bbox 829 1723 912 1788; x_wconf 89' lang='lat' dir='ltr'>sit...</span> <span class='ocrx_word' id='word_1_116' title='bbox 935 1724 1011 1788; x_wconf 82' lang='lat' dir='ltr'>Dixi</span> <span class='ocrx_word' id='word_1_117' title='bbox 1030 1733 1139 1791; x_wconf 87' lang='lat' dir='ltr'>autem</span> <span class='ocrx_word' id='word_1_118' title='bbox 1155 1748 1239 1810; x_wconf 77' lang='lat' dir='ltr'>repu-</span> 
     </span>
     <span class='ocr_line' id='line_1_14' title="bbox 119 1837 1240 1925; baseline 0.005 -20"><span class='ocrx_word' id='word_1_119' title='bbox 119 1867 146 1890; x_wconf 69' lang='grc' dir='ltr'>ι·</span> <span class='ocrx_word' id='word_1_120' title='bbox 158 1841 259 1906; x_wconf 77' lang='lat' dir='ltr'>briter</span> <span class='ocrx_word' id='word_1_121' title='bbox 269 1863 286 1921; x_wconf 90' lang='lat'>,·</span> <span class='ocrx_word' id='word_1_122' title='bbox 296 1858 373 1904; x_wconf 88' lang='lat' dir='ltr'>nam</span> <span class='ocrx_word' id='word_1_123' title='bbox 385 1839 497 1922; x_wconf 92' lang='lat' dir='ltr'>plures</span> <span class='ocrx_word' id='word_1_124' title='bbox 512 1846 588 1904; x_wconf 88' lang='lat' dir='ltr'>sunt</span> <span class='ocrx_word' id='word_1_125' title='bbox 599 1856 693 1902; x_wconf 90' lang='lat' dir='ltr'>casus</span> <span class='ocrx_word' id='word_1_126' title='bbox 707 1837 826 1923; x_wconf 87' lang='lat' dir='ltr'>quibus</span> <span class='ocrx_word' id='word_1_127' title='bbox 836 1837 973 1904; x_wconf 85' lang='lat' dir='ltr'>inferior</span> <span class='ocrx_word' id='word_1_128' title='bbox 981 1838 1086 1924; x_wconf 81' lang='lat' dir='ltr'>judex</span> <span class='ocrx_word' id='word_1_129' title='bbox 1094 1841 1240 1925; x_wconf 84' lang='lat' dir='ltr'>legitime</span> 
     </span>
     <span class='ocr_line' id='line_1_15' title="bbox 122 1954 1237 2040; baseline 0.004 -18"><span class='ocrx_word' id='word_1_130' title='bbox 122 1982 146 2004; x_wconf 62' lang='grc' dir='ltr'>«ι</span> <span class='ocrx_word' id='word_1_131' title='bbox 156 1954 302 2037; x_wconf 87' lang='lat' dir='ltr'>procedit</span> <span class='ocrx_word' id='word_1_132' title='bbox 313 1956 348 2020; x_wconf 92' lang='lat' dir='ltr'>in</span> <span class='ocrx_word' id='word_1_133' title='bbox 362 1974 457 2021; x_wconf 86' lang='lat' dir='ltr'>causa</span> <span class='ocrx_word' id='word_1_134' title='bbox 476 1972 546 2040; x_wconf 85' lang='lat' dir='ltr'>quae</span> <span class='ocrx_word' id='word_1_135' title='bbox 562 1957 731 2038; x_wconf 89' lang='lat' dir='ltr'>ipsiusmet</span> <span class='ocrx_word' id='word_1_136' title='bbox 745 1961 806 2032; x_wconf 87' lang='lat' dir='ltr'>est,</span> <span class='ocrx_word' id='word_1_137' title='bbox 825 1959 884 2019; x_wconf 90' lang='lat' dir='ltr'>aut</span> <span class='ocrx_word' id='word_1_138' title='bbox 902 1973 972 2020; x_wconf 89' lang='lat' dir='ltr'>esse</span> <span class='ocrx_word' id='word_1_139' title='bbox 988 1955 1094 2022; x_wconf 84' lang='lat' dir='ltr'>rideri</span> <span class='ocrx_word' id='word_1_140' title='bbox 1108 1964 1237 2040; x_wconf 86' lang='lat' dir='ltr'>potest:</span> 
     </span>
     <span class='ocr_line' id='line_1_16' title="bbox 117 2066 1242 2155; baseline 0.004 -19"><span class='ocrx_word' id='word_1_141' title='bbox 117 2095 143 2118; x_wconf 66' lang='grc' dir='ltr'><strong>α</strong></span> <span class='ocrx_word' id='word_1_142' title='bbox 156 2072 256 2138; x_wconf 81' lang='lat' dir='ltr'>ueluti</span> <span class='ocrx_word' id='word_1_143' title='bbox 262 2077 366 2154; x_wconf 82' lang='lat' dir='ltr'>primo</span> <span class='ocrx_word' id='word_1_144' title='bbox 378 2071 413 2135; x_wconf 93' lang='lat' dir='ltr'>in</span> <span class='ocrx_word' id='word_1_145' title='bbox 426 2069 466 2134; x_wconf 90' lang='lat' dir='ltr'>iis</span> <span class='ocrx_word' id='word_1_146' title='bbox 480 2087 551 2154; x_wconf 85' lang='lat' dir='ltr'>quae</span> <span class='ocrx_word' id='word_1_147' title='bbox 563 2073 639 2132; x_wconf 89' lang='lat' dir='ltr'>sunt</span> <span class='ocrx_word' id='word_1_148' title='bbox 649 2066 881 2153; x_wconf 88' lang='lat' dir='ltr'>jurisdictionis</span> <span class='ocrx_word' id='word_1_149' title='bbox 895 2069 1100 2155; x_wconf 80' lang='lat' dir='ltr'>uoluntariae3</span> <span class='ocrx_word' id='word_1_150' title='bbox 1118 2090 1195 2137; x_wconf 88' lang='lat' dir='ltr'>nam</span> <span class='ocrx_word' id='word_1_151' title='bbox 1206 2075 1242 2142; x_wconf 89' lang='lat' dir='ltr'>in</span> 
     </span>
     <span class='ocr_line' id='line_1_17' title="bbox 118 2157 1237 2271; baseline 0.002 -18"><span class='ocrx_word' id='word_1_152' title='bbox 118 2209 135 2232; x_wconf 72' lang='lat'>‘¹</span> <span class='ocrx_word' id='word_1_153' title='bbox 150 2183 211 2266; x_wconf 86' lang='lat' dir='ltr'>his,</span> <span class='ocrx_word' id='word_1_154' title='bbox 230 2193 271 2252; x_wconf 88' lang='lat' dir='ltr'>ut</span> <span class='ocrx_word' id='word_1_155' title='bbox 286 2157 359 2271; x_wconf 86' lang='lat' dir='ltr'>quis</span> <span class='ocrx_word' id='word_1_156' title='bbox 371 2185 535 2270; x_wconf 90' lang='lat' dir='ltr'>publicam</span> <span class='ocrx_word' id='word_1_157' title='bbox 549 2184 645 2249; x_wconf 90' lang='lat' dir='ltr'>simul</span> <span class='ocrx_word' id='word_1_158' title='bbox 658 2192 693 2250; x_wconf 90' lang='lat' dir='ltr'>et</span> <span class='ocrx_word' id='word_1_159' title='bbox 708 2185 868 2267; x_wconf 86' lang='lat' dir='ltr'>privatam</span> <span class='ocrx_word' id='word_1_160' title='bbox 881 2203 1054 2268; x_wconf 90' lang='lat' dir='ltr'>personam</span> <span class='ocrx_word' id='word_1_161' title='bbox 1068 2188 1237 2269; x_wconf 89' lang='lat' dir='ltr'>sustineat,</span> 
     </span>
     <span class='ocr_line' id='line_1_18' title="bbox 110 2301 1235 2388; baseline -0.002 -17"><span class='ocrx_word' id='word_1_162' title='bbox 110 2324 128 2348; x_wconf 72' lang='lat'>‘¹</span> <span class='ocrx_word' id='word_1_163' title='bbox 147 2303 352 2384; x_wconf 83' lang='lat' dir='ltr'>permittunt</span> <span class='ocrx_word' id='word_1_164' title='bbox 365 2301 451 2387; x_wconf 83' lang='lat' dir='ltr'>jura,</span> <span class='ocrx_word' id='word_1_165' title='bbox 465 2307 503 2367; x_wconf 89' lang='lat' dir='ltr'>ut</span> <span class='ocrx_word' id='word_1_166' title='bbox 514 2307 606 2384; x_wconf 87' lang='lat' dir='ltr'>patet</span> <span class='ocrx_word' id='word_1_167' title='bbox 617 2301 741 2383; x_wconf 79' lang='lat' dir='ltr'>exlege</span> <span class='ocrx_word' id='word_1_168' title='bbox 756 2304 792 2364; x_wconf 76' lang='lat' dir='ltr'>st</span> <span class='ocrx_word' id='word_1_169' title='bbox 805 2303 908 2365; x_wconf 79' lang='lat' dir='ltr'>consol</span> <span class='ocrx_word' id='word_1_170' title='bbox 921 2304 953 2379; x_wconf 89' lang='grc'>3,</span> <span class='ocrx_word' id='word_1_171' title='bbox 969 2301 1002 2367; x_wconf 84' lang='lat' dir='ltr'>ff.</span> <span class='ocrx_word' id='word_1_172' title='bbox 1013 2305 1235 2388; x_wconf 75' lang='lat' dir='ltr'>deddoptioae,</span> 
     </span>
     <span class='ocr_line' id='line_1_19' title="bbox 108 2405 1242 2504; baseline 0.005 -24"><span class='ocrx_word' id='word_1_173' title='bbox 108 2437 122 2462; x_wconf 71' lang='lat'>⁸«</span> <span class='ocrx_word' id='word_1_174' title='bbox 139 2425 185 2484; x_wconf 83' lang='lat' dir='ltr'>et</span> <span class='ocrx_word' id='word_1_175' title='bbox 199 2405 277 2504; x_wconf 86' lang='lat' dir='ltr'>lege</span> <span class='ocrx_word' id='word_1_176' title='bbox 292 2422 381 2501; x_wconf 82' lang='lat' dir='ltr'>Apud</span> <span class='ocrx_word' id='word_1_177' title='bbox 400 2419 502 2497; x_wconf 76' lang='lat' dir='ltr'>filium</span> <span class='ocrx_word' id='word_1_178' title='bbox 524 2420 576 2494; x_wconf 84' lang='lat'>18,</span> <span class='ocrx_word' id='word_1_179' title='bbox 593 2415 627 2481; x_wconf 78' lang='lat' dir='ltr'>a.</span> <span class='ocrx_word' id='word_1_180' title='bbox 653 2419 691 2480; x_wconf 82' lang='lat' dir='ltr'>dc</span> <span class='ocrx_word' id='word_1_181' title='bbox 708 2420 832 2481; x_wconf 80' lang='lat' dir='ltr'>Manum</span> <span class='ocrx_word' id='word_1_182' title='bbox 848 2420 996 2498; x_wconf 80' lang='lat' dir='ltr'>vindict.,·</span> <span class='ocrx_word' id='word_1_183' title='bbox 1007 2417 1065 2483; x_wconf 89' lang='lat' dir='ltr'>ubi</span> <span class='ocrx_word' id='word_1_184' title='bbox 1085 2421 1242 2486; x_wconf 85' lang='lat' dir='ltr'>statuitur</span> 
     </span>
     <span class='ocr_line' id='line_1_20' title="bbox 105 2530 1240 2619; baseline 0.007 -24"><span class='ocrx_word' id='word_1_185' title='bbox 105 2534 351 2618; x_wconf 72' lang='lat' dir='ltr'>«emancipari</span> <span class='ocrx_word' id='word_1_186' title='bbox 379 2541 415 2598; x_wconf 88' lang='lat' dir='ltr'>et</span> <span class='ocrx_word' id='word_1_187' title='bbox 434 2533 468 2597; x_wconf 89' lang='lat' dir='ltr'>in</span> <span class='ocrx_word' id='word_1_188' title='bbox 490 2531 700 2615; x_wconf 88' lang='lat' dir='ltr'>adoptionem</span> <span class='ocrx_word' id='word_1_189' title='bbox 718 2530 796 2595; x_wconf 88' lang='lat' dir='ltr'>dari</span> <span class='ocrx_word' id='word_1_190' title='bbox 818 2532 959 2617; x_wconf 90' lang='lat' dir='ltr'>aliquem</span> <span class='ocrx_word' id='word_1_191' title='bbox 983 2532 1073 2616; x_wconf 87' lang='lat' dir='ltr'>apud</span> <span class='ocrx_word' id='word_1_192' title='bbox 1096 2535 1240 2619; x_wconf 91' lang='lat' dir='ltr'>seipsum</span> 
     </span>
     <span class='ocr_line' id='line_1_21' title="bbox 101 2646 1239 2732; baseline 0 -15"><span class='ocrx_word' id='word_1_193' title='bbox 101 2664 114 2695; x_wconf 61' lang='lat' dir='ltr'>l</span> <span class='ocrx_word' id='word_1_194' title='bbox 133 2662 258 2728; x_wconf 82' lang='lat' dir='ltr'>posse.</span> <span class='ocrx_word' id='word_1_195' title='bbox 276 2649 491 2732; x_wconf 81' lang='lat' dir='ltr'>Excipiuntur</span> <span class='ocrx_word' id='word_1_196' title='bbox 507 2647 532 2712; x_wconf 92' lang='lat' dir='ltr'>ii</span> <span class='ocrx_word' id='word_1_197' title='bbox 545 2654 638 2713; x_wconf 88' lang='lat' dir='ltr'>actus</span> <span class='ocrx_word' id='word_1_198' title='bbox 651 2646 707 2731; x_wconf 91' lang='lat' dir='ltr'>qui</span> <span class='ocrx_word' id='word_1_199' title='bbox 718 2647 889 2729; x_wconf 88' lang='lat' dir='ltr'>specialem</span> <span class='ocrx_word' id='word_1_200' title='bbox 903 2665 1007 2722; x_wconf 71' lang='lat' dir='ltr'>causae</span> <span class='ocrx_word' id='word_1_201' title='bbox 1023 2650 1239 2732; x_wconf 84' lang='lat' dir='ltr'>cognitionem</span> 
     </span>
     <span class='ocr_line' id='line_1_22' title="bbox 102 2762 1240 2853; baseline 0.007 -28"><span class='ocrx_word' id='word_1_202' title='bbox 102 2780 111 2803; x_wconf 69' lang='lat' dir='ltr'>r</span> <span class='ocrx_word' id='word_1_203' title='bbox 131 2772 376 2853; x_wconf 79' lang='lat' dir='ltr'>exposcunt...</span> <span class='ocrx_word' id='word_1_204' title='bbox 394 2767 529 2830; x_wconf 74' lang='lat' dir='ltr'>Secundo</span> <span class='ocrx_word' id='word_1_205' title='bbox 543 2763 570 2828; x_wconf 94' lang='lat' dir='ltr'>si</span> <span class='ocrx_word' id='word_1_206' title='bbox 580 2762 715 2841; x_wconf 89' lang='lat' dir='ltr'>factum,</span> <span class='ocrx_word' id='word_1_207' title='bbox 736 2763 877 2845; x_wconf 80' lang='lat' dir='ltr'>exempli</span> <span class='ocrx_word' id='word_1_208' title='bbox 900 2762 1015 2846; x_wconf 84' lang='lat' dir='ltr'>gratia,</span> <span class='ocrx_word' id='word_1_209' title='bbox 1032 2763 1151 2848; x_wconf 89' lang='lat' dir='ltr'>injuria</span> <span class='ocrx_word' id='word_1_210' title='bbox 1177 2767 1240 2849; x_wconf 90' lang='lat' dir='ltr'>ipsi</span> 
     </span>
     <span class='ocr_line' id='line_1_23' title="bbox 99 2871 1238 2961; baseline -0.005 -8"><span class='ocrx_word' id='word_1_211' title='bbox 99 2871 253 2954; x_wconf 74' lang='lat' dir='ltr'>“judici</span> <span class='ocrx_word' id='word_1_212' title='bbox 264 2883 366 2960; x_wconf 89' lang='lat' dir='ltr'>illata,</span> <span class='ocrx_word' id='word_1_213' title='bbox 384 2882 425 2946; x_wconf 90' lang='lat' dir='ltr'>sit</span> <span class='ocrx_word' id='word_1_214' title='bbox 436 2880 604 2947; x_wconf 89' lang='lat' dir='ltr'>notoria...</span> <span class='ocrx_word' id='word_1_215' title='bbox 625 2884 737 2959; x_wconf 81' lang='lat' dir='ltr'>Tertio,</span> <span class='ocrx_word' id='word_1_216' title='bbox 760 2878 937 2961; x_wconf 85' lang='lat' dir='ltr'>Episcopus</span> <span class='ocrx_word' id='word_1_217' title='bbox 956 2879 1011 2944; x_wconf 87' lang='lat' dir='ltr'>vel</span> <span class='ocrx_word' id='word_1_218' title='bbox 1032 2881 1113 2945; x_wconf 91' lang='lat' dir='ltr'>alius</span> <span class='ocrx_word' id='word_1_219' title='bbox 1128 2881 1238 2948; x_wconf 90' lang='lat' dir='ltr'>similis</span> 
     </span>
     <span class='ocr_line' id='line_1_24' title="bbox 96 2993 1240 3082; baseline -0.002 -16"><span class='ocrx_word' id='word_1_220' title='bbox 96 3009 106 3039; x_wconf 66' lang='lat' dir='ltr'>l</span> <span class='ocrx_word' id='word_1_221' title='bbox 126 3000 306 3074; x_wconf 78' lang='lat' dir='ltr'>Draelatus</span> <span class='ocrx_word' id='word_1_222' title='bbox 315 2995 463 3082; x_wconf 85' lang='lat' dir='ltr'>judicare</span> <span class='ocrx_word' id='word_1_223' title='bbox 479 3001 588 3080; x_wconf 90' lang='lat' dir='ltr'>potest</span> <span class='ocrx_word' id='word_1_224' title='bbox 599 2995 633 3059; x_wconf 89' lang='lat' dir='ltr'>in</span> <span class='ocrx_word' id='word_1_225' title='bbox 652 3013 748 3058; x_wconf 85' lang='lat' dir='ltr'>causa</span> <span class='ocrx_word' id='word_1_226' title='bbox 769 3011 834 3058; x_wconf 85' lang='lat' dir='ltr'>suae</span> <span class='ocrx_word' id='word_1_227' title='bbox 855 2993 1004 3058; x_wconf 85' lang='lat' dir='ltr'>Ecclesiae</span> <span class='ocrx_word' id='word_1_228' title='bbox 1023 3015 1030 3059; x_wconf 94' lang='lat'><strong>:</strong></span> <span class='ocrx_word' id='word_1_229' title='bbox 1046 2993 1104 3060; x_wconf 90' lang='lat' dir='ltr'>ubi</span> <span class='ocrx_word' id='word_1_230' title='bbox 1127 3001 1240 3064; x_wconf 89' lang='lat' dir='ltr'>tamen</span> 
     </span>
     <span class='ocr_line' id='line_1_25' title="bbox 95 3102 1239 3197; baseline -0.003 -16"><span class='ocrx_word' id='word_1_231' title='bbox 95 3125 103 3148; x_wconf 80' lang='lat'>‘¹</span> <span class='ocrx_word' id='word_1_232' title='bbox 122 3123 200 3183; x_wconf 73' lang='lat' dir='ltr'>est</span> <span class='ocrx_word' id='word_1_233' title='bbox 212 3111 481 3197; x_wconf 88' lang='lat' dir='ltr'>distinguendum</span> <span class='ocrx_word' id='word_1_234' title='bbox 498 3131 539 3177; x_wconf 91' lang='lat' dir='ltr'>an</span> <span class='ocrx_word' id='word_1_235' title='bbox 555 3129 651 3176; x_wconf 88' lang='lat' dir='ltr'>causa</span> <span class='ocrx_word' id='word_1_236' title='bbox 673 3102 799 3175; x_wconf 86' lang='lat' dir='ltr'>directe</span> <span class='ocrx_word' id='word_1_237' title='bbox 819 3117 853 3174; x_wconf 88' lang='lat' dir='ltr'>et</span> <span class='ocrx_word' id='word_1_238' title='bbox 874 3109 1096 3193; x_wconf 88' lang='lat' dir='ltr'>principaliter</span> <span class='ocrx_word' id='word_1_239' title='bbox 1111 3119 1239 3193; x_wconf 88' lang='lat' dir='ltr'>spectet</span> 
     </span>
     <span class='ocr_line' id='line_1_26' title="bbox 95 3225 1239 3316; baseline -0.003 -18"><span class='ocrx_word' id='word_1_240' title='bbox 95 3238 102 3262; x_wconf 83' lang='lat'><em>¹</em></span> <span class='ocrx_word' id='word_1_241' title='bbox 118 3231 191 3298; x_wconf 58' lang='lat' dir='ltr'>&amp;d</span> <span class='ocrx_word' id='word_1_242' title='bbox 203 3233 307 3316; x_wconf 90' lang='lat' dir='ltr'>ipsam</span> <span class='ocrx_word' id='word_1_243' title='bbox 323 3228 498 3295; x_wconf 83' lang='lat' dir='ltr'>Ecclesiam</span> <span class='ocrx_word' id='word_1_244' title='bbox 517 3235 552 3292; x_wconf 84' lang='lat' dir='ltr'>et</span> <span class='ocrx_word' id='word_1_245' title='bbox 570 3225 760 3310; x_wconf 82' lang='lat' dir='ltr'>dignitatem</span> <span class='ocrx_word' id='word_1_246' title='bbox 782 3226 1008 3311; x_wconf 88' lang='lat' dir='ltr'>episcopalem,</span> <span class='ocrx_word' id='word_1_247' title='bbox 1026 3246 1067 3291; x_wconf 91' lang='lat' dir='ltr'>an</span> <span class='ocrx_word' id='word_1_248' title='bbox 1085 3225 1128 3293; x_wconf 91' lang='lat' dir='ltr'>ad</span> <span class='ocrx_word' id='word_1_249' title='bbox 1146 3227 1239 3311; x_wconf 89' lang='lat' dir='ltr'>Epis·</span> 
     </span>
     <span class='ocr_line' id='line_1_27' title="bbox 95 3343 1237 3432; baseline -0.002 -19"><span class='ocrx_word' id='word_1_250' title='bbox 95 3353 102 3377; x_wconf 64' lang='lat' dir='ltr'>l</span> <span class='ocrx_word' id='word_1_251' title='bbox 120 3350 221 3432; x_wconf 64' lang='lat' dir='ltr'>copi</span> <span class='ocrx_word' id='word_1_252' title='bbox 230 3348 333 3430; x_wconf 89' lang='lat' dir='ltr'>ipsius</span> <span class='ocrx_word' id='word_1_253' title='bbox 344 3344 440 3428; x_wconf 90' lang='lat' dir='ltr'>eique</span> <span class='ocrx_word' id='word_1_254' title='bbox 458 3344 568 3409; x_wconf 91' lang='lat' dir='ltr'>similis</span> <span class='ocrx_word' id='word_1_255' title='bbox 584 3343 709 3426; x_wconf 69' lang='lat' dir='ltr'>praelati</span> <span class='ocrx_word' id='word_1_256' title='bbox 722 3360 894 3425; x_wconf 88' lang='lat' dir='ltr'>personam</span> <span class='ocrx_word' id='word_1_257' title='bbox 905 3364 912 3409; x_wconf 93' lang='lat'><strong>:</strong></span> <span class='ocrx_word' id='word_1_258' title='bbox 925 3343 952 3407; x_wconf 91' lang='lat' dir='ltr'>si</span> <span class='ocrx_word' id='word_1_259' title='bbox 962 3343 1113 3427; x_wconf 89' lang='lat' dir='ltr'>primum,</span> <span class='ocrx_word' id='word_1_260' title='bbox 1126 3351 1237 3428; x_wconf 90' lang='lat' dir='ltr'>potest</span> 
     </span>
     <span class='ocr_line' id='line_1_28' title="bbox 95 3450 1236 3549; baseline 0.001 -23"><span class='ocrx_word' id='word_1_261' title='bbox 95 3450 327 3549; x_wconf 73' lang='lat' dir='ltr'>“Episcopus</span> <span class='ocrx_word' id='word_1_262' title='bbox 349 3462 385 3527; x_wconf 94' lang='lat' dir='ltr'>in</span> <span class='ocrx_word' id='word_1_263' title='bbox 411 3478 507 3526; x_wconf 87' lang='lat' dir='ltr'>causa</span> <span class='ocrx_word' id='word_1_264' title='bbox 535 3478 606 3525; x_wconf 89' lang='lat' dir='ltr'>esse</span> <span class='ocrx_word' id='word_1_265' title='bbox 630 3457 774 3543; x_wconf 86' lang='lat' dir='ltr'>judex...</span> <span class='ocrx_word' id='word_1_266' title='bbox 798 3459 918 3524; x_wconf 87' lang='lat' dir='ltr'>Notant</span> <span class='ocrx_word' id='word_1_267' title='bbox 945 3466 1055 3523; x_wconf 87' lang='lat' dir='ltr'>tamen</span> <span class='ocrx_word' id='word_1_268' title='bbox 1082 3458 1236 3527; x_wconf 90' lang='lat' dir='ltr'>doctores</span> 
     </span>
     <span class='ocr_line' id='line_1_29' title="bbox 96 3572 1238 3660; baseline -0.002 -14"><span class='ocrx_word' id='word_1_269' title='bbox 96 3587 105 3611; x_wconf 74' lang='lat'>⁸</span> <span class='ocrx_word' id='word_1_270' title='bbox 126 3578 303 3646; x_wconf 73' lang='lat' dir='ltr'>eumdem</span> <span class='ocrx_word' id='word_1_271' title='bbox 319 3577 381 3643; x_wconf 93' lang='lat' dir='ltr'>hoc</span> <span class='ocrx_word' id='word_1_272' title='bbox 396 3594 472 3642; x_wconf 88' lang='lat' dir='ltr'>casu</span> <span class='ocrx_word' id='word_1_273' title='bbox 484 3575 627 3641; x_wconf 85' lang='lat' dir='ltr'>recusari</span> <span class='ocrx_word' id='word_1_274' title='bbox 639 3592 732 3656; x_wconf 91' lang='lat' dir='ltr'>posse</span> <span class='ocrx_word' id='word_1_275' title='bbox 749 3593 767 3638; x_wconf 89' lang='lat' dir='ltr'>a</span> <span class='ocrx_word' id='word_1_276' title='bbox 780 3572 928 3655; x_wconf 91' lang='lat' dir='ltr'>partibus</span> <span class='ocrx_word' id='word_1_277' title='bbox 939 3579 1091 3658; x_wconf 87' lang='lat' dir='ltr'>tanquam</span> <span class='ocrx_word' id='word_1_278' title='bbox 1107 3595 1238 3660; x_wconf 89' lang='lat' dir='ltr'>suspec-</span> 
     </span>
     <span class='ocr_line' id='line_1_30' title="bbox 99 3687 1235 3778; baseline 0.005 -26"><span class='ocrx_word' id='word_1_279' title='bbox 99 3704 109 3728; x_wconf 63' lang='lat' dir='ltr'>r</span> <span class='ocrx_word' id='word_1_280' title='bbox 130 3691 229 3775; x_wconf 80' lang='lat' dir='ltr'>tum,</span> <span class='ocrx_word' id='word_1_281' title='bbox 248 3694 292 3761; x_wconf 93' lang='lat' dir='ltr'>ob</span> <span class='ocrx_word' id='word_1_282' title='bbox 303 3691 589 3778; x_wconf 74' lang='lat' dir='ltr'>presumptionem</span> <span class='ocrx_word' id='word_1_283' title='bbox 601 3689 770 3773; x_wconf 80' lang='lat' dir='ltr'>singularis</span> <span class='ocrx_word' id='word_1_284' title='bbox 786 3687 963 3754; x_wconf 85' lang='lat' dir='ltr'>affectionis</span> <span class='ocrx_word' id='word_1_285' title='bbox 979 3706 1056 3772; x_wconf 86' lang='lat' dir='ltr'>erga</span> <span class='ocrx_word' id='word_1_286' title='bbox 1072 3709 1162 3756; x_wconf 86' lang='lat' dir='ltr'>suam</span> <span class='ocrx_word' id='word_1_287' title='bbox 1174 3693 1235 3758; x_wconf 85' lang='lat' dir='ltr'>Ec·</span> 
     </span>
     <span class='ocr_line' id='line_1_31' title="bbox 102 3803 1019 3890; baseline -0.013 -10"><span class='ocrx_word' id='word_1_288' title='bbox 102 3818 112 3842; x_wconf 71' lang='lat'>‘⁴</span> <span class='ocrx_word' id='word_1_289' title='bbox 132 3811 278 3880; x_wconf 60' lang='lat' dir='ltr'>&lt;alestam</span> <span class='ocrx_word' id='word_1_290' title='bbox 295 3829 303 3874; x_wconf 78' lang='lat' dir='ltr'>t</span> <span class='ocrx_word' id='word_1_291' title='bbox 320 3812 348 3876; x_wconf 94' lang='lat' dir='ltr'>si</span> <span class='ocrx_word' id='word_1_292' title='bbox 364 3806 556 3887; x_wconf 89' lang='lat' dir='ltr'>secundum,</span> <span class='ocrx_word' id='word_1_293' title='bbox 574 3824 640 3870; x_wconf 94' lang='lat' dir='ltr'>non</span> <span class='ocrx_word' id='word_1_294' title='bbox 657 3813 766 3889; x_wconf 90' lang='lat' dir='ltr'>potest</span> <span class='ocrx_word' id='word_1_295' title='bbox 784 3822 853 3870; x_wconf 88' lang='lat' dir='ltr'>esse</span> <span class='ocrx_word' id='word_1_296' title='bbox 867 3803 981 3890; x_wconf 84' lang='lat' dir='ltr'>judex.</span> <span class='ocrx_word' id='word_1_297' title='bbox 1001 3826 1019 3867; x_wconf 80' lang='lat' dir='ltr'>a</span> 
     </span>
     <span class='ocr_line' id='line_1_32' title="bbox 120 3919 1235 4010; baseline -0.004 -15"><span class='ocrx_word' id='word_1_298' title='bbox 120 3964 126 3971; x_wconf 93' lang='lat'>·</span> <span class='ocrx_word' id='word_1_299' title='bbox 156 3931 263 3994; x_wconf 80' lang='lat' dir='ltr'>Tertia</span> <span class='ocrx_word' id='word_1_300' title='bbox 279 3932 424 4010; x_wconf 76' lang='lat' dir='ltr'>exceptio.</span> <span class='ocrx_word' id='word_1_301' title='bbox 441 3961 487 3974; x_wconf 89' lang='lat'><em>-</em></span> <span class='ocrx_word' id='word_1_302' title='bbox 504 3923 647 4006; x_wconf 87' lang='lat' dir='ltr'>Respicit</span> <span class='ocrx_word' id='word_1_303' title='bbox 665 3922 885 4007; x_wconf 76' lang='lat' dir='ltr'>questionem,</span> <span class='ocrx_word' id='word_1_304' title='bbox 903 3927 1015 3986; x_wconf 90' lang='lat' dir='ltr'>utrum</span> <span class='ocrx_word' id='word_1_305' title='bbox 1027 3919 1131 4006; x_wconf 85' lang='lat' dir='ltr'>judex</span> <span class='ocrx_word' id='word_1_306' title='bbox 1141 3921 1235 4008; x_wconf 87' lang='lat' dir='ltr'>cujus</span> 
     </span>
     <span class='ocr_line' id='line_1_33' title="bbox 109 4025 1231 4130; baseline -0.002 -20"><span class='ocrx_word' id='word_1_307' title='bbox 109 4025 307 4125; x_wconf 78' lang='lat' dir='ltr'>iurisdictio,</span> <span class='ocrx_word' id='word_1_308' title='bbox 327 4039 566 4130; x_wconf 87' lang='lat' dir='ltr'>quoadcausam</span> <span class='ocrx_word' id='word_1_309' title='bbox 582 4040 721 4126; x_wconf 88' lang='lat' dir='ltr'>aliquam</span> <span class='ocrx_word' id='word_1_310' title='bbox 732 4037 774 4105; x_wconf 90' lang='lat' dir='ltr'>ad</span> <span class='ocrx_word' id='word_1_311' title='bbox 785 4040 885 4122; x_wconf 89' lang='lat' dir='ltr'>ipsius</span> <span class='ocrx_word' id='word_1_312' title='bbox 900 4037 1045 4103; x_wconf 90' lang='lat' dir='ltr'>tribunal</span> <span class='ocrx_word' id='word_1_313' title='bbox 1060 4039 1231 4123; x_wconf 86' lang='lat' dir='ltr'>perlatam,</span> 
     </span>
     <span class='ocr_line' id='line_1_34' title="bbox 115 4144 1236 4243; baseline -0.004 -13"><span class='ocrx_word' id='word_1_314' title='bbox 115 4144 303 4229; x_wconf 59' lang='lat' dir='ltr'>bachium</span> <span class='ocrx_word' id='word_1_315' title='bbox 321 4168 469 4239; x_wconf 85' lang='lat' dir='ltr'>vocatur,</span> <span class='ocrx_word' id='word_1_316' title='bbox 492 4157 592 4243; x_wconf 88' lang='lat' dir='ltr'>possit</span> <span class='ocrx_word' id='word_1_317' title='bbox 612 4157 681 4240; x_wconf 91' lang='lat' dir='ltr'>ipse</span> <span class='ocrx_word' id='word_1_318' title='bbox 697 4156 918 4240; x_wconf 87' lang='lat' dir='ltr'>pronuntiare,</span> <span class='ocrx_word' id='word_1_319' title='bbox 933 4153 976 4219; x_wconf 92' lang='lat' dir='ltr'>ad</span> <span class='ocrx_word' id='word_1_320' title='bbox 999 4173 1129 4222; x_wconf 86' lang='lat' dir='ltr'>causam</span> <span class='ocrx_word' id='word_1_321' title='bbox 1146 4157 1236 4226; x_wconf 90' lang='lat' dir='ltr'>illam</span> 
     </span>
     <span class='ocr_line' id='line_1_35' title="bbox 122 4270 1236 4360; baseline -0.002 -15"><span class='ocrx_word' id='word_1_322' title='bbox 122 4280 192 4344; x_wconf 68' lang='lat' dir='ltr'>Sese</span> <span class='ocrx_word' id='word_1_323' title='bbox 205 4277 383 4345; x_wconf 85' lang='lat' dir='ltr'>extendere</span> <span class='ocrx_word' id='word_1_324' title='bbox 397 4293 488 4340; x_wconf 90' lang='lat' dir='ltr'>suam</span> <span class='ocrx_word' id='word_1_325' title='bbox 499 4272 582 4358; x_wconf 86' lang='lat' dir='ltr'>juris</span> <span class='ocrx_word' id='word_1_326' title='bbox 597 4270 731 4337; x_wconf 89' lang='lat' dir='ltr'>dicundi</span> <span class='ocrx_word' id='word_1_327' title='bbox 747 4276 954 4354; x_wconf 84' lang='lat' dir='ltr'>potestatem.</span> <span class='ocrx_word' id='word_1_328' title='bbox 973 4270 1127 4352; x_wconf 83' lang='lat' dir='ltr'>Quamvis</span> <span class='ocrx_word' id='word_1_329' title='bbox 1149 4273 1236 4360; x_wconf 88' lang='lat' dir='ltr'>ejus·</span> 
     </span>
     <span class='ocr_line' id='line_1_36' title="bbox 128 4387 1240 4474; baseline 0.004 -18"><span class='ocrx_word' id='word_1_330' title='bbox 128 4393 209 4460; x_wconf 79' lang='lat' dir='ltr'>modi</span> <span class='ocrx_word' id='word_1_331' title='bbox 225 4394 386 4462; x_wconf 87' lang='lat' dir='ltr'>sententia</span> <span class='ocrx_word' id='word_1_332' title='bbox 403 4390 556 4458; x_wconf 80' lang='lat' dir='ltr'>uideatur</span> <span class='ocrx_word' id='word_1_333' title='bbox 570 4408 639 4461; x_wconf 86' lang='lat' dir='ltr'>esse</span> <span class='ocrx_word' id='word_1_334' title='bbox 651 4387 810 4474; x_wconf 84' lang='lat' dir='ltr'>judicium</span> <span class='ocrx_word' id='word_1_335' title='bbox 831 4388 864 4452; x_wconf 93' lang='lat' dir='ltr'>in</span> <span class='ocrx_word' id='word_1_336' title='bbox 889 4389 1020 4473; x_wconf 87' lang='lat' dir='ltr'>propria</span> <span class='ocrx_word' id='word_1_337' title='bbox 1038 4409 1145 4471; x_wconf 89' lang='lat' dir='ltr'>causa,</span> <span class='ocrx_word' id='word_1_338' title='bbox 1166 4413 1240 4460; x_wconf 65' lang='lat' dir='ltr'>cer⁰</span> 
     </span>
    </p>
   </div>
   <div class='ocr_carea' id='block_1_3' title="bbox 0 0 1369 4980">
    <p class='ocr_par' dir='ltr' id='par_1_3' title="bbox 0 0 1369 4980">
     <span class='ocr_line' id='line_1_37' title="bbox 0 0 1369 4980; baseline 0 0"><span class='ocrx_word' id='word_1_339' title='bbox 0 0 1369 4980; x_wconf 95' lang='lat' dir='ltr'> </span> 
     </span>
    </p>
   </div>
  </div>
 </body>
</html>
