2714 4980
411 305 439 363 ,·
516 306 595 354 rans
616 306 730 353 rmus.
1119 288 1177 353 ‘241

113 455 129 493 r
156 433 195 498 In
209 432 400 498 defensione
415 443 518 497 causae
533 431 656 496 nullam
669 431 774 514 legem
792 429 906 494 iubam
920 428 1117 512 allegabunt,
1131 431 1185 496 voi

99 565 257 632 perverse
265 546 583 632 interpretabuntur,
596 564 657 611 nec
665 545 849 630 producent
863 544 943 610 falsa
956 545 1181 624 instrumenta,

97 670 155 730 aut
169 669 273 730 testes
288 663 385 728 falsos
402 663 458 728 vel
478 668 665 747 corruptos,
685 662 763 726 alias
781 659 854 727 falsi
869 661 993 726 crimen
1014 661 1183 727 incurrent

100 779 186 867 (iege
200 783 273 844 Rem
289 799 349 843 coa
362 798 470 842 ccccm
485 772 606 860 citata).
636 800 651 836 ν)

112 917 129 957 a
155 893 359 959 Fidelitatem
374 898 409 958 et
423 892 587 957 silentium
606 892 715 956 clienti
729 898 862 957 servent
883 911 890 953 :
912 892 1024 956 namsi
1038 910 1111 957 cum
1130 893 1186 959 ad·

97 1001 332 1086 versario'aut
344 1007 416 1093 ejus
431 1005 600 1073 advocatis
619 1006 821 1083 colluserint,
843 1007 897 1072 vel
924 1025 1055 1073 carmem
1074 1008 1185 1091 prodi·

99 1123 221 1203 derint,
248 1131 306 1189 aut
329 1121 451 1208 aliquid
470 1125 504 1189 in
523 1140 637 1189 eorum
661 1122 798 1206 gratiam
825 1122 1002 1200 omiserint,
1032 1131 1186 1208 tanquam

99 1240 367 1324 praevaricatores
382 1243 417 1303 et
436 1237 576 1303 criminis
593 1237 667 1303 salsi
682 1239 731 1304 rei
745 1239 854 1321 puniri
876 1244 1033 1323 poterunt
1054 1239 1136 1324 (loge
1152 1245 1187 1304 Si

101 1357 233 1437 quiriti,
250 1359 266 1434 5
282 1357 314 1432 8,
329 1353 362 1419 ii.
377 1352 538 1439 meaa).
566 1377 583 1416 »
672 1349 677 1356 ’

115 1493 131 1535 a
157 1471 294 1536 Causam
309 1470 410 1536 semel
424 1478 609 1554 susceptam
620 1471 738 1537 cliente
754 1470 857 1537 invito
869 1490 935 1536 non
950 1470 1114 1549 deserent,
1127 1472 1188 1536 nisi

89 1583 266 1667 :reperiant
282 1601 352 1647 essa
368 1581 530 1666 injustam,
549 1581 608 1648 sed
623 1583 666 1649 ad
681 1585 805 1648 exitum
829 1582 1014 1667 perducant
1030 1582 1187 1668 usquead

89 1697 299 1764 isententiam
317 1695 517 1763 definitivam
535 1697 617 1785 (lege
635 1701 862 1781 Propemodum
877 1695 999 1783 citata).
1029 1721 1044 1758 u
1087 1739 1092 1746 -
1137 1745 1140 1748 .

116 1836 132 1877 α
157 1815 232 1879 lion
250 1813 380 1897 exigant
401 1812 625 1897 velreoipiant
637 1813 846 1881 immodicum
865 1813 1004 1891 luorum,
1025 1813 1188 1880 honorarii

89 1930 168 1995 trive
184 1927 345 1994 mercedis
366 1934 400 1994 et
416 1928 524 1993 salarii
538 1928 679 2009 nomine,
701 1930 848 2015 quamvis
869 1927 1102 2014 impendissent
1118 1927 1189 1996 dili·

89 2045 245 2130 :gentiam
260 2043 416 2121 debitam,
434 2051 469 2110 et
487 2063 616 2111 oausam
630 2043 673 2111 ad
687 2053 837 2131 optutum
855 2045 956 2112 finem
973 2043 1190 2129 perduxerint

89 2159 188 2248 issege
200 2164 237 2226 Si
253 2166 320 2242 quis
333 2162 364 2239 5,
383 2179 413 2224 c.
427 2162 465 2224 da
480 2160 689 2247 Postulocdo).
718 2186 734 2222 a

534 2444 668 2512 CAPUT
690 2448 728 2511 V.

89 2705 117 2752 ur
138 2705 369 2765 sennonteus,
395 2703 633 2764 assnssomnus
660 2704 785 2752 rrscsnr
806 2703 1006 2756 aromoronr
1029 2707 1071 2755 nr
1092 2706 1193 2756 anuo

115 2820 396 2880 enro‚nornn11s
426 2820 468 2868 rr
499 2819 688 2879 serranus,
714 2819 778 2867 nro
807 2820 873 2869 ron
904 2822 1103 2872 cursonrnus
1130 2822 1192 2871 scu

117 2936 251 2985 narnus
277 2915 486 3004 (nnmrssrvn).

116 3205 307 3275 Necessaria
328 3205 426 3270 etiarn
443 3202 485 3269 de
508 3202 556 3269 his
571 3205 727 3287 personis,
749 3221 927 3288 earumque
950 3201 1058 3269 officiis
1084 3204 1190 3287 notio;

89 3319 134 3388 ed
149 3339 225 3386 cnm
240 3320 273 3383 in
287 3318 430 3385 secunda
443 3325 602 3384 tractatus
617 3325 711 3401 parte
729 3319 882 3405 (sectione
899 3315 944 3403 ⁶2),
964 3317 1022 3385 ubi
1041 3316 1084 3385 de
1101 3327 1192 3385 recte

89 3432 286 3518 stelligenda
301 3440 336 3500 et
351 3431 532 3500 ordinanda
552 3433 726 3516 episcopali
741 3434 832 3498 curia
853 3452 999 3500 normam
1015 3433 1190 3512 tradimus,

89 3551 290 3636 pportunior
311 3548 427 3615 redeat
449 3547 490 3614 de
512 3547 627 3615 iisdem
650 3548 833 3616 disserendi
856 3552 997 3628 occasio,
1018 3568 1115 3636 quam
1141 3549 1194 3614 hic

89 3666 253 3731 mittimus
274 3663 543 3748 descriptionem,
567 3664 711 3747 reperiet
731 3665 837 3731 lector
860 3664 951 3732 dicto
973 3667 1044 3732 loco
1066 3665 1195 3750 exposi-

89 3800 153 3848 om.

120 3903 212 3966 Noto.
235 3899 320 3964 Item
336 3895 379 3962 de
392 3896 531 3962 testibus
544 3896 595 3962 hic
608 3897 749 3976 silemus,
769 3899 997 3982 opportuniori
1009 3900 1081 3967 loco
1097 3899 1130 3964 in
1144 3915 1195 3963 se·

89 4014 183 4081 cunda
200 4021 293 4098 parte
308 4013 350 4079 de
365 4014 403 4079 iis
420 4011 551 4079 dicturi.

555 4255 714 4284 ¹¹⁴0-—
