2714 4980
125 275 192 339 400
466 290 655 340 nucerinus
676 292 721 338 ma
741 291 890 341 runicus.

124 413 257 494 indens,
273 413 398 500 aliquid
413 412 584 499 theologiae
600 413 654 480 vix
668 414 891 499 perfdnctorie
909 416 1152 501 praelibaverat,
1167 423 1226 506 ipso

122 550 189 598 sun
202 532 236 597 in
250 531 480 616 presbyterum
489 530 700 599 ordinationis
714 531 779 610 die,
797 531 1020 617 deputationis
1029 535 1064 601 in
1078 537 1229 604 Vicarinm

122 648 310 732 generalem
326 649 453 714 litteras
472 648 609 732 accepit,
635 646 802 743 cujusdam
818 658 973 716 matronae
989 670 1091 719 mann
1102 652 1162 720 sibi
1173 662 1231 720 tra·

117 764 218 833 ditas.

641 1003 657 1074 §
681 997 723 1060 ΙΙ.

400 1230 421 1278 Α
435 1241 481 1292 qno
489 1228 565 1291 possit
576 1227 683 1277 vicarius
694 1229 808 1289 generalis
820 1226 937 1278 constitui.

168 1462 319 1543 ansrro
342 1466 385 1528 1⁸.
403 1499 449 1513 -
463 1465 512 1527 Ao
530 1463 654 1544 quilibet
684 1468 717 1527 io
744 1484 799 1527 mic
821 1466 940 1528 dioecesi
963 1466 1131 1546 Episcopus
1148 1467 1234 1546 possit

123 1583 275 1644 Vicat-tum
292 1579 460 1661 pennatam
477 1582 676 1642 constituere?
691 1616 736 1627 -
746 1578 942 1663 Respondeo
954 1577 1166 1663 affirmative3
1178 1584 1234 1643 est·

120 1710 185 1780 que
200 1693 235 1760 id
248 1702 342 1761 extra
357 1713 488 1760 omnem
505 1694 635 1761 omnino
651 1696 915 1762 controversiam.
940 1695 1077 1761 Constat
1095 1696 1127 1759 1⁰
1143 1714 1183 1760 ex
1200 1694 1232 1758 ti·

120 1810 190 1876 tulo
203 1813 241 1874 dc
259 1810 363 1891 Officio
382 1814 506 1890 Vicerat,
528 1809 562 1874 in
574 1817 682 1894 sexto;
700 1813 734 1874 2⁰
753 1830 794 1876 ex
809 1811 903 1895 praxi
915 1809 1089 1875 sacrarum
1105 1811 1234 1893 Gangre

118 1927 283 2010 gationnm
308 1944 537 2003 romanarum,
566 1943 638 2009 qna
668 1926 752 1991 hanc
783 1926 1018 2010 Episcoporum
1051 1925 1233 1992 facultatem

118 2048 271 2126 tanquam
282 2041 413 2107 omnino
429 2049 553 2107 certam
565 2040 681 2125 recipit
696 2048 731 2106 et
744 2043 915 2126 supponit;
935 2045 970 2108 3ο
988 2061 1030 2108 ex
1046 2043 1143 2126 praxi
1156 2043 1233 2107 insn-

119 2176 181 2241 per
190 2157 375 2236 universali,
393 2163 427 2222 et
445 2156 589 2222 unanimi
602 2155 775 2223 doctorum
789 2176 959 2223 consensu.

161 2274 274 2358 Neque
299 2271 443 2357 objicias,
469 2272 594 2337 nullum
620 2270 840 2350 ordinarium,
864 2273 1016 2357 Principe
1035 2273 1228 2352 inferiorem,

118 2406 212 2473 posse
237 2406 328 2453 snam
346 2385 606 2472 jurisdictionem
627 2387 733 2452 alteri
747 2387 965 2466 committere,
991 2389 1190 2473 generaliter
1202 2394 1230 2453 at

110 2506 184 2584 jure
207 2503 362 2563 ordinario
387 2497 621 2583 exercendam3
644 2517 686 2563 ex
701 2517 766 2584 quo
780 2497 862 2585 juris
881 2500 1039 2585 principio
1053 2500 1170 2567 inferri
1182 2499 1228 2566 de·

119 2615 208 2694 beat,
233 2615 334 2682 licere
354 2614 524 2681 dumtaxat
549 2615 713 2699 Episcopis
737 2614 904 2700 delegatos
934 2615 996 2682 sibi
1023 2617 1225 2694 substituere,

115 2751 182 2799 non
206 2738 317 2796 autem
338 2729 483 2795 Vicarios
498 2729 667 2813 generales
682 2731 814 2814 proprie
833 2730 948 2809 dictos,
965 2730 1002 2796 id
1024 2740 1088 2812 est,
1111 2732 1227 2798 ordina·

119 2848 200 2913 riam
216 2845 477 2932 jurisdictionem
491 2853 525 2911 et
538 2843 625 2910 idem
640 2865 715 2910 cnm
729 2847 888 2931 Episcopo
904 2845 1051 2912 tribunal
1066 2848 1222 2915 habentes.

118 2970 200 3036 Nam
212 2967 387 3050 allegatum
397 2964 480 3050 juris
488 2966 681 3049 principium
697 2965 908 3052 (caeteroquin
918 2968 1148 3055 certissimum)
1163 2987 1225 3054 pro

118 3083 175 3150 bat
192 3081 392 3149 solummodo
406 3101 472 3147 non
489 3082 631 3165 potuisse
652 3082 827 3167 Episcopos
843 3103 884 3148 ex
898 3085 1032 3168 propria
1049 3105 1110 3152 sua
1128 3094 1225 3152 aucto

118 3200 214 3266 ritate
228 3198 373 3264 vicarios
392 3197 561 3280 generales
577 3198 787 3275 constituere,
810 3204 843 3262 et
857 3198 1008 3266 debuisse
1021 3199 1059 3266 id
1074 3201 1225 3268 facultatis

118 3335 160 3381 ex
182 3316 256 3397 lege
283 3313 336 3400 (ex
353 3310 522 3377 Pontifioia
538 3331 656 3397 nempe
682 3311 899 3398 concessione)
913 3315 991 3399 ipsis
1008 3315 1180 3384 obvenire.
1194 3317 1225 3383 li

118 3431 161 3500 de
182 3431 269 3497 facto
291 3431 337 3495 ita
351 3428 450 3495 fuisse
466 3429 539 3512 lege
559 3430 711 3495 canonica
730 3437 763 3495 et
778 3433 971 3498 auctoritate
986 3433 1160 3500 Pontificio
1172 3432 1225 3499 dis·

117 3548 269 3632 positum,
288 3545 419 3611 omnino
443 3553 570 3611 certum
596 3554 657 3622 est,
682 3553 783 3629 prout
808 3554 933 3613 constat
956 3547 1058 3613 citato
1080 3551 1225 3616 titillode

117 3665 222 3746 Officio
250 3667 363 3728 Viearii
376 3662 410 3726 in
423 3668 526 3739 sexto,
553 3668 587 3728 et
608 3661 677 3727 aliis
695 3662 841 3745 allegatis
864 3661 1124 3747 probationibus.
1143 3664 1223 3731 Unde

114 3780 231 3847 sedulo
246 3776 481 3861 distinguenda
502 3785 578 3842 sunt
597 3778 660 3843 illae
683 3777 756 3843 duae
779 3779 988 3863 quaesiiones3
1008 3800 1052 3844 oo
1072 3783 1223 3863 Episcopus

114 3899 290 3978 facultatem
311 3895 455 3976 &asmodi
473 3894 590 3973 habeat,
614 3902 659 3971 et,
677 3914 734 3976 qno
741 3899 814 3977 jure
828 3914 893 3958 eom
911 3895 1041 3959 Induat?
1066 3897 1222 3962 Praemsn

114 4011 256 4098 objectio
269 4011 413 4095 priorem
433 4010 645 4094 questionem
661 4029 726 4075 non
738 4010 883 4095 attingit;
897 4007 957 4076 sed
974 4012 1094 4095 probat
1106 4021 1220 4081 tantum

114 4127 278 4214 quomodo
291 4124 487 4193 resolvenda
501 4127 542 4190 sit
554 4127 727 4210 posterior.

160 4245 310 4326 Qnmsmo
334 4246 378 4308 2¹.
403 4279 448 4292 —-
469 4246 518 4308 Ao
530 4245 693 4325 Episcopus
708 4248 860 4308 Vicarium
872 4247 1042 4326 pausatam
1055 4253 1218 4312 constituere

113 4366 209 4443 possit
223 4364 332 4442 absque
344 4381 486 4425 consensu
498 4368 527 4424 et
539 4362 664 4425 consitio
680 4363 827 4443 Capitoli.
841 4396 886 4407 -
897 4361 1106 4446 Respondeo,
1122 4355 1215 4449 quoad
