<?xml version="1.0" encoding="UTF-8"?>
<!DOCTYPE html PUBLIC "-//W3C//DTD XHTML 1.0 Transitional//EN"
    "http://www.w3.org/TR/xhtml1/DTD/xhtml1-transitional.dtd">
<html xmlns="http://www.w3.org/1999/xhtml" xml:lang="en" lang="en">
 <head>
  <title>
</title>
<meta http-equiv="Content-Type" content="text/html;charset=utf-8" />
  <meta name='ocr-system' content='tesseract 3.04.00' />
  <meta name='ocr-capabilities' content='ocr_page ocr_carea ocr_par ocr_line ocrx_word'/>
</head>
<body>
  <div class='ocr_page' id='page_1' title='image "./tractatusdejudi00bouigoog_0340.png"; bbox 0 0 2714 4980; ppageno 0'>
   <div class='ocr_carea' id='block_1_1' title="bbox 570 311 1233 373">
    <p class='ocr_par' dir='ltr' id='par_1_1' title="bbox 570 311 1233 373">
     <span class='ocr_line' id='line_1_1' title="bbox 570 311 1233 373; baseline -0.017 -4"><span class='ocrx_word' id='word_1_1' title='bbox 570 321 649 370; x_wconf 73' lang='lat' dir='ltr'>rans</span> <span class='ocrx_word' id='word_1_2' title='bbox 670 321 785 371; x_wconf 76' lang='lat' dir='ltr'>amns.</span> <span class='ocrx_word' id='word_1_3' title='bbox 1170 311 1233 373; x_wconf 72' lang='lat'>327</span> 
     </span>
    </p>
   </div>
   <div class='ocr_carea' id='block_1_2' title="bbox 110 446 1289 3660">
    <p class='ocr_par' dir='ltr' id='par_1_2' title="bbox 113 446 1238 995">
     <span class='ocr_line' id='line_1_2' title="bbox 115 446 1237 539; baseline -0.002 -24"><span class='ocrx_word' id='word_1_4' title='bbox 115 452 186 539; x_wconf 71' lang='lat' dir='ltr'>tpm</span> <span class='ocrx_word' id='word_1_5' title='bbox 201 446 288 517; x_wconf 86' lang='lat' dir='ltr'>adsit</span> <span class='ocrx_word' id='word_1_6' title='bbox 302 446 512 532; x_wconf 70' lang='lat' dir='ltr'>prasuppptio</span> <span class='ocrx_word' id='word_1_7' title='bbox 519 451 604 529; x_wconf 75' lang='lat' dir='ltr'>juris</span> <span class='ocrx_word' id='word_1_8' title='bbox 620 454 650 515; x_wconf 84' lang='lat' dir='ltr'>et</span> <span class='ocrx_word' id='word_1_9' title='bbox 668 449 796 528; x_wconf 81' lang='lat' dir='ltr'>dejure,</span> <span class='ocrx_word' id='word_1_10' title='bbox 816 462 947 513; x_wconf 86' lang='lat' dir='ltr'>neeesse</span> <span class='ocrx_word' id='word_1_11' title='bbox 969 464 1036 511; x_wconf 90' lang='lat' dir='ltr'>non</span> <span class='ocrx_word' id='word_1_12' title='bbox 1055 455 1105 512; x_wconf 88' lang='lat' dir='ltr'>est</span> <span class='ocrx_word' id='word_1_13' title='bbox 1124 454 1162 512; x_wconf 92' lang='lat' dir='ltr'>nt</span> <span class='ocrx_word' id='word_1_14' title='bbox 1182 449 1237 514; x_wconf 83' lang='lat' dir='ltr'>lex</span> 
     </span>
     <span class='ocr_line' id='line_1_3' title="bbox 116 559 1238 655; baseline 0 -27"><span class='ocrx_word' id='word_1_15' title='bbox 116 583 272 655; x_wconf 66' lang='lat' dir='ltr'>expresse</span> <span class='ocrx_word' id='word_1_16' title='bbox 296 562 394 648; x_wconf 80' lang='lat' dir='ltr'>dieat,</span> <span class='ocrx_word' id='word_1_17' title='bbox 418 582 484 627; x_wconf 91' lang='lat' dir='ltr'>non</span> <span class='ocrx_word' id='word_1_18' title='bbox 503 581 573 635; x_wconf 85' lang='lat' dir='ltr'>esse</span> <span class='ocrx_word' id='word_1_19' title='bbox 596 559 831 641; x_wconf 86' lang='lat' dir='ltr'>admittendam</span> <span class='ocrx_word' id='word_1_20' title='bbox 856 560 1080 643; x_wconf 77' lang='lat' dir='ltr'>probationem</span> <span class='ocrx_word' id='word_1_21' title='bbox 1102 563 1135 626; x_wconf 91' lang='lat' dir='ltr'>in</span> <span class='ocrx_word' id='word_1_22' title='bbox 1162 581 1238 628; x_wconf 88' lang='lat' dir='ltr'>eon-</span> 
     </span>
     <span class='ocr_line' id='line_1_4' title="bbox 113 675 1237 770; baseline 0 -27"><span class='ocrx_word' id='word_1_23' title='bbox 113 681 272 770; x_wconf 79' lang='lat' dir='ltr'>trariuip3</span> <span class='ocrx_word' id='word_1_24' title='bbox 287 677 348 761; x_wconf 80' lang='lat' dir='ltr'>sed</span> <span class='ocrx_word' id='word_1_25' title='bbox 367 677 484 761; x_wconf 77' lang='lat' dir='ltr'>suffieit</span> <span class='ocrx_word' id='word_1_26' title='bbox 503 685 540 743; x_wconf 91' lang='lat' dir='ltr'>ut</span> <span class='ocrx_word' id='word_1_27' title='bbox 561 675 651 745; x_wconf 85' lang='lat' dir='ltr'>dieat</span> <span class='ocrx_word' id='word_1_28' title='bbox 672 677 957 760; x_wconf 75' lang='lat' dir='ltr'>praesumptionem</span> <span class='ocrx_word' id='word_1_29' title='bbox 981 694 1052 741; x_wconf 87' lang='lat' dir='ltr'>esse</span> <span class='ocrx_word' id='word_1_30' title='bbox 1076 681 1237 743; x_wconf 81' lang='lat' dir='ltr'>violentam</span> 
     </span>
     <span class='ocr_line' id='line_1_5' title="bbox 115 788 1237 885; baseline 0.003 -27"><span class='ocrx_word' id='word_1_31' title='bbox 115 812 178 885; x_wconf 74' lang='lat' dir='ltr'>peu</span> <span class='ocrx_word' id='word_1_32' title='bbox 205 795 418 877; x_wconf 57' lang='lat' dir='ltr'>nehemiam·</span> <span class='ocrx_word' id='word_1_33' title='bbox 442 793 528 875; x_wconf 84' lang='lat' dir='ltr'>imo,</span> <span class='ocrx_word' id='word_1_34' title='bbox 552 795 592 855; x_wconf 84' lang='lat' dir='ltr'>ut</span> <span class='ocrx_word' id='word_1_35' title='bbox 613 792 729 869; x_wconf 78' lang='lat' dir='ltr'>volunt</span> <span class='ocrx_word' id='word_1_36' title='bbox 747 791 862 875; x_wconf 81' lang='lat' dir='ltr'>aliqui,</span> <span class='ocrx_word' id='word_1_37' title='bbox 887 788 1004 871; x_wconf 78' lang='lat' dir='ltr'>suffieit</span> <span class='ocrx_word' id='word_1_38' title='bbox 1028 790 1092 858; x_wconf 90' lang='lat' dir='ltr'>dioi</span> <span class='ocrx_word' id='word_1_39' title='bbox 1111 793 1145 858; x_wconf 90' lang='lat' dir='ltr'>in</span> <span class='ocrx_word' id='word_1_40' title='bbox 1164 794 1237 878; x_wconf 80' lang='lat' dir='ltr'>lege</span> 
     </span>
     <span class='ocr_line' id='line_1_6' title="bbox 113 911 650 995; baseline -0.009 -19"><span class='ocrx_word' id='word_1_41' title='bbox 113 911 403 995; x_wconf 85' lang='lat' dir='ltr'>praesumptionem</span> <span class='ocrx_word' id='word_1_42' title='bbox 413 913 502 992; x_wconf 80' lang='lat' dir='ltr'><em>plene</em></span> <span class='ocrx_word' id='word_1_43' title='bbox 511 912 650 992; x_wconf 78' lang='lat' dir='ltr'>probare.</span> 
     </span>
    </p>

    <p class='ocr_par' dir='ltr' id='par_1_3' title="bbox 113 1022 1289 1805">
     <span class='ocr_line' id='line_1_7' title="bbox 160 1022 1240 1125; baseline 0.002 -35"><span class='ocrx_word' id='word_1_44' title='bbox 160 1025 500 1125; x_wconf 68' lang='lat' dir='ltr'>Exempipptriusque</span> <span class='ocrx_word' id='word_1_45' title='bbox 517 1023 776 1108; x_wconf 74' lang='lat' dir='ltr'>presumptionis</span> <span class='ocrx_word' id='word_1_46' title='bbox 784 1022 901 1106; x_wconf 87' lang='lat' dir='ltr'>passim</span> <span class='ocrx_word' id='word_1_47' title='bbox 912 1032 1089 1101; x_wconf 80' lang='lat' dir='ltr'>occurrunt</span> <span class='ocrx_word' id='word_1_48' title='bbox 1100 1027 1135 1090; x_wconf 89' lang='lat' dir='ltr'>in</span> <span class='ocrx_word' id='word_1_49' title='bbox 1148 1026 1240 1092; x_wconf 88' lang='lat' dir='ltr'>libris</span> 
     </span>
     <span class='ocr_line' id='line_1_8' title="bbox 114 1138 1240 1225; baseline -0.001 -18"><span class='ocrx_word' id='word_1_50' title='bbox 114 1139 346 1207; x_wconf 77' lang='lat' dir='ltr'><strong>decretalium.</strong></span> <span class='ocrx_word' id='word_1_51' title='bbox 368 1141 434 1217; x_wconf 83' lang='lat' dir='ltr'>Est,</span> <span class='ocrx_word' id='word_1_52' title='bbox 454 1139 550 1204; x_wconf 82' lang='lat' dir='ltr'>verbi</span> <span class='ocrx_word' id='word_1_53' title='bbox 568 1138 681 1222; x_wconf 85' lang='lat' dir='ltr'>gratia,</span> <span class='ocrx_word' id='word_1_54' title='bbox 703 1139 913 1221; x_wconf 79' lang='lat' dir='ltr'>presumptio</span> <span class='ocrx_word' id='word_1_55' title='bbox 926 1144 1011 1220; x_wconf 75' lang='lat' dir='ltr'>juris</span> <span class='ocrx_word' id='word_1_56' title='bbox 1027 1148 1155 1220; x_wconf 81' lang='lat' dir='ltr'>tantum,</span> <span class='ocrx_word' id='word_1_57' title='bbox 1175 1160 1240 1225; x_wconf 87' lang='lat' dir='ltr'>qua</span> 
     </span>
     <span class='ocr_line' id='line_1_9' title="bbox 113 1252 1289 1349; baseline -0.001 -28"><span class='ocrx_word' id='word_1_58' title='bbox 113 1256 327 1348; x_wconf 79' lang='lat' dir='ltr'>praespmitur</span> <span class='ocrx_word' id='word_1_59' title='bbox 340 1253 537 1345; x_wconf 73' lang='lat' dir='ltr'>baptizatas,</span> <span class='ocrx_word' id='word_1_60' title='bbox 564 1254 620 1341; x_wconf 89' lang='lat' dir='ltr'>qni</span> <span class='ocrx_word' id='word_1_61' title='bbox 637 1254 724 1336; x_wconf 83' lang='lat' dir='ltr'>ipter</span> <span class='ocrx_word' id='word_1_62' title='bbox 742 1252 938 1339; x_wconf 28' lang='lat' dir='ltr'>christianos!</span> <span class='ocrx_word' id='word_1_63' title='bbox 958 1261 1053 1319; x_wconf 91' lang='lat' dir='ltr'>natus</span> <span class='ocrx_word' id='word_1_64' title='bbox 1073 1264 1237 1340; x_wconf 84' lang='lat' dir='ltr'>astatque</span> <span class='ocrx_word' id='word_1_65' title='bbox 1287 1345 1289 1349; x_wconf 18' lang='grc' dir='ltr'>ι</span> 
     </span>
     <span class='ocr_line' id='line_1_10' title="bbox 114 1368 1239 1459; baseline -0.002 -23"><span class='ocrx_word' id='word_1_66' title='bbox 114 1370 291 1459; x_wconf 62' lang='lat' dir='ltr'>pduopttp,</span> <span class='ocrx_word' id='word_1_67' title='bbox 311 1375 410 1455; x_wconf 85' lang='lat' dir='ltr'>prout</span> <span class='ocrx_word' id='word_1_68' title='bbox 428 1369 569 1447; x_wconf 86' lang='lat' dir='ltr'>habetur</span> <span class='ocrx_word' id='word_1_69' title='bbox 590 1369 694 1453; x_wconf 86' lang='lat' dir='ltr'>eapite</span> <span class='ocrx_word' id='word_1_70' title='bbox 713 1368 828 1451; x_wconf 88' lang='lat' dir='ltr'>ultimo</span> <span class='ocrx_word' id='word_1_71' title='bbox 843 1370 931 1433; x_wconf 91' lang='lat' dir='ltr'>tituli</span> <span class='ocrx_word' id='word_1_72' title='bbox 949 1371 990 1435; x_wconf 81' lang='lat'>43</span> <span class='ocrx_word' id='word_1_73' title='bbox 1011 1375 1049 1435; x_wconf 85' lang='lat' dir='ltr'>de</span> <span class='ocrx_word' id='word_1_74' title='bbox 1063 1375 1239 1454; x_wconf 70' lang='lat' dir='ltr'><strong><em>Presbytero</em></strong></span> 
     </span>
     <span class='ocr_line' id='line_1_11' title="bbox 114 1484 1240 1571; baseline 0.002 -19"><span class='ocrx_word' id='word_1_75' title='bbox 114 1508 177 1552; x_wconf 79' lang='lat' dir='ltr'>non</span> <span class='ocrx_word' id='word_1_76' title='bbox 197 1490 362 1568; x_wconf 79' lang='lat' dir='ltr'>baptizato,</span> <span class='ocrx_word' id='word_1_77' title='bbox 381 1485 461 1550; x_wconf 87' lang='lat' dir='ltr'>libri</span> <span class='ocrx_word' id='word_1_78' title='bbox 479 1489 497 1552; x_wconf 86' lang='lat'>3</span> <span class='ocrx_word' id='word_1_79' title='bbox 519 1484 743 1550; x_wconf 82' lang='lat' dir='ltr'>decretalium.</span> <span class='ocrx_word' id='word_1_80' title='bbox 761 1486 845 1549; x_wconf 89' lang='lat' dir='ltr'>Item</span> <span class='ocrx_word' id='word_1_81' title='bbox 861 1503 924 1569; x_wconf 89' lang='lat' dir='ltr'>qua</span> <span class='ocrx_word' id='word_1_82' title='bbox 940 1488 1147 1568; x_wconf 75' lang='lat' dir='ltr'>presumitur</span> <span class='ocrx_word' id='word_1_83' title='bbox 1160 1489 1240 1571; x_wconf 86' lang='lat' dir='ltr'>legi-</span> 
     </span>
     <span class='ocr_line' id='line_1_12' title="bbox 113 1600 1236 1687; baseline 0 -20"><span class='ocrx_word' id='word_1_84' title='bbox 113 1603 227 1679; x_wconf 88' lang='lat' dir='ltr'>timus,</span> <span class='ocrx_word' id='word_1_85' title='bbox 248 1602 304 1687; x_wconf 76' lang='lat' dir='ltr'>qpi</span> <span class='ocrx_word' id='word_1_86' title='bbox 325 1607 421 1684; x_wconf 79' lang='lat' dir='ltr'>pptus</span> <span class='ocrx_word' id='word_1_87' title='bbox 444 1607 495 1679; x_wconf 81' lang='lat' dir='ltr'>est</span> <span class='ocrx_word' id='word_1_88' title='bbox 515 1619 555 1665; x_wconf 85' lang='lat' dir='ltr'>ex</span> <span class='ocrx_word' id='word_1_89' title='bbox 570 1619 684 1678; x_wconf 85' lang='lat' dir='ltr'>uxore,</span> <span class='ocrx_word' id='word_1_90' title='bbox 703 1619 778 1681; x_wconf 79' lang='lat' dir='ltr'>oum</span> <span class='ocrx_word' id='word_1_91' title='bbox 796 1619 860 1684; x_wconf 90' lang='lat' dir='ltr'>qua</span> <span class='ocrx_word' id='word_1_92' title='bbox 875 1601 1011 1677; x_wconf 89' lang='lat' dir='ltr'>maritus</span> <span class='ocrx_word' id='word_1_93' title='bbox 1029 1600 1236 1678; x_wconf 78' lang='lat' dir='ltr'>cohabitavit,</span> 
     </span>
     <span class='ocr_line' id='line_1_13' title="bbox 115 1715 1235 1805; baseline -0.003 -20"><span class='ocrx_word' id='word_1_94' title='bbox 115 1725 218 1805; x_wconf 67' lang='lat' dir='ltr'>propi</span> <span class='ocrx_word' id='word_1_95' title='bbox 231 1716 374 1795; x_wconf 81' lang='lat' dir='ltr'>hahetur</span> <span class='ocrx_word' id='word_1_96' title='bbox 388 1718 461 1801; x_wconf 84' lang='lat' dir='ltr'>lege</span> <span class='ocrx_word' id='word_1_97' title='bbox 477 1719 591 1787; x_wconf 67' lang='lat' dir='ltr'>ratium</span> <span class='ocrx_word' id='word_1_98' title='bbox 605 1717 649 1802; x_wconf 78' lang='lat'>(6,</span> <span class='ocrx_word' id='word_1_99' title='bbox 667 1715 700 1793; x_wconf 78' lang='lat' dir='ltr'>ff.</span> <span class='ocrx_word' id='word_1_100' title='bbox 717 1720 754 1780; x_wconf 83' lang='lat' dir='ltr'>de</span> <span class='ocrx_word' id='word_1_101' title='bbox 767 1720 825 1780; x_wconf 80' lang='lat' dir='ltr'>His</span> <span class='ocrx_word' id='word_1_102' title='bbox 840 1723 892 1797; x_wconf 80' lang='lat' dir='ltr'>qui</span> <span class='ocrx_word' id='word_1_103' title='bbox 904 1723 951 1780; x_wconf 82' lang='lat' dir='ltr'>soi</span> <span class='ocrx_word' id='word_1_104' title='bbox 965 1721 1013 1779; x_wconf 82' lang='lat' dir='ltr'>vel</span> <span class='ocrx_word' id='word_1_105' title='bbox 1026 1721 1119 1782; x_wconf 82' lang='lat' dir='ltr'>alieni</span> <span class='ocrx_word' id='word_1_106' title='bbox 1127 1716 1235 1801; x_wconf 81' lang='lat' dir='ltr'>juris).</span> 
     </span>
    </p>

    <p class='ocr_par' dir='ltr' id='par_1_4' title="bbox 115 1833 1240 2505">
     <span class='ocr_line' id='line_1_14' title="bbox 160 1833 1239 1919; baseline -0.001 -20"><span class='ocrx_word' id='word_1_107' title='bbox 160 1833 378 1919; x_wconf 69' lang='lat' dir='ltr'>Presumptio</span> <span class='ocrx_word' id='word_1_108' title='bbox 388 1839 473 1916; x_wconf 71' lang='lat' dir='ltr'>ptris,</span> <span class='ocrx_word' id='word_1_109' title='bbox 487 1842 517 1897; x_wconf 84' lang='lat' dir='ltr'>et</span> <span class='ocrx_word' id='word_1_110' title='bbox 530 1837 567 1897; x_wconf 84' lang='lat' dir='ltr'>de</span> <span class='ocrx_word' id='word_1_111' title='bbox 577 1839 650 1917; x_wconf 74' lang='lat' dir='ltr'>jure</span> <span class='ocrx_word' id='word_1_112' title='bbox 664 1840 724 1911; x_wconf 81' lang='lat' dir='ltr'>est²</span> <span class='ocrx_word' id='word_1_113' title='bbox 742 1851 805 1916; x_wconf 88' lang='lat' dir='ltr'>qua</span> <span class='ocrx_word' id='word_1_114' title='bbox 822 1833 941 1903; x_wconf 86' lang='lat' dir='ltr'>mulier</span> <span class='ocrx_word' id='word_1_115' title='bbox 959 1853 1151 1916; x_wconf 88' lang='lat' dir='ltr'>perannum</span> <span class='ocrx_word' id='word_1_116' title='bbox 1165 1853 1239 1898; x_wconf 87' lang='lat' dir='ltr'>oum</span> 
     </span>
     <span class='ocr_line' id='line_1_15' title="bbox 116 1946 1239 2035; baseline 0.001 -22"><span class='ocrx_word' id='word_1_117' title='bbox 116 1946 255 2014; x_wconf 89' lang='lat' dir='ltr'>dimidio</span> <span class='ocrx_word' id='word_1_118' title='bbox 280 1947 468 2013; x_wconf 79' lang='lat' dir='ltr'>cohabitans</span> <span class='ocrx_word' id='word_1_119' title='bbox 482 1948 563 2031; x_wconf 74' lang='lat' dir='ltr'>uro,</span> <span class='ocrx_word' id='word_1_120' title='bbox 587 1948 640 2021; x_wconf 86' lang='lat' dir='ltr'>oui</span> <span class='ocrx_word' id='word_1_121' title='bbox 657 1955 768 2013; x_wconf 82' lang='lat' dir='ltr'>coacta</span> <span class='ocrx_word' id='word_1_122' title='bbox 782 1953 954 2031; x_wconf 76' lang='lat' dir='ltr'>nupserat,</span> <span class='ocrx_word' id='word_1_123' title='bbox 980 1949 1187 2035; x_wconf 76' lang='lat' dir='ltr'>praesumitur</span> <span class='ocrx_word' id='word_1_124' title='bbox 1205 1949 1239 2015; x_wconf 90' lang='lat' dir='ltr'>iu</span> 
     </span>
     <span class='ocr_line' id='line_1_16' title="bbox 115 2062 1239 2157; baseline -0.004 -24"><span class='ocrx_word' id='word_1_125' title='bbox 115 2064 202 2157; x_wconf 70' lang='lat' dir='ltr'>illud</span> <span class='ocrx_word' id='word_1_126' title='bbox 221 2065 327 2149; x_wconf 76' lang='lat' dir='ltr'>libere</span> <span class='ocrx_word' id='word_1_127' title='bbox 357 2065 574 2150; x_wconf 81' lang='lat' dir='ltr'>opusensisse;</span> <span class='ocrx_word' id='word_1_128' title='bbox 606 2064 727 2129; x_wconf 89' lang='lat' dir='ltr'>etenim</span> <span class='ocrx_word' id='word_1_129' title='bbox 747 2062 916 2128; x_wconf 75' lang='lat' dir='ltr'>adherere</span> <span class='ocrx_word' id='word_1_130' title='bbox 941 2065 1003 2146; x_wconf 90' lang='lat' dir='ltr'>ipsi</span> <span class='ocrx_word' id='word_1_131' title='bbox 1019 2071 1163 2143; x_wconf 89' lang='lat' dir='ltr'>tenetur,</span> <span class='ocrx_word' id='word_1_132' title='bbox 1178 2084 1239 2129; x_wconf 90' lang='lat' dir='ltr'>neo</span> 
     </span>
     <span class='ocr_line' id='line_1_17' title="bbox 117 2179 1240 2264; baseline 0 -18"><span class='ocrx_word' id='word_1_133' title='bbox 117 2179 304 2246; x_wconf 88' lang='lat' dir='ltr'>admittitur</span> <span class='ocrx_word' id='word_1_134' title='bbox 337 2188 450 2264; x_wconf 90' lang='lat' dir='ltr'>postea</span> <span class='ocrx_word' id='word_1_135' title='bbox 484 2180 526 2247; x_wconf 88' lang='lat' dir='ltr'>ad</span> <span class='ocrx_word' id='word_1_136' title='bbox 561 2179 762 2263; x_wconf 86' lang='lat' dir='ltr'>probandam</span> <span class='ocrx_word' id='word_1_137' title='bbox 793 2181 998 2264; x_wconf 80' lang='lat' dir='ltr'>violentiam3</span> <span class='ocrx_word' id='word_1_138' title='bbox 1035 2180 1171 2263; x_wconf 88' lang='lat' dir='ltr'>perinde</span> <span class='ocrx_word' id='word_1_139' title='bbox 1202 2202 1240 2247; x_wconf 89' lang='lat' dir='ltr'>ao</span> 
     </span>
     <span class='ocr_line' id='line_1_18' title="bbox 116 2296 1238 2385; baseline -0.001 -22"><span class='ocrx_word' id='word_1_140' title='bbox 116 2298 205 2385; x_wconf 73' lang='lat' dir='ltr'>siah</span> <span class='ocrx_word' id='word_1_141' title='bbox 223 2299 315 2385; x_wconf 72' lang='lat' dir='ltr'>ipitio</span> <span class='ocrx_word' id='word_1_142' title='bbox 339 2297 454 2384; x_wconf 82' lang='lat' dir='ltr'>libere</span> <span class='ocrx_word' id='word_1_143' title='bbox 470 2297 700 2380; x_wconf 83' lang='lat' dir='ltr'>consensisset3</span> <span class='ocrx_word' id='word_1_144' title='bbox 723 2304 824 2380; x_wconf 91' lang='lat' dir='ltr'>prout</span> <span class='ocrx_word' id='word_1_145' title='bbox 845 2296 987 2362; x_wconf 88' lang='lat' dir='ltr'>habetur</span> <span class='ocrx_word' id='word_1_146' title='bbox 1011 2297 1116 2380; x_wconf 86' lang='lat' dir='ltr'>eapite</span> <span class='ocrx_word' id='word_1_147' title='bbox 1138 2302 1185 2363; x_wconf 81' lang='lat' dir='ltr'>Act</span> <span class='ocrx_word' id='word_1_148' title='bbox 1205 2302 1238 2362; x_wconf 76' lang='lat' dir='ltr'>ill</span> 
     </span>
     <span class='ocr_line' id='line_1_19' title="bbox 118 2412 486 2505; baseline -0.003 -26"><span class='ocrx_word' id='word_1_149' title='bbox 118 2415 187 2505; x_wconf 73' lang='lat'><strong>(21,</strong></span> <span class='ocrx_word' id='word_1_150' title='bbox 209 2419 247 2480; x_wconf 85' lang='lat' dir='ltr'>de</span> <span class='ocrx_word' id='word_1_151' title='bbox 268 2412 486 2500; x_wconf 74' lang='lat' dir='ltr'>sponsalibus).</span> 
     </span>
    </p>

    <p class='ocr_par' dir='ltr' id='par_1_5' title="bbox 115 2535 1239 3083">
     <span class='ocr_line' id='line_1_20' title="bbox 160 2535 1239 2621; baseline -0.002 -21"><span class='ocrx_word' id='word_1_152' title='bbox 160 2535 314 2621; x_wconf 74' lang='lat' dir='ltr'>Qumsrto</span> <span class='ocrx_word' id='word_1_153' title='bbox 338 2535 382 2617; x_wconf 64' lang='lat'>2³.</span> <span class='ocrx_word' id='word_1_154' title='bbox 408 2567 454 2579; x_wconf 93' lang='lat'><em>-</em></span> <span class='ocrx_word' id='word_1_155' title='bbox 477 2536 609 2612; x_wconf 73' lang='lat' dir='ltr'>Quippe</span> <span class='ocrx_word' id='word_1_156' title='bbox 625 2537 688 2609; x_wconf 77' lang='lat' dir='ltr'>sint</span> <span class='ocrx_word' id='word_1_157' title='bbox 707 2535 828 2613; x_wconf 79' lang='lat' dir='ltr'>effeetus</span> <span class='ocrx_word' id='word_1_158' title='bbox 841 2539 1097 2614; x_wconf 75' lang='lat' dir='ltr'>praesumptionis,</span> <span class='ocrx_word' id='word_1_159' title='bbox 1115 2540 1239 2616; x_wconf 74' lang='lat' dir='ltr'>tainjo-</span> 
     </span>
     <span class='ocr_line' id='line_1_21' title="bbox 116 2647 1238 2737; baseline 0.002 -24"><span class='ocrx_word' id='word_1_160' title='bbox 116 2657 171 2737; x_wconf 66' lang='lat' dir='ltr'>pis,</span> <span class='ocrx_word' id='word_1_161' title='bbox 197 2657 261 2713; x_wconf 80' lang='lat' dir='ltr'>inm</span> <span class='ocrx_word' id='word_1_162' title='bbox 273 2654 357 2732; x_wconf 82' lang='lat' dir='ltr'>juris</span> <span class='ocrx_word' id='word_1_163' title='bbox 375 2655 404 2710; x_wconf 84' lang='lat' dir='ltr'>et</span> <span class='ocrx_word' id='word_1_164' title='bbox 419 2650 456 2710; x_wconf 83' lang='lat' dir='ltr'>de</span> <span class='ocrx_word' id='word_1_165' title='bbox 470 2651 566 2729; x_wconf 82' lang='lat' dir='ltr'>jare?</span> <span class='ocrx_word' id='word_1_166' title='bbox 580 2682 625 2693; x_wconf 91' lang='lat'><strong>—</strong></span> <span class='ocrx_word' id='word_1_167' title='bbox 640 2648 667 2711; x_wconf 90' lang='grc' dir='ltr'>Ι.</span> <span class='ocrx_word' id='word_1_168' title='bbox 685 2647 898 2730; x_wconf 81' lang='lat' dir='ltr'>Praesumptio</span> <span class='ocrx_word' id='word_1_169' title='bbox 915 2654 1000 2730; x_wconf 77' lang='lat' dir='ltr'>juris</span> <span class='ocrx_word' id='word_1_170' title='bbox 1015 2656 1143 2729; x_wconf 76' lang='lat' dir='ltr'>tontum,</span> <span class='ocrx_word' id='word_1_171' title='bbox 1163 2670 1238 2715; x_wconf 89' lang='lat' dir='ltr'>eum</span> 
     </span>
     <span class='ocr_line' id='line_1_22' title="bbox 115 2760 1239 2855; baseline 0.003 -26"><span class='ocrx_word' id='word_1_172' title='bbox 115 2784 177 2855; x_wconf 81' lang='lat' dir='ltr'>pro</span> <span class='ocrx_word' id='word_1_173' title='bbox 190 2783 257 2851; x_wconf 91' lang='lat' dir='ltr'>quo</span> <span class='ocrx_word' id='word_1_174' title='bbox 281 2770 345 2829; x_wconf 88' lang='lat' dir='ltr'>stat</span> <span class='ocrx_word' id='word_1_175' title='bbox 367 2762 487 2841; x_wconf 80' lang='lat' dir='ltr'>liberat</span> <span class='ocrx_word' id='word_1_176' title='bbox 507 2780 525 2826; x_wconf 86' lang='lat' dir='ltr'>a</span> <span class='ocrx_word' id='word_1_177' title='bbox 545 2760 707 2844; x_wconf 83' lang='lat' dir='ltr'>probandi</span> <span class='ocrx_word' id='word_1_178' title='bbox 725 2780 835 2839; x_wconf 90' lang='lat' dir='ltr'>onere,</span> <span class='ocrx_word' id='word_1_179' title='bbox 859 2760 958 2847; x_wconf 90' lang='lat' dir='ltr'>idque</span> <span class='ocrx_word' id='word_1_180' title='bbox 979 2781 1061 2827; x_wconf 90' lang='lat' dir='ltr'>nnus</span> <span class='ocrx_word' id='word_1_181' title='bbox 1081 2764 1239 2832; x_wconf 83' lang='lat' dir='ltr'>transfert</span> 
     </span>
     <span class='ocr_line' id='line_1_23' title="bbox 115 2876 1236 2963; baseline -0.002 -16"><span class='ocrx_word' id='word_1_182' title='bbox 115 2884 148 2947; x_wconf 87' lang='lat' dir='ltr'>in</span> <span class='ocrx_word' id='word_1_183' title='bbox 165 2879 410 2963; x_wconf 56' lang='lat' dir='ltr'>adversarium</span> <span class='ocrx_word' id='word_1_184' title='bbox 429 2885 463 2963; x_wconf 82' lang='lat' dir='ltr'>et</span> <span class='ocrx_word' id='word_1_185' title='bbox 480 2878 541 2943; x_wconf 90' lang='lat' dir='ltr'>nisi</span> <span class='ocrx_word' id='word_1_186' title='bbox 554 2877 582 2959; x_wconf 83' lang='lat' dir='ltr'>is</span> <span class='ocrx_word' id='word_1_187' title='bbox 596 2878 795 2943; x_wconf 86' lang='lat' dir='ltr'>eontrarium</span> <span class='ocrx_word' id='word_1_188' title='bbox 818 2878 948 2960; x_wconf 87' lang='lat' dir='ltr'>probet,</span> <span class='ocrx_word' id='word_1_189' title='bbox 971 2876 1071 2943; x_wconf 93' lang='lat' dir='ltr'>debet</span> <span class='ocrx_word' id='word_1_190' title='bbox 1095 2880 1236 2961; x_wconf 84' lang='lat' dir='ltr'>proferri</span> 
     </span>
     <span class='ocr_line' id='line_1_24' title="bbox 115 2992 1187 3083; baseline -0.003 -20"><span class='ocrx_word' id='word_1_191' title='bbox 115 2997 279 3083; x_wconf 83' lang='lat' dir='ltr'>septentia</span> <span class='ocrx_word' id='word_1_192' title='bbox 310 2996 353 3082; x_wconf 89' lang='lat' dir='ltr'>(in</span> <span class='ocrx_word' id='word_1_193' title='bbox 374 2993 522 3073; x_wconf 67' lang='lat' dir='ltr'>pisilibus</span> <span class='ocrx_word' id='word_1_194' title='bbox 547 2992 674 3078; x_wconf 79' lang='lat' dir='ltr'>saltem)</span> <span class='ocrx_word' id='word_1_195' title='bbox 690 2993 782 3078; x_wconf 81' lang='lat' dir='ltr'>juxta</span> <span class='ocrx_word' id='word_1_196' title='bbox 797 2993 879 3078; x_wconf 86' lang='lat' dir='ltr'>juris</span> <span class='ocrx_word' id='word_1_197' title='bbox 894 2995 1187 3078; x_wconf 82' lang='lat' dir='ltr'>praesumptionem.</span> 
     </span>
    </p>

    <p class='ocr_par' dir='ltr' id='par_1_6' title="bbox 110 3107 1236 3660">
     <span class='ocr_line' id='line_1_25' title="bbox 157 3107 1236 3194; baseline -0.001 -17"><span class='ocrx_word' id='word_1_198' title='bbox 157 3111 203 3177; x_wconf 88' lang='grc' dir='ltr'>Η.</span> <span class='ocrx_word' id='word_1_199' title='bbox 231 3109 373 3185; x_wconf 77' lang='lat' dir='ltr'>Effectus</span> <span class='ocrx_word' id='word_1_200' title='bbox 394 3107 654 3194; x_wconf 86' lang='lat' dir='ltr'>praesumptionis</span> <span class='ocrx_word' id='word_1_201' title='bbox 660 3112 745 3189; x_wconf 79' lang='lat' dir='ltr'>juris</span> <span class='ocrx_word' id='word_1_202' title='bbox 760 3115 788 3169; x_wconf 87' lang='lat' dir='ltr'>et</span> <span class='ocrx_word' id='word_1_203' title='bbox 809 3110 845 3169; x_wconf 83' lang='lat' dir='ltr'>de</span> <span class='ocrx_word' id='word_1_204' title='bbox 858 3112 931 3188; x_wconf 80' lang='lat' dir='ltr'>jore</span> <span class='ocrx_word' id='word_1_205' title='bbox 949 3114 1023 3175; x_wconf 90' lang='lat' dir='ltr'>sunt</span> <span class='ocrx_word' id='word_1_206' title='bbox 1042 3115 1174 3188; x_wconf 64' lang='lat' dir='ltr'>:prime</span> <span class='ocrx_word' id='word_1_207' title='bbox 1198 3118 1236 3175; x_wconf 88' lang='lat' dir='ltr'>ut</span> 
     </span>
     <span class='ocr_line' id='line_1_26' title="bbox 112 3221 1232 3315; baseline -0.004 -22"><span class='ocrx_word' id='word_1_208' title='bbox 112 3230 297 3315; x_wconf 67' lang='lat' dir='ltr'>reputantes</span> <span class='ocrx_word' id='word_1_209' title='bbox 325 3224 551 3313; x_wconf 83' lang='lat' dir='ltr'>probationem</span> <span class='ocrx_word' id='word_1_210' title='bbox 564 3226 597 3291; x_wconf 92' lang='lat' dir='ltr'>in</span> <span class='ocrx_word' id='word_1_211' title='bbox 614 3223 812 3289; x_wconf 74' lang='lat' dir='ltr'>sonnatium</span> <span class='ocrx_word' id='word_1_212' title='bbox 829 3240 894 3298; x_wconf 87' lang='lat' dir='ltr'>non</span> <span class='ocrx_word' id='word_1_213' title='bbox 909 3221 1075 3307; x_wconf 89' lang='lat' dir='ltr'>admittat;</span> <span class='ocrx_word' id='word_1_214' title='bbox 1096 3229 1232 3304; x_wconf 80' lang='lat' dir='ltr'>secondo,</span> 
     </span>
     <span class='ocr_line' id='line_1_27' title="bbox 113 3338 1235 3429; baseline -0.003 -20"><span class='ocrx_word' id='word_1_215' title='bbox 113 3351 150 3429; x_wconf 76' lang='lat' dir='ltr'>pt</span> <span class='ocrx_word' id='word_1_216' title='bbox 165 3339 321 3427; x_wconf 72' lang='lat' dir='ltr'>excludat</span> <span class='ocrx_word' id='word_1_217' title='bbox 336 3342 589 3426; x_wconf 84' lang='lat' dir='ltr'>appellationem</span> <span class='ocrx_word' id='word_1_218' title='bbox 607 3363 614 3406; x_wconf 91' lang='lat'><strong>:</strong></span> <span class='ocrx_word' id='word_1_219' title='bbox 633 3340 690 3405; x_wconf 92' lang='lat' dir='ltr'>ubi</span> <span class='ocrx_word' id='word_1_220' title='bbox 708 3339 794 3403; x_wconf 90' lang='lat' dir='ltr'>enim</span> <span class='ocrx_word' id='word_1_221' title='bbox 808 3357 874 3403; x_wconf 91' lang='lat' dir='ltr'>non</span> <span class='ocrx_word' id='word_1_222' title='bbox 889 3338 1074 3415; x_wconf 88' lang='lat' dir='ltr'>admittitur</span> <span class='ocrx_word' id='word_1_223' title='bbox 1088 3341 1235 3424; x_wconf 89' lang='lat' dir='ltr'>probatio</span> 
     </span>
     <span class='ocr_line' id='line_1_28' title="bbox 110 3456 1235 3549; baseline 0.001 -25"><span class='ocrx_word' id='word_1_224' title='bbox 110 3461 146 3549; x_wconf 85' lang='lat' dir='ltr'>ip</span> <span class='ocrx_word' id='word_1_225' title='bbox 162 3460 375 3544; x_wconf 87' lang='lat' dir='ltr'>eontrarium,</span> <span class='ocrx_word' id='word_1_226' title='bbox 394 3457 517 3523; x_wconf 90' lang='lat' dir='ltr'>frustra</span> <span class='ocrx_word' id='word_1_227' title='bbox 528 3457 766 3542; x_wconf 82' lang='lat' dir='ltr'>appelleratur3</span> <span class='ocrx_word' id='word_1_228' title='bbox 785 3463 886 3535; x_wconf 78' lang='lat' dir='ltr'>tertio,</span> <span class='ocrx_word' id='word_1_229' title='bbox 910 3476 975 3522; x_wconf 89' lang='lat' dir='ltr'>non</span> <span class='ocrx_word' id='word_1_230' title='bbox 991 3456 1133 3523; x_wconf 87' lang='lat' dir='ltr'>admittit</span> <span class='ocrx_word' id='word_1_231' title='bbox 1146 3458 1235 3543; x_wconf 85' lang='lat' dir='ltr'>jura-</span> 
     </span>
     <span class='ocr_line' id='line_1_29' title="bbox 111 3573 1235 3660; baseline -0.004 -15"><span class='ocrx_word' id='word_1_232' title='bbox 111 3583 264 3651; x_wconf 84' lang='lat' dir='ltr'>mentum</span> <span class='ocrx_word' id='word_1_233' title='bbox 289 3573 360 3660; x_wconf 85' lang='lat' dir='ltr'>ejus</span> <span class='ocrx_word' id='word_1_234' title='bbox 383 3581 497 3641; x_wconf 83' lang='lat' dir='ltr'>eontra</span> <span class='ocrx_word' id='word_1_235' title='bbox 519 3592 618 3659; x_wconf 87' lang='lat' dir='ltr'>quem</span> <span class='ocrx_word' id='word_1_236' title='bbox 638 3579 717 3656; x_wconf 90' lang='lat' dir='ltr'>stat;</span> <span class='ocrx_word' id='word_1_237' title='bbox 742 3581 860 3654; x_wconf 78' lang='lat' dir='ltr'>quarto,</span> <span class='ocrx_word' id='word_1_238' title='bbox 886 3573 979 3659; x_wconf 85' lang='lat' dir='ltr'>juxta</span> <span class='ocrx_word' id='word_1_239' title='bbox 1001 3591 1072 3639; x_wconf 85' lang='lat' dir='ltr'>eam</span> <span class='ocrx_word' id='word_1_240' title='bbox 1093 3575 1235 3656; x_wconf 85' lang='lat' dir='ltr'>proferri</span> 
     </span>
    </p>
   </div>
   <div class='ocr_carea' id='block_1_3' title="bbox 107 3692 1234 4447">
    <p class='ocr_par' dir='ltr' id='par_1_7' title="bbox 109 3692 402 3774">
     <span class='ocr_line' id='line_1_30' title="bbox 109 3692 402 3774; baseline -0.017 -14"><span class='ocrx_word' id='word_1_241' title='bbox 109 3693 216 3774; x_wconf 75' lang='lat' dir='ltr'>debet</span> <span class='ocrx_word' id='word_1_242' title='bbox 230 3692 402 3769; x_wconf 80' lang='lat' dir='ltr'>sententia.</span> 
     </span>
    </p>

    <p class='ocr_par' dir='ltr' id='par_1_8' title="bbox 109 3796 1234 4108">
     <span class='ocr_line' id='line_1_31' title="bbox 154 3796 1234 3887; baseline -0.009 -15"><span class='ocrx_word' id='word_1_243' title='bbox 154 3802 217 3887; x_wconf 79' lang='grc' dir='ltr'><strong>ΙΙΙ.</strong></span> <span class='ocrx_word' id='word_1_244' title='bbox 244 3800 391 3883; x_wconf 84' lang='lat' dir='ltr'>Diximus</span> <span class='ocrx_word' id='word_1_245' title='bbox 416 3807 529 3865; x_wconf 85' lang='lat' dir='ltr'>eontra</span> <span class='ocrx_word' id='word_1_246' title='bbox 546 3800 832 3884; x_wconf 87' lang='lat' dir='ltr'>praesumptionem</span> <span class='ocrx_word' id='word_1_247' title='bbox 849 3797 931 3882; x_wconf 86' lang='lat' dir='ltr'>juris</span> <span class='ocrx_word' id='word_1_248' title='bbox 944 3803 978 3861; x_wconf 88' lang='lat' dir='ltr'>et</span> <span class='ocrx_word' id='word_1_249' title='bbox 996 3796 1039 3862; x_wconf 90' lang='lat' dir='ltr'>de</span> <span class='ocrx_word' id='word_1_250' title='bbox 1055 3796 1129 3881; x_wconf 87' lang='lat' dir='ltr'>jure</span> <span class='ocrx_word' id='word_1_251' title='bbox 1147 3819 1234 3879; x_wconf 78' lang='lat' dir='ltr'>repo-</span> 
     </span>
     <span class='ocr_line' id='line_1_32' title="bbox 111 3911 1234 3999; baseline -0.005 -16"><span class='ocrx_word' id='word_1_252' title='bbox 111 3922 223 3997; x_wconf 74' lang='lat' dir='ltr'>lortter</span> <span class='ocrx_word' id='word_1_253' title='bbox 237 3931 305 3979; x_wconf 89' lang='lat' dir='ltr'>nou</span> <span class='ocrx_word' id='word_1_254' title='bbox 323 3911 452 3999; x_wconf 81' lang='lat' dir='ltr'>admitti</span> <span class='ocrx_word' id='word_1_255' title='bbox 464 3913 690 3998; x_wconf 88' lang='lat' dir='ltr'>probationem</span> <span class='ocrx_word' id='word_1_256' title='bbox 709 3934 715 3978; x_wconf 95' lang='lat'><strong>:</strong></span> <span class='ocrx_word' id='word_1_257' title='bbox 737 3931 811 3978; x_wconf 88' lang='lat' dir='ltr'>nam</span> <span class='ocrx_word' id='word_1_258' title='bbox 827 3911 1009 3978; x_wconf 86' lang='lat' dir='ltr'>admittitur</span> <span class='ocrx_word' id='word_1_259' title='bbox 1022 3912 1055 3975; x_wconf 90' lang='lat' dir='ltr'>in</span> <span class='ocrx_word' id='word_1_260' title='bbox 1066 3913 1164 3977; x_wconf 85' lang='lat' dir='ltr'>certis</span> <span class='ocrx_word' id='word_1_261' title='bbox 1182 3932 1234 3977; x_wconf 88' lang='lat' dir='ltr'>oa·</span> 
     </span>
     <span class='ocr_line' id='line_1_33' title="bbox 109 4029 377 4108; baseline -0.019 -12"><span class='ocrx_word' id='word_1_262' title='bbox 109 4029 212 4108; x_wconf 82' lang='lat' dir='ltr'>sibus,</span> <span class='ocrx_word' id='word_1_263' title='bbox 234 4044 377 4108; x_wconf 87' lang='lat' dir='ltr'>nempe:</span> 
     </span>
    </p>

    <p class='ocr_par' dir='ltr' id='par_1_9' title="bbox 107 4137 1234 4447">
     <span class='ocr_line' id='line_1_34' title="bbox 160 4137 1234 4224; baseline -0.003 -15"><span class='ocrx_word' id='word_1_264' title='bbox 160 4148 194 4209; x_wconf 91' lang='lat' dir='ltr'>l⁰</span> <span class='ocrx_word' id='word_1_265' title='bbox 216 4140 410 4208; x_wconf 77' lang='lat' dir='ltr'>Admittitur</span> <span class='ocrx_word' id='word_1_266' title='bbox 423 4137 578 4221; x_wconf 86' lang='lat' dir='ltr'>prabatio.</span> <span class='ocrx_word' id='word_1_267' title='bbox 588 4143 754 4221; x_wconf 61' lang='lat' dir='ltr'>indirecta·</span> <span class='ocrx_word' id='word_1_268' title='bbox 765 4158 828 4224; x_wconf 85' lang='lat' dir='ltr'>qua</span> <span class='ocrx_word' id='word_1_269' title='bbox 846 4156 962 4224; x_wconf 90' lang='lat' dir='ltr'>nempe</span> <span class='ocrx_word' id='word_1_270' title='bbox 973 4137 1131 4221; x_wconf 89' lang='lat' dir='ltr'>probatur</span> <span class='ocrx_word' id='word_1_271' title='bbox 1145 4139 1234 4207; x_wconf 90' lang='lat' dir='ltr'>dum-</span> 
     </span>
     <span class='ocr_line' id='line_1_35' title="bbox 108 4253 1233 4357; baseline -0.004 -28"><span class='ocrx_word' id='word_1_272' title='bbox 108 4267 206 4357; x_wconf 49' lang='lat' dir='ltr'>tprgat</span> <span class='ocrx_word' id='word_1_273' title='bbox 219 4277 286 4345; x_wconf 75' lang='lat' dir='ltr'>upn</span> <span class='ocrx_word' id='word_1_274' title='bbox 301 4255 427 4348; x_wconf 75' lang='lat' dir='ltr'>adesse,</span> <span class='ocrx_word' id='word_1_275' title='bbox 449 4273 522 4340; x_wconf 77' lang='lat' dir='ltr'>quar</span> <span class='ocrx_word' id='word_1_276' title='bbox 538 4253 708 4340; x_wconf 82' lang='lat' dir='ltr'>allegatur,</span> <span class='ocrx_word' id='word_1_277' title='bbox 722 4254 804 4340; x_wconf 86' lang='lat' dir='ltr'>juris</span> <span class='ocrx_word' id='word_1_278' title='bbox 817 4262 851 4321; x_wconf 89' lang='lat' dir='ltr'>et</span> <span class='ocrx_word' id='word_1_279' title='bbox 866 4253 908 4321; x_wconf 92' lang='lat' dir='ltr'>de</span> <span class='ocrx_word' id='word_1_280' title='bbox 922 4253 995 4338; x_wconf 74' lang='lat' dir='ltr'>iure</span> <span class='ocrx_word' id='word_1_281' title='bbox 1010 4258 1233 4344; x_wconf 83' lang='lat' dir='ltr'>praesumptio-</span> 
     </span>
     <span class='ocr_line' id='line_1_36' title="bbox 107 4399 198 4447; baseline -0.055 0"><span class='ocrx_word' id='word_1_282' title='bbox 107 4399 198 4447; x_wconf 88' lang='lat' dir='ltr'>nem.</span> 
     </span>
    </p>
   </div>
   <div class='ocr_carea' id='block_1_4' title="bbox 0 0 1362 4980">
    <p class='ocr_par' dir='ltr' id='par_1_10' title="bbox 0 0 1362 4980">
     <span class='ocr_line' id='line_1_37' title="bbox 0 0 1362 4980; baseline 0 0"><span class='ocrx_word' id='word_1_283' title='bbox 0 0 1362 4980; x_wconf 95' lang='lat' dir='ltr'> </span> 
     </span>
    </p>
   </div>
  </div>
 </body>
</html>
