2714 4980
130 289 194 352 512
472 304 660 351 nancranus
682 305 725 350 on
748 303 897 352 Jnotcus.

132 452 149 491 a
169 430 247 496 alios
258 428 396 513 judices,
410 446 506 512 quam
522 428 698 494 ordoillius
716 427 888 494 tribunalis
905 426 1055 511 postulat
1066 447 1075 509 ;
1087 423 1233 511 qniamnl·

133 553 238 611 otum
252 545 390 610 interest
411 543 532 610 habere
556 544 642 608 hunc
660 545 714 609 vel
735 545 829 608 illum
845 541 1002 628 judicem.
1024 545 1193 616 Uodconw,
1215 547 1235 603 si

132 669 329 727 «secretum
353 660 494 743 violent;
512 660 606 727 verbi
633 660 745 743 gratia,
768 658 947 743 aperiendo
982 659 1082 741 parti,
1102 656 1234 721 adversa

131 798 148 838 a
165 774 253 841 diota
271 777 403 841 testium
415 783 491 840 ante
509 795 623 841 eorum
637 776 900 858 publicationem.
913 777 1110 854 Duodecim
1126 772 1152 838 si
1163 773 1235 856 parti

133 888 297 973 «petenti
319 888 535 952 instrumenta
561 889 746 981 occultent,
769 887 951 970 presertim
978 905 1053 971 qnae
1081 885 1235 951 continent

131 1025 148 1065 a
164 1004 282 1088 legata.
300 1009 521 1084 Decimotcrtic,
536 1003 562 1069 si
577 1012 649 1069 acta
658 1004 839 1081 occultent,
856 1004 911 1068 vel
924 1002 1010 1086 parti
1024 1002 1155 1086 petenti
1163 1008 1234 1066 uon

130 1127 326 1202 asumptum
351 1137 521 1203 processus
544 1118 719 1202 denegent.
745 1123 984 1200 Dcomoquorto,
1012 1116 1041 1181 si
1060 1116 1178 1182 amisso
1196 1117 1233 1179 in·

130 1256 146 1296 a
162 1242 344 1300 strumento
356 1237 488 1319 antiquo
502 1235 643 1318 publico,
663 1235 717 1300 vel
727 1231 934 1312 testamento,
949 1231 1044 1298 alind
1051 1232 1156 1297 simile
1171 1250 1231 1298 eon

128 1374 146 1413 a
163 1351 297 1434 lingant.
321 1376 337 1412 »
357 1351 594 1438 (Eusembaum,
611 1351 714 1429 libi,
733 1355 852 1444 cap93,
867 1357 929 1414 art.
946 1351 978 1425 4,
999 1348 1083 1414 dub.
1104 1351 1137 1427 t,
1154 1346 1228 1430 nl),

126 1474 161 1532 et
178 1475 332 1534 consonat
344 1471 504 1535 sententia
521 1469 698 1534 communis
713 1466 895 1533 doctorum.

86 1573 88 1577 Α
169 1586 212 1650 11.
238 1585 362 1650 Notarii
385 1591 540 1650 tenentur
558 1605 599 1650 cx
618 1583 730 1662 officio,
756 1584 855 1649 etiam
880 1584 1010 1649 nemine
1038 1584 1225 1667 requirente,

24 1681 28 1687 ’
103 1729 106 1736 ·
124 1701 271 1767 revelare
298 1703 455 1786 Episcopo
478 1703 584 1786 legata
605 1703 657 1786 pia
681 1721 740 1767 seu
760 1700 803 1767 ad
822 1702 891 1785 pias
911 1719 1044 1784 eausas3
1061 1709 1096 1766 et
1110 1708 1226 1783 possunt

124 1816 240 1900 synodi
263 1818 487 1900 provinciales,
517 1826 551 1882 et
579 1817 719 1902 quilibet
737 1817 914 1900 Episcopus
932 1834 995 1900 pro
1018 1836 1078 1882 aua
1097 1815 1223 1888 diecesi,

125 1931 220 2016 hujus
243 1931 447 2016 obligationis
472 1933 693 2015 impletionem
714 1918 843 2016 tingere,
870 1931 931 1996 sub
951 1950 1054 2015 poena
1070 1933 1167 1997 etiarn
1182 1948 1225 1994 ei·

123 2026 417 2112 communicationis
435 2055 468 2112 et
484 2048 700 2129 suspensionis
715 2048 757 2112 ab
771 2045 883 2113 officio.
909 2048 961 2112 Ita
975 2045 1133 2112 doctores
1153 2064 1225 2112 con-

123 2167 276 2229 muniter.
305 2164 426 2248 Legata
447 2173 556 2229 autem
581 2164 668 2229 facta
683 2164 824 2229 Fabricoe
844 2164 951 2228 Sancti
969 2165 1064 2229 Petri
1087 2171 1225 2230 tenentur

122 2281 239 2346 notarii
257 2281 405 2346 revelare
419 2281 504 2346 intra
522 2300 677 2346 inensem.
698 2282 762 2346 Pro
784 2281 903 2364 quibus
915 2279 998 2364 juris
1024 2278 1224 2364 dispositioni-

122 2393 193 2472 bus,
211 2395 319 2478 legata
337 2396 388 2478 pia
406 2395 666 2478 respicientibus
686 2395 761 2461 vide
786 2396 931 2462 Ferraris
952 2396 999 2481 (in¹
1019 2396 1124 2461 verbo
1147 2398 1223 2460 Noto-

122 2517 197 2589 rics,
214 2531 246 2574 n.
267 2513 286 2575 4
308 2511 449 2596 etseq.).
479 2530 482 2538 ·

165 2627 223 2690 111.
253 2628 331 2707 Quoe
362 2612 463 2693 vetita
490 2628 541 2692 vel
564 2627 650 2694 licita
672 2630 735 2692 sint
757 2628 952 2694 cancellario
980 2628 1143 2711 Episcopi,
1168 2627 1221 2689 sive

120 2743 245 2809 notario
258 2740 291 2807 in
308 2744 412 2807 causis
430 2744 665 2823 ecclesiasticis,
683 2743 792 2830 quoad
806 2753 914 2809 tanam
931 2763 990 2808 seu
1006 2744 1218 2828 emolumenta,

119 2859 194 2925 vide
210 2861 406 2939 Ferrarium,
425 2858 467 2924 ad
482 2880 595 2927 vocem
613 2864 828 2926 Conectlarios.

555 3195 687 3265 CAPUT
710 3200 809 3311 xvi..

118 3489 162 3536 DE
185 3491 421 3540 procursione
454 3493 494 3538 ET
523 3493 695 3539 invocaro
726 3491 923 3549 ntuentium,
952 3492 997 3537 DE
1020 3486 1221 3541 DEPOSITARIO

162 3606 274 3655 MENSE
293 3609 496 3678 Episcopatus
515 3610 556 3653 ET
581 3607 793 3656 Durostulato
821 3606 1007 3666 POENARUM,
1036 3605 1162 3655 NECEON
1186 3602 1222 3651 DE

162 3722 375 3770 EARONCELLO
417 3725 461 3768 DE
492 3723 778 3769 ruocuttrt'otunus
819 3722 931 3769 AUTEM
967 3724 1009 3769 ET
1043 3720 1221 3775 revocaris,

161 3838 328 3914 ΙὶΕῐιΑΤΝΕ7
347 3840 388 3885 ΑΙ)
412 3839 538 3885 Ctttttttt
565 3839 797 3897 EPISCOPALEM,
824 3820 1025 3904 unitisstvn).
1077 3870 1082 3877 -

93 4145 94 4148 ’
116 4187 120 4193 -
163 4147 192 4207 1.
214 4142 263 4208 ad
279 4143 459 4226 pleniorem
479 4143 670 4225 episcopalis
683 4145 780 4209 ouriae
796 4144 1064 4211 constitutionem
1077 4146 1226 4230 pertinet,

115 4263 153 4319 ut
171 4264 294 4339 praeter
313 4276 412 4341 supra
427 4265 620 4323 memoratos
637 4257 797 4339 officiales
819 4260 961 4345 aliquem
976 4262 1076 4327 etiam
1098 4261 1229 4346 deputet

116 4371 293 4454 Episcopus
306 4375 339 4436 in
350 4379 610 4455 procuratorem,
624 4380 657 4438 et
667 4375 764 4440 alium
778 4377 811 4439 iu
819 4374 1019 4441 advocatum
1032 4396 1228 4462 pauperum3
