2714 4980
197 290 260 355 112
531 306 720 356 rmcrnrus
742 306 787 355 nn
809 303 959 355 suoram.

194 432 367 520 disciplinis
380 451 452 520 que
476 452 552 503 cum
575 433 740 520 religionis
760 452 799 501 ac
815 431 895 501 fidei
916 432 1072 501 institutis
1093 437 1197 522 magis
1220 454 1309 506 nexa

194 558 281 619 sunt.

237 667 518 736 praeconavi.
535 703 582 719 -
595 671 762 732 Litterorio
784 672 877 732 ctiam
896 683 932 730 oc
952 667 1118 748 scientifico
1138 674 1311 754 juvenatis

192 790 346 851 institutio
358 787 548 866 oliqootcoos
561 788 700 848 Ecclesia
710 788 886 849 auctoritati
903 787 1020 849 subesse
1038 787 1145 868 detea-
1167 795 1313 870 pacatam

193 923 296 986 nempe
310 907 386 967 sotis
401 910 457 982 cst,
474 910 510 966 ol
524 907 558 966 io
569 910 634 966 tcto
647 907 688 966 sit
699 904 840 983 religioso
850 904 1156 986 ejusdcmjooeotctis
1170 908 1312 988 informo·

196 1026 250 1086 tio.
267 1056 314 1070 -
328 1020 370 1088 Et
398 1022 430 1084 1⁰
456 1017 589 1104 quidem
614 1037 668 1084 res
688 1017 781 1084 facile
805 1018 966 1085 evincitur
990 1019 1098 1104 quoad
1119 1021 1311 1089 litterariam

191 1137 349 1224 juvenum
359 1138 595 1205 institutionem
612 1157 620 1203 ε
635 1138 716 1203 Nam
729 1136 808 1202 licet
818 1135 979 1203 litteraria
995 1136 1180 1223 disciplina,
1203 1131 1312 1208 areli·

194 1256 283 1341 giosa
294 1273 372 1321 vere
386 1253 516 1319 diversa
531 1255 583 1332 sit,
607 1253 724 1337 prioris
746 1259 856 1318 tamen
870 1251 1007 1318 traditio
1025 1253 1227 1321 stradenda
1244 1275 1311 1341 pos·

193 1372 316 1440 teriore
334 1371 524 1437 abstrahere
536 1378 570 1436 et
584 1370 746 1437 abstinere
756 1371 885 1456 neqnit3
901 1370 962 1437 sed
976 1372 1033 1456 qni
1045 1370 1217 1456 juventuti
1231 1374 1311 1441 litte·

193 1510 247 1556 ras
263 1487 378 1568 tradit,
394 1488 456 1555 hoo
473 1489 543 1571 ipso
558 1488 593 1552 in
610 1488 710 1572 ipsius
735 1487 922 1570 religionem
946 1495 980 1553 et
1002 1507 1109 1554 mores
1129 1491 1314 1559 necessario.

192 1607 321 1675 influit:
338 1606 427 1694 quod
435 1606 529 1672 facile
539 1605 665 1690 patebit
675 1607 701 1671 si
712 1604 939 1692 perpendatur
949 1614 1019 1673 tum
1031 1605 1199 1692 objectum
1206 1609 1310 1694 ipsum

194 1724 289 1792 diota
303 1724 467 1791 litteraria
484 1722 672 1806 discipline,
682 1730 754 1789 tum
767 1721 915 1808 ejusdem
930 1744 949 1788 a
962 1723 1121 1808 magistris
1131 1724 1309 1792 tractanda

192 1839 378 1910 methodus.
406 1838 457 1906 ld
480 1837 658 1905 tradendas
675 1840 797 1907 scilicet
817 1837 993 1924 juvenibus
1014 1840 1142 1906 litteras
1168 1839 1310 1925 ponendi

192 1964 268 2024 sunt
294 1977 362 2043 prae
389 1975 503 2022 eorum
524 1955 673 2022 manibus
686 1956 764 2022 libri
790 1978 798 2022 :
824 1963 971 2023 oratores
991 1977 1121 2042 nempe,
1152 1957 1306 2039 historici,

192 2081 297 2158 poetae
313 2081 348 2139 et
365 2071 562 2158 hujusmodi.
576 2071 748 2138 Tradenda
759 2074 908 2157 exempla
922 2081 956 2139 et
969 2075 1156 2159 sententiae3
1171 2093 1309 2161 cumque

191 2189 298 2256 latina
313 2189 494 2273 prasertim
507 2196 541 2254 et
552 2207 664 2273 graecae
677 2189 794 2273 lingua
808 2191 926 2273 peritia
938 2188 982 2255 ad
994 2188 1029 2255 id
1041 2192 1306 2276 praerequiratur,

191 2303 371 2371 inducendi
404 2303 542 2389 juvenes
568 2312 644 2371 sunt
666 2305 701 2370 in
725 2305 923 2371 litterarium
949 2284 1120 2390 utriusque
1147 2305 1310 2372 idiomatis

193 2422 463 2508 promptuarium,
480 2441 680 2506 paganorum
695 2423 822 2506 scriptis
838 2423 1002 2507 praecipue
1016 2423 1190 2490 refertum.
1208 2425 1310 2490 Porro

193 2538 353 2625 ejusmodi
365 2537 546 2625 quotidiani
559 2559 621 2624 per
633 2541 754 2606 multos
763 2559 863 2605 annos
880 2538 979 2605 studii
994 2539 1170 2625 objectum,
1187 2541 1312 2626 religio.

192 2676 268 2723 nem
286 2664 320 2723 et
335 2674 463 2721 morum
491 2657 696 2722 sanctitatem
723 2656 936 2722 vehementer
966 2657 1095 2741 attingit
1124 2678 1132 2722 ε
1162 2657 1306 2737 historia,

192 2771 288 2840 verbi
311 2772 425 2856 gratia,
449 2772 518 2839 sive
537 2771 664 2856 abipso
688 2772 873 2855 professore
899 2771 1061 2852 tradatur,
1090 2774 1158 2840 sive
1178 2793 1199 2840 e
1217 2773 1310 2840 libris

191 2887 393 2969 desumatur,
417 2889 599 2954 necessario
624 2889 698 2967 erit,
720 2889 776 2954 rel
794 2907 868 2955 cnm
887 2887 1039 2973 dogmate
1059 2889 1218 2955 catholico
1236 2908 1310 2956 oon·

192 3004 341 3084 cordam,
355 3004 507 3071 aelidem
517 3004 635 3088 dogma
645 3004 857 3090 subvertens3
870 3003 970 3091 idque
983 3014 1133 3072 occurret
1147 3005 1306 3092 quotidie,

191 3142 257 3189 non
266 3128 393 3187 tantum
402 3120 511 3208 quoad
521 3121 684 3188 factorum
695 3121 921 3187 historicorum
933 3123 1115 3202 veritatem,
1129 3122 1191 3188 sed
1202 3121 1310 3209 quoad

191 3237 324 3304 modum
345 3239 441 3303 etiam
458 3237 501 3304 de
522 3239 619 3322 gestis
635 3245 669 3304 et
688 3238 835 3322 personis
852 3237 1018 3304 variorum
1033 3246 1222 3322 temporum
1238 3259 1311 3306 sen·

191 3353 296 3422 tiendi
304 3361 338 3421 et
345 3352 556 3439 dijudicandi.
565 3355 648 3420 item
657 3355 776 3438 poetici
783 3354 857 3420 libri
864 3353 1039 3439 juvenibus
1046 3355 1171 3438 traditi,
1182 3365 1311 3424 senten-

191 3473 244 3538 tiis
259 3471 438 3539 doctrinam
454 3473 592 3558 aliquam
605 3471 808 3557 recondunt3
823 3472 959 3556 poeticis
972 3491 1052 3538 vero
1063 3475 1265 3541 ornamentis
1276 3480 1310 3541 et

191 3590 327 3668 artibus,
340 3609 447 3656 mores
461 3590 636 3673 attingunt,
653 3590 721 3655 sive
737 3587 872 3655 honesta
887 3589 956 3655 sive
971 3608 1073 3673 prava
1086 3589 1310 3673 imaginationi

190 3716 226 3775 et
233 3707 435 3794 passionibus
441 3705 782 3790 alimentapraebeant:
793 3714 891 3790 atque
899 3707 969 3790 ipsa
978 3705 1021 3772 de
1030 3704 1122 3791 poesi
1128 3715 1307 3792 praeoepta,

189 3825 405 3910 aliareligioni
416 3825 609 3903 ancillantia,
624 3824 686 3890 alia
697 3822 805 3889 eidem
819 3820 957 3889 adversa
968 3841 1040 3889 esse
1053 3832 1203 3907 possunt.
1215 3823 1311 3891 Idem

190 3942 319 4011 diruitur
335 3942 377 4009 de
396 3941 581 4008 oratoribus
599 3949 634 4007 et
647 3948 718 4006 arte
735 3940 914 4025 rhetorica,
932 3941 997 4009 imo
1019 3949 1054 4008 et
1072 3939 1115 4007 de
1137 3948 1328 4026 praeeunte.

189 4061 412 4147 grammatices
424 4066 458 4125 et
467 4059 652 4142 linguarum
670 4055 790 4123 studio.
803 4055 897 4122 Unde
909 4057 975 4123 tale
990 4065 1042 4124 est
1058 4077 1100 4124 ex
1114 4065 1234 4125 natura
1252 4078 1311 4127 sua

190 4179 365 4265 disciplina
377 4177 543 4244 litterariae
559 4179 713 4258 objectum,
732 4182 770 4240 ut
786 4176 966 4240 necessario
980 4176 1016 4240 in
1032 4175 1225 4259 religionem
1241 4194 1311 4242 mo-

189 4315 327 4382 rumque
335 4294 578 4361 sanctimoniam
585 4292 712 4376 influat3
723 4311 784 4357 neo
792 4292 892 4376 possit
899 4291 1094 4377 nlla,quoad
1101 4293 1306 4378 religionem,

190 4423 225 4480 et
245 4415 344 4482 finem
362 4411 512 4479 Ecclesia
530 4410 702 4496 proprium
715 4407 925 4487 indifferenti,
948 4409 1135 4479 litteratura
1147 4408 1309 4497 juventus
