2714 4980
119 295 185 362 478
453 309 640 359 unscrmos
665 310 708 358 on
733 309 883 356 sumens.

121 441 231 499 ularii
248 454 267 500 a
282 433 379 511 notis,
407 452 465 498 seu
486 430 678 499 abbreviato
698 430 865 498 scribendi
882 429 993 509 modo,
1021 430 1141 515 quihus
1166 431 1232 495 olim

123 556 246 634 «gesta
267 549 311 627 in,
335 549 388 613 vel
413 556 507 613 extra
526 546 696 632 judicium,
714 549 794 612 mira
819 548 989 612 celeritate
1011 546 1232 629 excipiebanl3

123 669 259 728 «scrita
277 666 402 746 publici,
435 664 509 748 quia
530 682 601 748 quae
624 663 754 747 publice
767 662 869 742 ¹liunt,
892 663 1023 746 publica
1043 661 1235 728 authoritate

122 804 139 844 u
157 780 381 862 conscribunt3
397 785 539 859 actuarii,
558 778 637 844 dum
651 788 735 857 acta,
754 777 842 844 dicta
857 787 891 845 et
902 785 994 862 gesta
1008 777 1237 862 judicialium

123 903 246 980 «tant3
266 898 449 974 tabelliones,
472 896 546 979 quia
568 896 793 961 annotationes
808 913 881 960 suas
903 895 981 959 olim
996 894 1191 961 referebant
1208 896 1237 959 in

123 1013 298 1096 «tabulas3
310 1014 536 1094 protocolllslae‚
565 1013 639 1095 quia
657 1010 816 1076 moderno
833 1018 982 1095 tempore
1008 1012 1235 1094 protocollum,

124 1153 140 1192 a
156 1148 215 1195 seu
228 1127 348 1195 librum
363 1135 509 1192 actorum
532 1125 664 1192 habent.
684 1126 831 1193 Officium
844 1128 977 1192 illorum
995 1134 1091 1211 patet
1112 1147 1154 1194 ex
1170 1126 1239 1192 data

124 1269 141 1308 a
158 1246 324 1310 nominum
341 1242 459 1328 quibus
476 1244 684 1326 appellantur
698 1245 931 1328 explicatione5
948 1245 1101 1311 consistit
1115 1245 1199 1309 enirn
1210 1245 1239 1309 in

123 1386 141 1427 c
157 1383 208 1441 eo,
226 1367 263 1428 ut
278 1359 376 1439 dicta,
395 1368 532 1445 actaque
546 1359 661 1444 judicii
671 1360 848 1444 diligenter
857 1369 892 1427 et
904 1361 990 1427 bona
1005 1360 1075 1427 fide
1084 1362 1241 1445 excipiant

124 1486 191 1544 aet
215 1476 430 1544 conscribant.
449 1499 466 1536 u
487 1477 535 1561 (ln
549 1477 681 1542 titulum
701 1480 712 1541 l
734 1480 772 1540 ule
787 1481 931 1553 indictis,
949 1477 1028 1544 libri
1052 1481 1074 1542 2
1099 1477 1241 1543 decreta·

119 1596 211 1674 lium,
227 1615 264 1658 a.
290 1594 356 1676 14.)
385 1593 507 1658 Passim
527 1599 681 1658 auctores
696 1600 822 1674 notarit,
851 1600 985 1658 actuarii
1011 1601 1047 1659 et
1073 1597 1241 1659 cancellarii

118 1709 279 1786 rocabula
293 1728 354 1792 pro
369 1708 498 1773 omnino
513 1709 701 1793 synonymis
717 1708 840 1775 habent
859 1731 866 1774 :
888 1708 923 1775 id
937 1728 1019 1776 vero
1034 1730 1080 1777 an
1099 1717 1191 1777 recte
1202 1707 1242 1775 di

121 1835 221 1916 otum,
240 1844 282 1894 ex
295 1823 381 1889 infra
400 1821 548 1891 dicendis
567 1824 704 1906 patebit.
723 1822 851 1890 Haecde
864 1825 995 1891 nomine
1012 1823 1242 1910 premittenda

121 1946 244 2011 erant:
271 1959 357 2005 nunc
383 1937 426 2003 ad
450 1938 516 2016 rei,
548 1945 585 2003 ut
613 1948 745 2015 vocant,
776 1939 1002 2007 definitionem
1025 1940 1171 2025 gradm
1198 1941 1240 2005 fa·

121 2058 252 2125 ciamus.
458 2145 461 2150 Ι

166 2175 209 2240 II.
229 2175 310 2254 Quid
323 2176 384 2235 slot
399 2172 741 2237 nolorlll-Certum
766 2181 817 2237 est
840 2173 873 2237 iu
890 2171 1166 2258 jurisprudentia,
1186 2193 1240 2258 per

121 2290 237 2358 notarii
257 2286 450 2355 vocabulum
467 2284 630 2369 designari
652 2305 824 2369 personam
838 2291 958 2370 publiea
980 2297 1167 2355 auctoritate
1179 2310 1241 2354 cca·

119 2412 259 2473 stitutum
273 2402 314 2468 ad
326 2401 490 2488 quoddam
510 2410 637 2467 certum
648 2401 794 2469 officium
815 2403 1033 2488 explendum3
1051 2407 1088 2471 iu
1103 2426 1168 2495 qua
1184 2415 1240 2473 tra·

120 2520 229 2589 denda
261 2520 406 2604 generali
434 2519 565 2589 notione
575 2519 665 2597 nulla
682 2521 870 2604 reperietur
890 2521 976 2586 inter
1005 2522 1165 2590 doctores
1183 2522 1239 2590 dis

120 2637 297 2722 crepantia.
311 2637 380 2702 Hoc
403 2635 472 2719 ipso
485 2634 709 2720 scilicetquod
734 2637 848 2721 aliquis
866 2638 908 2701 sit
920 2638 1052 2720 privata
1076 2639 1238 2709 dumtaxat

119 2772 268 2838 persona,
286 2751 431 2818 notarius
449 2769 514 2815 non
534 2758 594 2828 est,
614 2749 708 2834 juxta
721 2751 807 2816 illius
823 2751 913 2818 vocis
930 2772 1085 2838 sensum3
1104 2754 1165 2852 sed
1179 2773 1238 2821 om·

118 2871 194 2954 nino
217 2868 396 2952 requiritur
419 2875 457 2932 ut
478 2872 623 2933 transeat
650 2867 684 2931 in
703 2885 874 2950 personam
893 2868 1075 2952 publicam,
1099 2871 1203 2948 idest,
1222 2891 1237 2941 t

118 2986 250 3070 publica
262 2984 459 3049 auctoritate
487 2983 696 3049 constitutam
711 2992 746 3049 et
765 2983 967 3067 deputatam.
993 2987 1036 3053 Et
1059 2985 1097 3053 id
1112 2986 1237 3073 quiden

119 3103 264 3171 notanus
277 3119 449 3168 commune
463 3098 561 3165 habet
574 3118 649 3164 cum
668 3100 794 3165 caeteris
809 3100 961 3167 omnibus
975 3104 1126 3185 personis
1144 3102 1239 3188 publi·

118 3218 174 3297 cis,
193 3237 272 3302 quas
297 3236 415 3300 nempe
436 3216 568 3299 publica
592 3217 769 3282 auctoritas
791 3216 941 3283 similiter
964 3217 1009 3285 ad
1035 3220 1130 3286 varia
1141 3219 1237 3287 officia

120 3333 211 3417 eligit
228 3341 271 3398 et
290 3332 441 3416 deputat.
462 3329 711 3416 Undequalitas
728 3331 799 3398 hac
815 3353 953 3415 persone
968 3337 1113 3417 neum,
1139 3343 1239 3421 polest

118 3450 154 3519 in
166 3447 354 3519 definitione
370 3457 526 3532 tanquam
541 3466 643 3531 genus
657 3450 789 3533 reponi;
813 3456 848 3514 et
863 3458 1014 3517 remanet
1037 3459 1171 3520 tantum
1188 3451 1238 3518 ad·

115 3562 282 3649 pungenda
297 3563 479 3629 differentia
491 3563 650 3647 proxima,
674 3582 738 3649 qua
751 3566 897 3630 notarius
910 3586 929 3630 a
942 3566 1080 3653 reliquis
1094 3569 1237 3652 personis

117 3681 256 3764 publicis
268 3679 496 3763 distinguatur,
514 3686 549 3744 et
563 3678 642 3764 quid
649 3681 718 3762 ipse
734 3682 776 3745 sit
788 3680 1014 3749 determinate
1036 3686 1236 3751 enuntietur.

117 3793 221 3871 Porro
237 3811 348 3858 omnes
369 3793 466 3856 etiam
485 3797 638 3874 tanqmm
654 3792 780 3859 notario
802 3795 971 3876 proprium
992 3793 1138 3875 habent,
1158 3791 1239 3882 quod

116 3898 216 3991 ipsius
234 3909 407 3991 scriptura,
429 3906 528 3971 certis
542 3905 779 3974 conditionibus
791 3911 918 3987 vestita,
935 3910 1070 3993 plenam
1088 3912 1190 3979 fidem
1199 3911 1239 3977 le·

117 4024 198 4107 ciat3
216 4025 316 4089 immo
335 4022 377 4088 ad
391 4022 452 4088 hoe
468 4023 601 4104 precise
617 4041 692 4087 eum
708 4022 750 4089 ab
763 4026 960 4097 auctoritate
972 4026 1110 4110 publica
1125 4028 1237 4101 consti

117 4141 176 4217 tui,
193 4147 230 4203 ut
250 4138 338 4223 quod
361 4140 428 4223 ipse
446 4145 573 4221 gestum
596 4141 784 4222 scripserit,
811 4149 964 4226 tanquam
991 4163 1116 4236 vorum
1134 4144 1238 4213 haberi

117 4254 247 4340 debeat.
260 4254 348 4320 lllud
362 4262 472 4320 autem
487 4253 626 4321 officium
637 4264 731 4340 gesta
742 4258 952 4344 consignandi
965 4261 1000 4325 in
1016 4263 1161 4345 scriptis,
1174 4277 1236 4347 que

118 4369 217 4441 fidem
237 4390 278 4434 ex
299 4368 373 4454 jure
397 4370 527 4447 faciant,
557 4372 635 4440 satis
659 4373 819 4439 notarium
845 4373 1095 4445 discriminata
1120 4377 1237 4443 ceteris
