2714 4980
115 284 181 350 458
463 298 651 347 macrinus
673 300 716 346 nn
737 299 888 347 runicus.

116 444 191 492 cnm
209 443 290 510 ergo
297 426 444 493 vicarius
457 424 609 491 foraneus
624 423 703 490 nihil
717 424 809 491 aliud
822 424 867 490 sit
884 436 986 509 qnam
1006 418 1189 508 delegatus,
1200 426 1225 490 id

109 543 286 610 dumtaxat
303 544 436 628 poterit,
453 541 541 628 quod
554 543 616 626 ipsi
630 562 783 627 expresse
800 543 981 627 Episcopus
1007 542 1227 626 exequendum

116 662 324 728 commiserit.

160 780 337 862 Episcopus
347 785 459 844 autem
472 785 581 860 potest
594 776 715 860 duplici
731 775 830 844 modo
852 776 1020 862 ejusmodi
1038 776 1228 843 vicariorum

117 895 326 963 foraneorum
343 893 601 979 jurisdictionem
618 894 848 961 determinare.
868 895 931 960 Vel
943 893 1125 979 sejunctim
1136 893 1229 979 quoad

114 1011 278 1095 singulum
297 1011 473 1096 unicuique
490 1011 613 1076 scilicet
628 1008 834 1095 expediendo
855 1009 1063 1089 mandatnm,
1080 1008 1228 1095 ejusmodi

113 1127 422 1194 determinationem
438 1130 621 1212 exprimens
636 1150 643 1193 :
661 1127 716 1194 vel
728 1128 881 1194 omnibns
893 1127 991 1192 simul
1007 1127 1162 1193 dioecesis
1176 1145 1227 1192 sia

111 1245 252 1310 ¹vicariis
276 1244 433 1322 foraneis,
462 1263 524 1329 per
548 1245 688 1330 aliquam
717 1243 909 1330 synodalem
932 1262 994 1310 seu
1023 1243 1228 1311 dioecesana'n

117 1360 399 1444 constitutionem
416 1360 617 1427 enuntiando
640 1359 721 1446 quid
740 1359 972 1446 jurisdictionis
995 1361 1078 1444 ipsis
1097 1362 1227 1426 commit

118 1483 167 1542 tut
180 1483 216 1541 et
227 1475 370 1560 deleget.
389 1477 500 1542 Posita
511 1496 591 1542 vero
608 1476 708 1542 hacce
724 1474 905 1542 dioecesana
922 1477 1172 1554 constitutione,
1189 1494 1228 1540 sa·

113 1595 161 1658 tis
176 1593 240 1658 erit
250 1598 289 1656 nt
299 1591 333 1656 in
346 1590 500 1658 mandato
514 1592 689 1678 unicuique
704 1590 909 1676 expediendo
926 1593 1149 1674 exprimetur,
1166 1611 1228 1658 eun

119 1709 238 1774 assumi
250 1708 282 1772 in
299 1712 451 1772 Vicurr'um
465 1712 638 1789 serapeum·
655 1710 731 1793 quia
747 1716 827 1773 tunc
847 1727 889 1773 ex
911 1707 1003 1773 dicto
1019 1709 1169 1792 generali
1184 1707 1228 1774 de

120 1833 223 1905 creto,
252 1825 469 1892 determinata
490 1834 638 1892 remanet
657 1824 817 1911 ejusmodi
832 1824 951 1890 Vicarii
975 1824 1135 1909 delegata
1149 1824 1228 1909 juris

120 1940 232 2007 dictio.

164 2059 198 2122 4.
214 2058 367 2142 Sequitur
390 2059 515 2140 pariter
534 2058 642 2123 teneri
667 2058 830 2123 vicarium
849 2056 1026 2121 ioraneum
1054 2057 1092 2121 in
1111 2058 1229 2142 singulis

120 2175 225 2240 causis
240 2173 592 2258 antequamprocedat‚
611 2173 654 2241 ad
670 2193 740 2240 sese
759 2171 1019 2257 legitimandum‚
1037 2193 1101 2239 seu
1124 2173 1166 2238 ad
1185 2177 1229 2238 do·

118 2294 243 2355 remica
261 2289 304 2356 de
324 2310 383 2356 sno
401 2290 554 2358 mandato
572 2291 620 2377 (nt
634 2292 815 2376 loquuntur
832 2287 1053 2374 pragmatici);
1071 2288 1169 2368 idest,
1194 2287 1229 2352 ad

118 2408 369 2487 ostendendum,
381 2409 408 2473 si
422 2408 509 2474 forte
523 2408 584 2474 hoc
599 2409 634 2473 in
651 2407 789 2474 dubium
810 2414 1002 2484 revocetur,
1031 2406 1096 2472 sihi
1123 2424 1228 2472 revera

119 2524 302 2608 delegatam
320 2525 362 2590 ab
377 2523 542 2590 ordinario
559 2525 659 2590 inisse
678 2524 779 2589 talem
787 2542 957 2589 causarum
976 2524 1139 2607 speciem.
1159 2520 1230 2587 linio

118 2644 208 2709 enim
219 2662 289 2710 sese
301 2641 505 2727 legitimandi
515 2642 702 2709 necessitati
710 2642 849 2726 quilibet
864 2640 1039 2724 delegatus
1050 2639 1159 2725 judex
1168 2637 1230 2704 sale

118 2759 217 2846 jacet.

166 2881 197 2942 5.
223 2877 375 2962 Sequitur
390 2877 525 2958 insuper
544 2877 684 2941 multum
698 2896 718 2941 a
731 2874 875 2959 generali
889 2873 1021 2940 vicario
1042 2872 1177 2939 differre
1190 2872 1231 2936 io

120 3013 275 3060 rancum:
296 3013 370 3059 nam
378 2999 480 3075 primo
494 2993 545 3057 hic
558 2991 752 3075 delegatam,
772 2991 826 3055 ille
838 3009 918 3056 vero
934 2989 1136 3056 ordinariam
1146 2989 1230 3077 juris

119 3109 293 3176 dictionem
316 3108 433 3192 habet3
451 3112 595 3185 canedo,
618 3108 810 3172 universalis
839 3106 1020 3192 (moraliter
1051 3107 1171 3172 saltem
1193 3106 1230 3170 lo

119 3223 260 3311 quenda)
276 3232 327 3291 est
341 3224 461 3292 vicarii
476 3224 637 3307 generalis
659 3223 768 3309 quoad
792 3240 905 3288 causas
926 3229 962 3288 et
983 3223 1058 3288 loca
1080 3229 1228 3309 potestas,

120 3341 246 3407 foranei
260 3360 340 3408 vero
355 3341 560 3425 particularis
577 3347 612 3404 et
632 3340 800 3424 restricta3
817 3345 918 3418 tertio,
940 3341 1143 3406 asentcntia
1156 3340 1230 3423 pria

116 3458 168 3523 ris
192 3476 258 3524 non
285 3458 469 3541 appellatur
491 3456 535 3523 ad
564 3456 779 3539 Episcopum
801 3455 886 3520 bene
918 3473 1000 3520 sero
1032 3476 1051 3520 a
1081 3454 1230 3521 sententia

122 3574 327 3660 posterioris;
342 3583 462 3656 quarto,
477 3574 603 3639 vicario
618 3573 763 3656 generali
776 3571 944 3655 competit,
959 3591 1000 3637 ex
1015 3572 1092 3655 lege
1108 3573 1186 3656 ipsa,
1202 3575 1230 3634 et

123 3694 156 3758 vi
167 3691 262 3760 officii
274 3693 334 3768 sui,
349 3699 439 3757 certa
453 3689 603 3776 quadam
616 3696 651 3755 et
664 3688 881 3754 determinata
893 3687 1090 3772 jurisdictio,
1105 3690 1230 3772 ipsamet

122 3828 241 3892 nempe
264 3807 426 3874 ordinaria
453 3805 637 3890 jurisdictio
662 3806 823 3889 Episcopi,
846 3805 995 3887 exceptis
1020 3821 1094 3890 que
1114 3805 1166 3890 jus
1184 3822 1231 3868 ex·

122 3933 220 4010 cepta
234 3925 337 3992 voluit
350 3932 385 3988 et
399 3942 470 4008 quae
486 3922 662 4005 Episcopus
681 3921 743 3987 sibi
755 3925 909 4004 expresse
928 3922 1133 4005 reservavit3
1151 3921 1231 3987 Vica-

124 4043 194 4107 rius
206 4049 317 4107 autem
335 4041 488 4106 foraneus
508 4038 588 4103 nihil
606 4040 725 4123 exequi
744 4038 841 4116 valet,
863 4055 961 4122 qnam
980 4036 1073 4122 quod
1088 4052 1229 4122 expresse

124 4158 186 4242 ipsi
199 4158 358 4223 commisit
368 4157 558 4240 Episcopus.
806 4228 808 4233 ¹

169 4277 204 4339 6.
228 4273 372 4340 Tandem
393 4273 542 4358 sequitur
567 4279 658 4338 recte
686 4271 814 4338 definiri
844 4288 939 4354 posse
968 4271 1135 4337 vicariam
1156 4268 1229 4335 iore

122 4405 234 4466 neum,
250 4392 634 4475 septempommnar
648 4391 686 4452 ab
695 4393 840 4476 Episcopo
850 4389 891 4451 ud
906 4394 1004 4454 certas
1017 4391 1228 4471 praedamnes
