2714 4980
565 352 645 401 runs
667 352 780 400 aurun.
1169 338 1229 406 133

112 495 191 544 nem
221 480 382 564 suppleat.
409 479 523 563 Quoad
546 480 784 547 consectarium
803 478 895 566 juris,
919 482 946 546 si
963 488 1053 548 totus
1078 483 1228 569 populus,

112 597 192 662 licet
218 606 390 681 cognoscat
406 597 550 683 judicem
569 599 884 664 excommunicatum
899 599 1010 678 fuisse,
1035 608 1069 666 et
1090 601 1232 668 validam

114 721 251 798 reputet
266 714 425 799 ejusmodi
437 717 811 794 excommunicationem,
827 716 956 799 ignoret
969 724 1079 782 tamen
1097 717 1158 784 hoc
1170 720 1232 801 ipsi

113 828 371 915 jurisdictionem
383 832 562 910 abstulisse,
578 833 699 897 iterum
710 839 807 915 urget
821 833 904 896 ratio
919 828 1067 899 utilitatis
1077 835 1229 918 publicae,

115 953 149 1012 et
166 948 287 1012 merito
306 949 512 1030 presumitur
525 947 666 1014 Ecclesia
683 946 939 1033 jurisdictionem
953 950 1117 1032 supplere.
1136 949 1232 1017 Unde

114 1081 292 1148 numquam
311 1083 405 1131 error
423 1065 601 1130 communis
615 1083 653 1129 eo
669 1084 765 1130 sensu
783 1083 907 1130 crassus
922 1058 1233 1148 reputandus'uide·

114 1186 180 1255 tur,
195 1186 235 1243 ut
252 1179 478 1262 praesumenda
493 1180 535 1244 sit
548 1179 690 1245 Ecclesia
705 1178 963 1264 jurisdictionem
981 1201 1047 1246 non
1065 1183 1230 1266 supplere.

157 1297 360 1361 Paorosmo
374 1297 428 1360 11¹.
446 1331 490 1344 -
504 1301 540 1361 Si
562 1304 647 1360 error
664 1317 724 1360 noc
743 1303 785 1360 sat
805 1303 978 1376 communis,
997 1302 1050 1363 sed
1068 1319 1234 1381 paucorum

117 1419 247 1492 matum,
264 1415 407 1476 nullitate
421 1415 560 1477 laborent
573 1419 641 1476 ceta
655 1420 685 1477 et
698 1419 851 1477 sentcntiae
859 1417 986 1497 judicis.
1000 1415 1134 1480 —Cum
1147 1417 1234 1481 enim

115 1529 190 1594 talis
206 1527 311 1612 judex
327 1536 438 1594 careat
449 1528 691 1614 jurisdictione,
713 1506 934 1614 nulliter⁶agit
947 1531 1008 1595 nisi
1023 1531 1165 1597 Ecclesia
1183 1530 1235 1618 ju·

116 1643 338 1710 risdictionem
349 1646 511 1728 suppleat.
526 1645 670 1710 Ecclesia
685 1652 795 1710 antem
810 1667 875 1712 non
890 1648 1031 1730 supplet,
1053 1648 1116 1712 nisi
1130 1648 1171 1714 ob
1183 1666 1236 1714 ra·

117 1761 240 1828 tionem
258 1761 396 1845 publicae
418 1763 579 1827 utilitatis.
599 1763 678 1844 Quae
694 1761 827 1847 quidem
844 1764 927 1829 ratic
947 1765 1090 1830 occurrit
1103 1764 1234 1851 quando

119 1897 212 1946 error
226 1886 277 1945 est
294 1879 482 1958 communis,
507 1897 573 1945 non
594 1898 674 1945 vero
694 1878 825 1965 quando
848 1888 899 1946 est
920 1879 1090 1947 dumtaxat
1113 1883 1236 1969 aliquo·

120 2013 204 2073 rum,
219 2001 259 2060 ut
268 2002 371 2078 patet.

160 2114 345 2196 objectiones
360 2114 530 2176 diluuntur.
541 2111 716 2177 -Gontra
727 2111 906 2178 doctrinam
918 2111 1046 2179 duobus
1064 2110 1237 2195 premissis

118 2226 392 2310 propositionibus
412 2234 579 2304 ameriam,
604 2225 735 2311 objicies
752 2229 796 2292 1⁰.
814 2225 923 2292 Judex
940 2229 996 2313 qui
1011 2226 1235 2312 jurisdictione

119 2351 219 2422 caret,
242 2363 314 2409 eam
332 2343 367 2408 in
390 2362 466 2409 casu
488 2344 609 2408 erroris
628 2345 806 2409 communis
834 2345 1007 2429 acciperet,
1032 2343 1146 2411 veleb
1166 2345 1237 2428 ipso

119 2480 243 2538 errore,
257 2460 312 2526 vel
326 2480 345 2525 a
359 2460 571 2543 litigantibus,
596 2461 651 2525 vel
672 2480 691 2525 a
710 2461 897 2546 superiore3
929 2462 1021 2546 atqui
1045 2461 1172 2527 nullum
1195 2480 1237 2528 ex

119 2575 165 2642 bis
178 2574 245 2641 dici
255 2583 365 2658 potest
379 2596 386 2640 :
402 2595 468 2640 non
481 2575 523 2641 ab
534 2595 647 2642 errore
657 2577 821 2642 communi
832 2577 955 2660 populi,
970 2577 1045 2661 quia
1056 2574 1236 2642 absurdum

119 2698 166 2758 est
178 2690 441 2777 jurisdictionem
451 2711 492 2756 ex
501 2692 668 2758 erroribus
676 2693 765 2757 nasci
776 2713 783 2757 :
795 2711 860 2758 non
873 2712 892 2757 a
906 2691 1116 2775 litigantibus
1131 2693 1240 2787 quiet

117 2809 177 2893 ipsi
186 2807 412 2895 iurisdictione
427 2816 550 2885 carent,
568 2828 606 2873 ac
620 2808 758 2892 proinde
774 2808 854 2873 dare
871 2809 940 2873 aliis
953 2816 1123 2893 nequeunt
1145 2829 1152 2874 :
1171 2827 1237 2875 non

118 2926 330 3009 asuperiore,
345 2926 401 3010 qui
418 2924 461 2990 de
480 2923 587 2992 danda
596 2926 656 2991 tali
671 2925 774 3010 judici
788 2931 949 3009 potestate
965 2944 1007 2989 ne
1023 2925 1144 3007 cogitat
1168 2927 1240 3009 qui-

119 3041 220 3110 dem:
247 3060 337 3125 ergo.
354 3075 400 3090 ...
412 3041 642 3126 Respondetur
666 3062 732 3108 non
750 3041 863 3107 deesse
888 3042 1091 3107 voluntatem
1111 3059 1236 3125 perma-

118 3167 253 3227 nentem
266 3166 301 3224 et
314 3158 499 3241 generalem
512 3161 546 3224 in
560 3159 713 3237 Ecclesia,
725 3157 982 3243 jurisdictionem
997 3158 1030 3223 in
1045 3156 1231 3241 hujusmodi

119 3276 246 3341 casibus
262 3273 437 3359 supplendi
454 3296 461 3340 :
481 3282 675 3341 occurrente
700 3293 778 3358 ergo
803 3274 909 3360 aliquo
928 3293 970 3339 ex
982 3272 1076 3339 dictis
1092 3273 1233 3352 casibus,

120 3393 262 3479 uihujns
276 3391 454 3457 voluntatis
461 3390 641 3476 jurisdictio
653 3393 761 3457 statim
772 3392 956 3473 suppletur.
973 3390 1115 3475 Ohjicies
1127 3393 1173 3456 2⁰.
1186 3391 1240 3456 Se

120 3516 282 3596 queretur
305 3508 481 3573 sententias
503 3526 669 3592 nunqnam
687 3527 728 3572 ex
754 3506 888 3572 defectu
911 3505 1143 3591 jurisdictionis
1167 3506 1240 3574 fore

120 3628 289 3705 invalidae,
302 3645 376 3692 cum
387 3643 551 3710 nunquam
563 3625 689 3690 soleant
698 3624 863 3708 litigantes
873 3623 1029 3709 justitiam
1041 3631 1169 3707 petere,
1180 3625 1243 3689 nisi

121 3749 160 3815 ab
174 3766 215 3813 eo
232 3743 344 3831 judice
359 3762 456 3828 quem
476 3747 594 3825 putant
611 3740 869 3826 jurisdictionem
883 3740 1017 3806 habere.
1031 3776 1078 3791 -
1093 3740 1240 3824 Respon-

122 3865 242 3932 detnr:
257 3880 405 3928 errorem
416 3861 608 3944 litigantium
626 3880 692 3925 non
710 3878 841 3942 semper
855 3877 925 3925 esse
941 3876 1086 3924 errorem
1101 3875 1242 3921 commu-

122 4001 212 4065 nem3
233 3977 365 4064 quando
377 3983 487 4042 antem
504 3995 599 4042 error
615 3981 665 4041 est
680 3975 867 4052 communis,
878 3973 1005 4039 nullum
1023 3972 1115 4056 sequi
1132 3972 1242 4037 incon-

125 4099 259 4164 veniens
278 4116 319 4161 ex
335 4114 373 4160 eo
388 4093 476 4179 qnod
492 4093 679 4157 firmitatem
703 4091 844 4156 habeant
867 4090 1035 4154 sententiae
1062 4087 1196 4173 prolatae
1221 4108 1240 4154 a

126 4213 234 4299 jndice
249 4213 307 4298 qui
322 4209 547 4297 jurisdictione
570 4215 671 4285 caret,
690 4206 749 4273 sed
767 4215 877 4272 tamen
896 4223 967 4270 eam
988 4203 1110 4270 habere
1133 4204 1243 4271 existi

128 4340 246 4398 matur.
263 4329 408 4416 Objicies
418 4333 465 4395 3⁰.
482 4328 515 4393 Si
531 4345 625 4392 error
639 4326 818 4392 communis
834 4321 1093 4409 jurisdictionem
1112 4321 1240 4403 tribuit,
1351 4399 1353 4403 v

132 4447 244 4518 ualidae
267 4454 378 4515 assem
401 4444 620 4515 absolutiones
642 4445 766 4511 collata
788 4463 808 4510 a
827 4442 945 4510 clerico
966 4459 1033 4507 non
1059 4439 1240 4520 sacerdote,
