<?xml version="1.0" encoding="UTF-8"?>
<!DOCTYPE html PUBLIC "-//W3C//DTD XHTML 1.0 Transitional//EN"
    "http://www.w3.org/TR/xhtml1/DTD/xhtml1-transitional.dtd">
<html xmlns="http://www.w3.org/1999/xhtml" xml:lang="en" lang="en">
 <head>
  <title>
</title>
<meta http-equiv="Content-Type" content="text/html;charset=utf-8" />
  <meta name='ocr-system' content='tesseract 3.04.00' />
  <meta name='ocr-capabilities' content='ocr_page ocr_carea ocr_par ocr_line ocrx_word'/>
</head>
<body>
  <div class='ocr_page' id='page_1' title='image "./tractatusdejudi00bouigoog_0257.png"; bbox 0 0 2714 4980; ppageno 0'>
   <div class='ocr_carea' id='block_1_1' title="bbox 138 293 909 356">
    <p class='ocr_par' dir='ltr' id='par_1_1' title="bbox 138 293 909 356">
     <span class='ocr_line' id='line_1_1' title="bbox 138 293 909 356; baseline 0 0"><span class='ocrx_word' id='word_1_1' title='bbox 138 293 200 356; x_wconf 68' lang='lat'>244</span> <span class='ocrx_word' id='word_1_2' title='bbox 485 307 672 355; x_wconf 75' lang='lat' dir='ltr'>rnacrrrus</span> <span class='ocrx_word' id='word_1_3' title='bbox 695 309 740 354; x_wconf 84' lang='lat' dir='ltr'>on</span> <span class='ocrx_word' id='word_1_4' title='bbox 760 308 909 356; x_wconf 80' lang='lat' dir='ltr'>runicus.</span> 
     </span>
    </p>
   </div>
   <div class='ocr_carea' id='block_1_2' title="bbox 48 431 1255 3529">
    <p class='ocr_par' dir='ltr' id='par_1_2' title="bbox 132 431 1216 982">
     <span class='ocr_line' id='line_1_2' title="bbox 136 431 1216 520; baseline 0.006 -24"><span class='ocrx_word' id='word_1_5' title='bbox 136 452 232 520; x_wconf 85' lang='lat' dir='ltr'>«quo</span> <span class='ocrx_word' id='word_1_6' title='bbox 261 434 314 519; x_wconf 83' lang='lat' dir='ltr'>jus</span> <span class='ocrx_word' id='word_1_7' title='bbox 335 432 546 516; x_wconf 87' lang='lat' dir='ltr'>redditur...;</span> <span class='ocrx_word' id='word_1_8' title='bbox 573 431 682 497; x_wconf 82' lang='lat' dir='ltr'>dorum</span> <span class='ocrx_word' id='word_1_9' title='bbox 702 451 781 499; x_wconf 88' lang='lat' dir='ltr'>vero</span> <span class='ocrx_word' id='word_1_10' title='bbox 801 433 835 497; x_wconf 90' lang='lat' dir='ltr'>in</span> <span class='ocrx_word' id='word_1_11' title='bbox 861 441 981 501; x_wconf 88' lang='lat' dir='ltr'>neutro</span> <span class='ocrx_word' id='word_1_12' title='bbox 1000 454 1120 519; x_wconf 83' lang='lat' dir='ltr'>genere</span> <span class='ocrx_word' id='word_1_13' title='bbox 1143 456 1216 520; x_wconf 87' lang='lat' dir='ltr'>pom·</span> 
     </span>
     <span class='ocr_line' id='line_1_3' title="bbox 135 546 1215 637; baseline 0.006 -24"><span class='ocrx_word' id='word_1_14' title='bbox 135 559 220 616; x_wconf 88' lang='lat' dir='ltr'>«tur</span> <span class='ocrx_word' id='word_1_15' title='bbox 235 569 295 634; x_wconf 90' lang='lat' dir='ltr'>pro</span> <span class='ocrx_word' id='word_1_16' title='bbox 308 550 473 617; x_wconf 87' lang='lat' dir='ltr'>territorio</span> <span class='ocrx_word' id='word_1_17' title='bbox 490 546 662 633; x_wconf 87' lang='lat' dir='ltr'>cujuslibet</span> <span class='ocrx_word' id='word_1_18' title='bbox 674 547 806 635; x_wconf 87' lang='lat' dir='ltr'>judicis,</span> <span class='ocrx_word' id='word_1_19' title='bbox 824 548 910 614; x_wconf 85' lang='lat' dir='ltr'>intra</span> <span class='ocrx_word' id='word_1_20' title='bbox 925 550 1015 636; x_wconf 90' lang='lat' dir='ltr'>quod</span> <span class='ocrx_word' id='word_1_21' title='bbox 1035 549 1090 637; x_wconf 86' lang='lat' dir='ltr'>jus</span> <span class='ocrx_word' id='word_1_22' title='bbox 1107 551 1215 619; x_wconf 82' lang='lat' dir='ltr'>reddere</span> 
     </span>
     <span class='ocr_line' id='line_1_4' title="bbox 133 664 1215 754; baseline 0.006 -25"><span class='ocrx_word' id='word_1_23' title='bbox 133 686 223 732; x_wconf 87' lang='lat' dir='ltr'>«seu</span> <span class='ocrx_word' id='word_1_24' title='bbox 244 666 353 732; x_wconf 89' lang='lat' dir='ltr'>dicere</span> <span class='ocrx_word' id='word_1_25' title='bbox 374 673 523 750; x_wconf 87' lang='lat' dir='ltr'>potest...</span> <span class='ocrx_word' id='word_1_26' title='bbox 542 664 665 730; x_wconf 81' lang='lat' dir='ltr'>Verum</span> <span class='ocrx_word' id='word_1_27' title='bbox 683 664 750 730; x_wconf 86' lang='lat' dir='ltr'>haec</span> <span class='ocrx_word' id='word_1_28' title='bbox 775 664 957 732; x_wconf 84' lang='lat' dir='ltr'>differentia</span> <span class='ocrx_word' id='word_1_29' title='bbox 979 667 1044 733; x_wconf 84' lang='lat' dir='ltr'>fori</span> <span class='ocrx_word' id='word_1_30' title='bbox 1067 669 1101 733; x_wconf 93' lang='lat' dir='ltr'>in</span> <span class='ocrx_word' id='word_1_31' title='bbox 1125 689 1215 754; x_wconf 83' lang='lat' dir='ltr'>genere</span> 
     </span>
     <span class='ocr_line' id='line_1_5' title="bbox 132 779 1215 863; baseline 0.006 -18"><span class='ocrx_word' id='word_1_32' title='bbox 132 804 150 845; x_wconf 80' lang='lat' dir='ltr'>a</span> <span class='ocrx_word' id='word_1_33' title='bbox 165 782 338 848; x_wconf 87' lang='lat' dir='ltr'>masculino</span> <span class='ocrx_word' id='word_1_34' title='bbox 352 788 387 848; x_wconf 90' lang='lat' dir='ltr'>et</span> <span class='ocrx_word' id='word_1_35' title='bbox 400 789 518 848; x_wconf 88' lang='lat' dir='ltr'>neutro</span> <span class='ocrx_word' id='word_1_36' title='bbox 532 779 776 863; x_wconf 82' lang='lat' dir='ltr'>grammaticalis</span> <span class='ocrx_word' id='word_1_37' title='bbox 790 781 893 846; x_wconf 89' lang='lat' dir='ltr'>solum</span> <span class='ocrx_word' id='word_1_38' title='bbox 908 790 969 861; x_wconf 86' lang='lat' dir='ltr'>est,</span> <span class='ocrx_word' id='word_1_39' title='bbox 985 784 1114 849; x_wconf 89' lang='lat' dir='ltr'>nullum</span> <span class='ocrx_word' id='word_1_40' title='bbox 1123 784 1215 851; x_wconf 88' lang='lat' dir='ltr'>haben</span> 
     </span>
     <span class='ocr_line' id='line_1_6' title="bbox 133 896 599 982; baseline -0.011 -20"><span class='ocrx_word' id='word_1_41' title='bbox 133 897 412 964; x_wconf 84' lang='lat' dir='ltr'>«fundamentum</span> <span class='ocrx_word' id='word_1_42' title='bbox 427 899 461 961; x_wconf 91' lang='lat' dir='ltr'>in</span> <span class='ocrx_word' id='word_1_43' title='bbox 473 896 560 982; x_wconf 82' lang='lat' dir='ltr'>jure.</span> <span class='ocrx_word' id='word_1_44' title='bbox 583 921 599 957; x_wconf 74' lang='lat' dir='ltr'>a</span> 
     </span>
    </p>

    <p class='ocr_par' dir='ltr' id='par_1_3' title="bbox 125 1012 1255 1803">
     <span class='ocr_line' id='line_1_7' title="bbox 175 1012 1215 1100; baseline 0.009 -26"><span class='ocrx_word' id='word_1_45' title='bbox 175 1016 317 1100; x_wconf 84' lang='lat' dir='ltr'>«Itaque</span> <span class='ocrx_word' id='word_1_46' title='bbox 331 1014 462 1097; x_wconf 88' lang='lat' dir='ltr'>proprie</span> <span class='ocrx_word' id='word_1_47' title='bbox 481 1012 646 1097; x_wconf 89' lang='lat' dir='ltr'>loquendo</span> <span class='ocrx_word' id='word_1_48' title='bbox 659 1012 768 1077; x_wconf 85' lang='lat' dir='ltr'>iorum</span> <span class='ocrx_word' id='word_1_49' title='bbox 785 1022 973 1097; x_wconf 87' lang='lat' dir='ltr'>competens</span> <span class='ocrx_word' id='word_1_50' title='bbox 987 1025 1127 1082; x_wconf 88' lang='lat' dir='ltr'>vocatur</span> <span class='ocrx_word' id='word_1_51' title='bbox 1138 1017 1215 1083; x_wconf 87' lang='lat' dir='ltr'>tribu·</span> 
     </span>
     <span class='ocr_line' id='line_1_8' title="bbox 128 1127 1213 1216; baseline 0.004 -23"><span class='ocrx_word' id='word_1_52' title='bbox 128 1130 210 1194; x_wconf 86' lang='lat' dir='ltr'>«nal</span> <span class='ocrx_word' id='word_1_53' title='bbox 229 1129 359 1215; x_wconf 90' lang='lat' dir='ltr'>judicis,</span> <span class='ocrx_word' id='word_1_54' title='bbox 380 1128 472 1213; x_wconf 88' lang='lat' dir='ltr'>cujus</span> <span class='ocrx_word' id='word_1_55' title='bbox 488 1127 701 1213; x_wconf 73' lang='lat' dir='ltr'>jurisdictioni</span> <span class='ocrx_word' id='word_1_56' title='bbox 723 1146 801 1194; x_wconf 89' lang='lat' dir='ltr'>reus</span> <span class='ocrx_word' id='word_1_57' title='bbox 819 1128 1004 1214; x_wconf 87' lang='lat' dir='ltr'>subjicitur,</span> <span class='ocrx_word' id='word_1_58' title='bbox 1027 1132 1096 1197; x_wconf 89' lang='lat' dir='ltr'>sive</span> <span class='ocrx_word' id='word_1_59' title='bbox 1120 1132 1151 1196; x_wconf 91' lang='lat' dir='ltr'>in</span> <span class='ocrx_word' id='word_1_60' title='bbox 1172 1150 1213 1216; x_wconf 89' lang='lat' dir='ltr'>quo</span> 
     </span>
     <span class='ocr_line' id='line_1_9' title="bbox 126 1242 1255 1332; baseline 0.005 -26"><span class='ocrx_word' id='word_1_61' title='bbox 126 1263 233 1311; x_wconf 91' lang='lat' dir='ltr'>«reus</span> <span class='ocrx_word' id='word_1_62' title='bbox 248 1245 290 1311; x_wconf 87' lang='lat' dir='ltr'>ab</span> <span class='ocrx_word' id='word_1_63' title='bbox 301 1253 411 1310; x_wconf 88' lang='lat' dir='ltr'>actore</span> <span class='ocrx_word' id='word_1_64' title='bbox 427 1245 592 1310; x_wconf 86' lang='lat' dir='ltr'>conveniri</span> <span class='ocrx_word' id='word_1_65' title='bbox 606 1242 707 1310; x_wconf 87' lang='lat' dir='ltr'>debet</span> <span class='ocrx_word' id='word_1_66' title='bbox 717 1251 774 1309; x_wconf 88' lang='lat' dir='ltr'>ant</span> <span class='ocrx_word' id='word_1_67' title='bbox 790 1253 938 1330; x_wconf 87' lang='lat' dir='ltr'>potest...</span> <span class='ocrx_word' id='word_1_68' title='bbox 955 1245 1115 1332; x_wconf 82' lang='lat' dir='ltr'>Adeoque</span> <span class='ocrx_word' id='word_1_69' title='bbox 1132 1247 1213 1313; x_wconf 80' lang='lat' dir='ltr'>toran</span> <span class='ocrx_word' id='word_1_70' title='bbox 1253 1244 1255 1327; x_wconf 71' lang='grc' dir='ltr'>ἰ</span> 
     </span>
     <span class='ocr_line' id='line_1_10' title="bbox 126 1338 1255 1469; baseline 0.004 -44"><span class='ocrx_word' id='word_1_71' title='bbox 126 1359 233 1425; x_wconf 81' lang='lat' dir='ltr'>«dicit</span> <span class='ocrx_word' id='word_1_72' title='bbox 247 1368 282 1426; x_wconf 89' lang='lat' dir='ltr'>et</span> <span class='ocrx_word' id='word_1_73' title='bbox 291 1362 456 1444; x_wconf 87' lang='lat' dir='ltr'>importat,</span> <span class='ocrx_word' id='word_1_74' title='bbox 469 1368 540 1425; x_wconf 89' lang='lat' dir='ltr'>tum</span> <span class='ocrx_word' id='word_1_75' title='bbox 548 1359 805 1445; x_wconf 83' lang='lat' dir='ltr'>jurisdictionem</span> <span class='ocrx_word' id='word_1_76' title='bbox 818 1379 888 1444; x_wconf 83' lang='lat' dir='ltr'>quae</span> <span class='ocrx_word' id='word_1_77' title='bbox 896 1369 1080 1428; x_wconf 83' lang='lat' dir='ltr'>exercetur</span> <span class='ocrx_word' id='word_1_78' title='bbox 1090 1364 1213 1429; x_wconf 87' lang='lat' dir='ltr'>inlitibn</span> <span class='ocrx_word' id='word_1_79' title='bbox 1252 1338 1255 1469; x_wconf 59' lang='lat' dir='ltr'>j</span> 
     </span>
     <span class='ocr_line' id='line_1_11' title="bbox 126 1475 1255 1573; baseline 0.004 -31"><span class='ocrx_word' id='word_1_80' title='bbox 126 1475 355 1561; x_wconf 78' lang='lat' dir='ltr'>«dirimendis,</span> <span class='ocrx_word' id='word_1_81' title='bbox 377 1484 448 1541; x_wconf 90' lang='lat' dir='ltr'>turn</span> <span class='ocrx_word' id='word_1_82' title='bbox 464 1477 562 1542; x_wconf 89' lang='lat' dir='ltr'>etiam</span> <span class='ocrx_word' id='word_1_83' title='bbox 580 1475 687 1542; x_wconf 90' lang='lat' dir='ltr'>locum</span> <span class='ocrx_word' id='word_1_84' title='bbox 703 1496 761 1542; x_wconf 90' lang='lat' dir='ltr'>sen</span> <span class='ocrx_word' id='word_1_85' title='bbox 774 1477 918 1542; x_wconf 88' lang='lat' dir='ltr'>tribunal</span> <span class='ocrx_word' id='word_1_86' title='bbox 935 1479 970 1541; x_wconf 93' lang='lat' dir='ltr'>in</span> <span class='ocrx_word' id='word_1_87' title='bbox 990 1497 1059 1563; x_wconf 93' lang='lat' dir='ltr'>qno</span> <span class='ocrx_word' id='word_1_88' title='bbox 1078 1480 1150 1546; x_wconf 90' lang='lat' dir='ltr'>lites</span> <span class='ocrx_word' id='word_1_89' title='bbox 1162 1478 1213 1546; x_wconf 80' lang='lat' dir='ltr'>dri·</span> <span class='ocrx_word' id='word_1_90' title='bbox 1253 1476 1255 1573; x_wconf 69' lang='grc' dir='ltr'>ξ</span> 
     </span>
     <span class='ocr_line' id='line_1_12' title="bbox 126 1582 1255 1681; baseline 0.004 -24"><span class='ocrx_word' id='word_1_91' title='bbox 126 1619 141 1648; x_wconf 81' lang='lat' dir='ltr'>o</span> <span class='ocrx_word' id='word_1_92' title='bbox 154 1600 287 1657; x_wconf 86' lang='lat' dir='ltr'>muntur</span> <span class='ocrx_word' id='word_1_93' title='bbox 300 1614 307 1675; x_wconf 89' lang='lat'>;</span> <span class='ocrx_word' id='word_1_94' title='bbox 321 1593 364 1656; x_wconf 91' lang='lat' dir='ltr'>ita</span> <span class='ocrx_word' id='word_1_95' title='bbox 380 1598 419 1655; x_wconf 92' lang='lat' dir='ltr'>ut</span> <span class='ocrx_word' id='word_1_96' title='bbox 433 1591 542 1656; x_wconf 89' lang='lat' dir='ltr'>forum</span> <span class='ocrx_word' id='word_1_97' title='bbox 557 1591 599 1656; x_wconf 88' lang='lat' dir='ltr'>sit</span> <span class='ocrx_word' id='word_1_98' title='bbox 611 1591 735 1675; x_wconf 90' lang='lat' dir='ltr'>aliquid</span> <span class='ocrx_word' id='word_1_99' title='bbox 752 1600 1011 1676; x_wconf 80' lang='lat' dir='ltr'>aggregatumet</span> <span class='ocrx_word' id='word_1_100' title='bbox 1029 1595 1213 1679; x_wconf 83' lang='lat' dir='ltr'>compositum</span> <span class='ocrx_word' id='word_1_101' title='bbox 1253 1582 1255 1681; x_wconf 61' lang='grc'>1</span> 
     </span>
     <span class='ocr_line' id='line_1_13' title="bbox 125 1707 1148 1803; baseline -0.004 -29"><span class='ocrx_word' id='word_1_102' title='bbox 125 1707 393 1791; x_wconf 61' lang='lat' dir='ltr'>rexutrisque.»</span> <span class='ocrx_word' id='word_1_103' title='bbox 921 1798 924 1803; x_wconf 61' lang='lat'>,</span> <span class='ocrx_word' id='word_1_104' title='bbox 1039 1746 1076 1788; x_wconf 82' lang='lat'>·.:</span> <span class='ocrx_word' id='word_1_105' title='bbox 1145 1752 1148 1757; x_wconf 86' lang='lat'><em>-</em></span> 
     </span>
    </p>

    <p class='ocr_par' dir='ltr' id='par_1_4' title="bbox 123 1805 1216 2371">
     <span class='ocr_line' id='line_1_14' title="bbox 169 1805 1214 1909; baseline 0.011 -25"><span class='ocrx_word' id='word_1_106' title='bbox 169 1805 327 1888; x_wconf 89' lang='lat' dir='ltr'>«Omissis</span> <span class='ocrx_word' id='word_1_107' title='bbox 345 1823 416 1887; x_wconf 88' lang='lat' dir='ltr'>aliis</span> <span class='ocrx_word' id='word_1_108' title='bbox 440 1821 735 1909; x_wconf 81' lang='lat' dir='ltr'>significationibus,</span> <span class='ocrx_word' id='word_1_109' title='bbox 754 1805 800 1887; x_wconf 89' lang='lat' dir='ltr'>ait</span> <span class='ocrx_word' id='word_1_110' title='bbox 818 1823 908 1888; x_wconf 82' lang='lat' dir='ltr'>liuth</span> <span class='ocrx_word' id='word_1_111' title='bbox 925 1822 979 1909; x_wconf 87' lang='lat' dir='ltr'>(ad</span> <span class='ocrx_word' id='word_1_112' title='bbox 992 1826 1129 1893; x_wconf 87' lang='lat' dir='ltr'>titulum</span> <span class='ocrx_word' id='word_1_113' title='bbox 1146 1829 1173 1904; x_wconf 74' lang='lat'>2,</span> <span class='ocrx_word' id='word_1_114' title='bbox 1187 1825 1214 1895; x_wconf 68' lang='lat' dir='ltr'>lie</span> 
     </span>
     <span class='ocr_line' id='line_1_15' title="bbox 123 1937 1215 2024; baseline 0.005 -22"><span class='ocrx_word' id='word_1_115' title='bbox 123 1938 233 2005; x_wconf 73' lang='lat' dir='ltr'>«brie</span> <span class='ocrx_word' id='word_1_116' title='bbox 250 1939 473 2018; x_wconf 73' lang='lat' dir='ltr'>decretalium,</span> <span class='ocrx_word' id='word_1_117' title='bbox 492 1948 605 2024; x_wconf 86' lang='lat' dir='ltr'>quaest.</span> <span class='ocrx_word' id='word_1_118' title='bbox 628 1937 671 2023; x_wconf 85' lang='lat'>1),</span> <span class='ocrx_word' id='word_1_119' title='bbox 686 1939 737 2004; x_wconf 90' lang='lat' dir='ltr'>hic</span> <span class='ocrx_word' id='word_1_120' title='bbox 754 1942 883 2007; x_wconf 88' lang='lat' dir='ltr'>nomine</span> <span class='ocrx_word' id='word_1_121' title='bbox 899 1941 963 2006; x_wconf 84' lang='lat' dir='ltr'>fori</span> <span class='ocrx_word' id='word_1_122' title='bbox 979 1944 1072 2015; x_wconf 89' lang='lat' dir='ltr'>venit</span> <span class='ocrx_word' id='word_1_123' title='bbox 1086 1944 1139 2010; x_wconf 91' lang='lat' dir='ltr'>vel</span> <span class='ocrx_word' id='word_1_124' title='bbox 1147 1944 1215 2010; x_wconf 86' lang='lat' dir='ltr'>locus</span> 
     </span>
     <span class='ocr_line' id='line_1_16' title="bbox 123 2054 1216 2143; baseline 0.006 -27"><span class='ocrx_word' id='word_1_125' title='bbox 123 2054 364 2120; x_wconf 82' lang='lat' dir='ltr'>«discutiendis</span> <span class='ocrx_word' id='word_1_126' title='bbox 386 2062 420 2119; x_wconf 88' lang='lat' dir='ltr'>et</span> <span class='ocrx_word' id='word_1_127' title='bbox 438 2054 648 2120; x_wconf 81' lang='lat' dir='ltr'>terminandis</span> <span class='ocrx_word' id='word_1_128' title='bbox 669 2055 793 2132; x_wconf 81' lang='lat' dir='ltr'>litibus,</span> <span class='ocrx_word' id='word_1_129' title='bbox 814 2057 868 2122; x_wconf 91' lang='lat' dir='ltr'>vel</span> <span class='ocrx_word' id='word_1_130' title='bbox 880 2055 1067 2141; x_wconf 88' lang='lat' dir='ltr'>jurisdictio</span> <span class='ocrx_word' id='word_1_131' title='bbox 1080 2057 1216 2143; x_wconf 79' lang='lat' dir='ltr'>judicium</span> 
     </span>
     <span class='ocr_line' id='line_1_17' title="bbox 124 2169 1216 2257; baseline 0.01 -26"><span class='ocrx_word' id='word_1_132' title='bbox 124 2173 335 2241; x_wconf 72' lang='lat' dir='ltr'>«exercentis</span> <span class='ocrx_word' id='word_1_133' title='bbox 349 2191 407 2236; x_wconf 91' lang='lat' dir='ltr'>seu</span> <span class='ocrx_word' id='word_1_134' title='bbox 422 2178 565 2255; x_wconf 85' lang='lat' dir='ltr'>potestas</span> <span class='ocrx_word' id='word_1_135' title='bbox 574 2171 703 2254; x_wconf 91' lang='lat' dir='ltr'>publica</span> <span class='ocrx_word' id='word_1_136' title='bbox 715 2169 757 2236; x_wconf 87' lang='lat' dir='ltr'>de</span> <span class='ocrx_word' id='word_1_137' title='bbox 772 2191 868 2237; x_wconf 89' lang='lat' dir='ltr'>causa</span> <span class='ocrx_word' id='word_1_138' title='bbox 880 2173 913 2237; x_wconf 90' lang='lat' dir='ltr'>in</span> <span class='ocrx_word' id='word_1_139' title='bbox 922 2171 1084 2257; x_wconf 82' lang='lat' dir='ltr'>judicium</span> <span class='ocrx_word' id='word_1_140' title='bbox 1096 2174 1216 2243; x_wconf 78' lang='lat' dir='ltr'>dedam</span> 
     </span>
     <span class='ocr_line' id='line_1_18' title="bbox 123 2285 893 2371; baseline -0.003 -21"><span class='ocrx_word' id='word_1_141' title='bbox 123 2285 366 2370; x_wconf 82' lang='lat' dir='ltr'>«cognoscendi</span> <span class='ocrx_word' id='word_1_142' title='bbox 375 2294 411 2352; x_wconf 89' lang='lat' dir='ltr'>et</span> <span class='ocrx_word' id='word_1_143' title='bbox 422 2286 687 2370; x_wconf 88' lang='lat' dir='ltr'>pronuntiandi.»</span> <span class='ocrx_word' id='word_1_144' title='bbox 891 2367 893 2371; x_wconf 23' lang='grc' dir='ltr'>Ι</span> 
     </span>
    </p>

    <p class='ocr_par' dir='ltr' id='par_1_5' title="bbox 48 2401 1255 3529">
     <span class='ocr_line' id='line_1_19' title="bbox 163 2401 1215 2489; baseline 0.004 -22"><span class='ocrx_word' id='word_1_145' title='bbox 163 2404 197 2467; x_wconf 78' lang='lat'>2⁰</span> <span class='ocrx_word' id='word_1_146' title='bbox 215 2405 385 2484; x_wconf 77' lang='lat' dir='ltr'>Quotaptea</span> <span class='ocrx_word' id='word_1_147' title='bbox 402 2406 608 2484; x_wconf 77' lang='lat' dir='ltr'>disticqaatur</span> <span class='ocrx_word' id='word_1_148' title='bbox 621 2407 716 2484; x_wconf 80' lang='lat' dir='ltr'>sorus.</span> <span class='ocrx_word' id='word_1_149' title='bbox 732 2441 777 2451; x_wconf 92' lang='lat'><em>-</em></span> <span class='ocrx_word' id='word_1_150' title='bbox 795 2401 920 2468; x_wconf 77' lang='lat' dir='ltr'>«Aliud</span> <span class='ocrx_word' id='word_1_151' title='bbox 937 2412 989 2478; x_wconf 81' lang='lat' dir='ltr'>est</span> <span class='ocrx_word' id='word_1_152' title='bbox 1001 2403 1113 2473; x_wconf 75' lang='lat' dir='ltr'>iorum</span> <span class='ocrx_word' id='word_1_153' title='bbox 1125 2425 1215 2489; x_wconf 73' lang='lat' dir='ltr'>compe·</span> 
     </span>
     <span class='ocr_line' id='line_1_20' title="bbox 120 2517 1214 2608; baseline 0.006 -28"><span class='ocrx_word' id='word_1_154' title='bbox 120 2527 225 2598; x_wconf 80' lang='lat' dir='ltr'>«teas,</span> <span class='ocrx_word' id='word_1_155' title='bbox 246 2518 362 2604; x_wconf 88' lang='lat' dir='ltr'>inquo</span> <span class='ocrx_word' id='word_1_156' title='bbox 382 2539 459 2585; x_wconf 88' lang='lat' dir='ltr'>reus</span> <span class='ocrx_word' id='word_1_157' title='bbox 479 2519 647 2586; x_wconf 78' lang='lat' dir='ltr'>conveniri</span> <span class='ocrx_word' id='word_1_158' title='bbox 667 2527 776 2602; x_wconf 89' lang='lat' dir='ltr'>potest</span> <span class='ocrx_word' id='word_1_159' title='bbox 799 2526 835 2584; x_wconf 89' lang='lat' dir='ltr'>et</span> <span class='ocrx_word' id='word_1_160' title='bbox 853 2517 965 2598; x_wconf 88' lang='lat' dir='ltr'>debet,</span> <span class='ocrx_word' id='word_1_161' title='bbox 990 2522 1049 2593; x_wconf 88' lang='lat' dir='ltr'>vel</span> <span class='ocrx_word' id='word_1_162' title='bbox 1062 2521 1121 2588; x_wconf 90' lang='lat' dir='ltr'>ubi</span> <span class='ocrx_word' id='word_1_163' title='bbox 1134 2520 1214 2608; x_wconf 81' lang='lat' dir='ltr'>juder</span> 
     </span>
     <span class='ocr_line' id='line_1_21' title="bbox 119 2634 1255 2733; baseline 0.004 -34"><span class='ocrx_word' id='word_1_164' title='bbox 119 2643 198 2702; x_wconf 85' lang='lat' dir='ltr'>«est</span> <span class='ocrx_word' id='word_1_165' title='bbox 213 2642 402 2718; x_wconf 87' lang='lat' dir='ltr'>competens</span> <span class='ocrx_word' id='word_1_166' title='bbox 426 2641 460 2701; x_wconf 88' lang='lat' dir='ltr'>et</span> <span class='ocrx_word' id='word_1_167' title='bbox 477 2634 736 2720; x_wconf 85' lang='lat' dir='ltr'>jurisdictionem</span> <span class='ocrx_word' id='word_1_168' title='bbox 750 2635 873 2701; x_wconf 90' lang='lat' dir='ltr'>habens</span> <span class='ocrx_word' id='word_1_169' title='bbox 887 2635 921 2699; x_wconf 92' lang='lat' dir='ltr'>in</span> <span class='ocrx_word' id='word_1_170' title='bbox 942 2655 1056 2703; x_wconf 88' lang='lat' dir='ltr'>reum:</span> <span class='ocrx_word' id='word_1_171' title='bbox 1078 2637 1164 2705; x_wconf 92' lang='lat' dir='ltr'>aliud</span> <span class='ocrx_word' id='word_1_172' title='bbox 1177 2640 1214 2703; x_wconf 86' lang='lat' dir='ltr'>est</span> <span class='ocrx_word' id='word_1_173' title='bbox 1253 2724 1255 2733; x_wconf 33' lang='grc' dir='ltr'>Ι</span> 
     </span>
     <span class='ocr_line' id='line_1_22' title="bbox 120 2751 1213 2836; baseline 0.005 -22"><span class='ocrx_word' id='word_1_174' title='bbox 120 2759 356 2834; x_wconf 77' lang='lat' dir='ltr'>«incompetens,</span> <span class='ocrx_word' id='word_1_175' title='bbox 373 2752 431 2818; x_wconf 91' lang='lat' dir='ltr'>ubi</span> <span class='ocrx_word' id='word_1_176' title='bbox 444 2771 521 2817; x_wconf 87' lang='lat' dir='ltr'>reus</span> <span class='ocrx_word' id='word_1_177' title='bbox 531 2752 697 2818; x_wconf 90' lang='lat' dir='ltr'>conveniri</span> <span class='ocrx_word' id='word_1_178' title='bbox 708 2771 769 2816; x_wconf 89' lang='lat' dir='ltr'>nec</span> <span class='ocrx_word' id='word_1_179' title='bbox 781 2759 889 2835; x_wconf 88' lang='lat' dir='ltr'>potest</span> <span class='ocrx_word' id='word_1_180' title='bbox 900 2770 962 2818; x_wconf 92' lang='lat' dir='ltr'>nec</span> <span class='ocrx_word' id='word_1_181' title='bbox 975 2751 1089 2820; x_wconf 86' lang='lat' dir='ltr'>debet.</span> <span class='ocrx_word' id='word_1_182' title='bbox 1105 2757 1213 2836; x_wconf 76' lang='lat' dir='ltr'>Campe</span> 
     </span>
     <span class='ocr_line' id='line_1_23' title="bbox 118 2866 1211 2937; baseline 0.002 -7"><span class='ocrx_word' id='word_1_183' title='bbox 118 2875 220 2932; x_wconf 85' lang='lat' dir='ltr'>«tens</span> <span class='ocrx_word' id='word_1_184' title='bbox 238 2866 397 2933; x_wconf 91' lang='lat' dir='ltr'>dividitur</span> <span class='ocrx_word' id='word_1_185' title='bbox 412 2869 446 2931; x_wconf 93' lang='lat' dir='ltr'>in</span> <span class='ocrx_word' id='word_1_186' title='bbox 463 2870 690 2931; x_wconf 81' lang='lat' dir='ltr'>ecclesiasticam</span> <span class='ocrx_word' id='word_1_187' title='bbox 708 2874 743 2931; x_wconf 89' lang='lat' dir='ltr'>et</span> <span class='ocrx_word' id='word_1_188' title='bbox 756 2869 919 2931; x_wconf 82' lang='lat' dir='ltr'>soeoulorc:</span> <span class='ocrx_word' id='word_1_189' title='bbox 934 2869 1211 2937; x_wconf 88' lang='lat' dir='ltr'>ecclesiasticumiu</span> 
     </span>
     <span class='ocr_line' id='line_1_24' title="bbox 118 2982 1255 3067; baseline 0.002 -22"><span class='ocrx_word' id='word_1_190' title='bbox 118 2991 306 3047; x_wconf 70' lang='lat' dir='ltr'>«mianum</span> <span class='ocrx_word' id='word_1_191' title='bbox 325 2990 360 3048; x_wconf 88' lang='lat' dir='ltr'>et</span> <span class='ocrx_word' id='word_1_192' title='bbox 380 2989 543 3048; x_wconf 77' lang='lat' dir='ltr'>internam.</span> <span class='ocrx_word' id='word_1_193' title='bbox 559 2983 729 3048; x_wconf 91' lang='lat' dir='ltr'>Internum</span> <span class='ocrx_word' id='word_1_194' title='bbox 751 2982 785 3047; x_wconf 94' lang='lat' dir='ltr'>in</span> <span class='ocrx_word' id='word_1_195' title='bbox 803 2982 913 3048; x_wconf 89' lang='lat' dir='ltr'>forum</span> <span class='ocrx_word' id='word_1_196' title='bbox 927 2988 1148 3067; x_wconf 84' lang='lat' dir='ltr'>poenitentirle</span> <span class='ocrx_word' id='word_1_197' title='bbox 1160 2986 1209 3051; x_wconf 85' lang='lat' dir='ltr'>sive</span> <span class='ocrx_word' id='word_1_198' title='bbox 1252 3026 1255 3043; x_wconf 87' lang='lat'><em>.</em></span> 
     </span>
     <span class='ocr_line' id='line_1_25' title="bbox 48 3099 1207 3183; baseline 0.005 -24"><span class='ocrx_word' id='word_1_199' title='bbox 48 3181 50 3183; x_wconf 12' lang='grc' dir='ltr'><strong><em>ι</em></strong></span> <span class='ocrx_word' id='word_1_200' title='bbox 118 3099 393 3177; x_wconf 79' lang='lat' dir='ltr'>«sacramentale,</span> <span class='ocrx_word' id='word_1_201' title='bbox 411 3106 446 3164; x_wconf 88' lang='lat' dir='ltr'>et</span> <span class='ocrx_word' id='word_1_202' title='bbox 461 3099 574 3163; x_wconf 89' lang='lat' dir='ltr'>innon</span> <span class='ocrx_word' id='word_1_203' title='bbox 590 3099 833 3164; x_wconf 86' lang='lat' dir='ltr'>sacramentale.</span> <span class='ocrx_word' id='word_1_204' title='bbox 851 3101 936 3164; x_wconf 87' lang='lat' dir='ltr'>Item</span> <span class='ocrx_word' id='word_1_205' title='bbox 951 3099 1044 3165; x_wconf 89' lang='lat' dir='ltr'>aliud</span> <span class='ocrx_word' id='word_1_206' title='bbox 1061 3102 1163 3169; x_wconf 87' lang='lat' dir='ltr'>forum</span> <span class='ocrx_word' id='word_1_207' title='bbox 1173 3104 1207 3165; x_wconf 78' lang='lat' dir='ltr'>est</span> 
     </span>
     <span class='ocr_line' id='line_1_26' title="bbox 118 3212 1206 3294; baseline 0.006 -19"><span class='ocrx_word' id='word_1_208' title='bbox 118 3220 373 3294; x_wconf 80' lang='lat' dir='ltr'>«contentiosum,</span> <span class='ocrx_word' id='word_1_209' title='bbox 390 3213 481 3280; x_wconf 91' lang='lat' dir='ltr'>aliud</span> <span class='ocrx_word' id='word_1_210' title='bbox 494 3217 723 3279; x_wconf 77' lang='lat' dir='ltr'>voluntarium:</span> <span class='ocrx_word' id='word_1_211' title='bbox 739 3213 792 3280; x_wconf 91' lang='lat' dir='ltr'>hic</span> <span class='ocrx_word' id='word_1_212' title='bbox 807 3212 849 3278; x_wconf 87' lang='lat' dir='ltr'>de</span> <span class='ocrx_word' id='word_1_213' title='bbox 866 3214 938 3280; x_wconf 86' lang='lat' dir='ltr'>foro</span> <span class='ocrx_word' id='word_1_214' title='bbox 957 3225 1096 3284; x_wconf 82' lang='lat' dir='ltr'>externo</span> <span class='ocrx_word' id='word_1_215' title='bbox 1108 3227 1142 3285; x_wconf 88' lang='lat' dir='ltr'>et</span> <span class='ocrx_word' id='word_1_216' title='bbox 1153 3233 1206 3281; x_wconf 85' lang='lat' dir='ltr'>cou-</span> 
     </span>
     <span class='ocr_line' id='line_1_27' title="bbox 117 3324 1201 3416; baseline 0.009 -24"><span class='ocrx_word' id='word_1_217' title='bbox 117 3330 289 3394; x_wconf 83' lang='lat' dir='ltr'>«tentioso</span> <span class='ocrx_word' id='word_1_218' title='bbox 300 3348 406 3396; x_wconf 87' lang='lat' dir='ltr'>sermo</span> <span class='ocrx_word' id='word_1_219' title='bbox 420 3337 503 3395; x_wconf 80' lang='lat' dir='ltr'>est.»</span> <span class='ocrx_word' id='word_1_220' title='bbox 519 3324 629 3416; x_wconf 87' lang='lat' dir='ltr'>(lluth,</span> <span class='ocrx_word' id='word_1_221' title='bbox 643 3330 677 3394; x_wconf 90' lang='lat' dir='ltr'>in</span> <span class='ocrx_word' id='word_1_222' title='bbox 688 3330 821 3395; x_wconf 89' lang='lat' dir='ltr'>titulum</span> <span class='ocrx_word' id='word_1_223' title='bbox 832 3333 863 3408; x_wconf 76' lang='lat'>2,</span> <span class='ocrx_word' id='word_1_224' title='bbox 881 3329 987 3397; x_wconf 82' lang='lat' dir='ltr'>libri2</span> <span class='ocrx_word' id='word_1_225' title='bbox 1003 3331 1201 3402; x_wconf 75' lang='lat' dir='ltr'>decretalium</span> 
     </span>
     <span class='ocr_line' id='line_1_28' title="bbox 71 3444 289 3529; baseline 0.005 -20"><span class='ocrx_word' id='word_1_226' title='bbox 71 3477 74 3483; x_wconf 93' lang='lat'>·</span> <span class='ocrx_word' id='word_1_227' title='bbox 115 3453 230 3529; x_wconf 78' lang='lat' dir='ltr'>quest.</span> <span class='ocrx_word' id='word_1_228' title='bbox 245 3444 289 3529; x_wconf 85' lang='lat'>1.)</span> 
     </span>
    </p>
   </div>
   <div class='ocr_carea' id='block_1_3' title="bbox 0 0 1362 4980">
    <p class='ocr_par' dir='ltr' id='par_1_6' title="bbox 0 0 1362 4980">
     <span class='ocr_line' id='line_1_29' title="bbox 0 0 1362 4980; baseline 0 7"><span class='ocrx_word' id='word_1_229' title='bbox 0 0 1362 4980; x_wconf 95' lang='lat' dir='ltr'> </span> 
     </span>
    </p>
   </div>
  </div>
 </body>
</html>
