2714 4980
500 316 580 364 nnus
602 314 760 365 suenum.
1123 298 1187 361 345

68 443 175 526 partis
194 445 224 519 l,
240 440 319 507 libri
338 443 369 519 2,
393 442 498 525 capite
520 437 586 525 17.)
604 440 773 506 Dissereus
796 440 882 505 euim
907 442 944 502 dc
964 438 1189 502 Archidicconis

62 580 122 643 per
146 564 276 641 quinque
295 564 402 640 priora
424 560 543 639 meula,
570 526 801 639 Episcopbrum
818 552 1052 639 jurisdictionis
1067 554 1190 619 exerci-

65 674 151 740 tium
166 672 209 741 ad
228 692 285 739 eas
307 672 501 757 pertinuisse
519 672 633 738 asserit
650 694 657 737 :
675 675 751 736 Cum
768 666 895 758 (inquit)
911 673 1033 735 illorum
1049 670 1082 733 hi
1096 674 1189 753 impe-

65 797 148 854 rium
164 797 195 854 er
204 792 448 873 jurisdictionem
473 790 735 867 administrarent,
763 793 973 869 currerentque
989 792 1022 849 in
1032 788 1189 869 presbyte-

65 927 129 987 ros,
148 912 183 970 in
198 908 355 988 parochos,
379 913 409 969 ct
428 910 461 969 in
477 905 749 987 archipresbyteros
773 910 853 984 ipsos
878 903 921 989 (n.
949 899 992 987 i).
1016 902 1189 985 Exponens

65 1029 180 1087 autem
197 1039 262 1106 qua
280 1018 321 1086 de
342 1040 450 1103 causa,
468 1040 534 1086 non
552 1021 608 1105 qui
623 1019 815 1104 antiquitate
838 1018 926 1084 inter
948 1017 1110 1094 diaconos,
1130 1016 1188 1083 sed

66 1138 123 1223 qui
133 1136 253 1221 peritia
265 1135 439 1215 eminebat,
453 1136 487 1200 iu
504 1134 773 1202 archidiaconum
790 1135 977 1219 eligeretur,
992 1133 1076 1198 hanc
1093 1135 1188 1199 ralia

65 1272 142 1319 uem
167 1250 263 1318 affert
281 1275 289 1318 :
308 1257 423 1335 Quippe
438 1258 491 1335 qui
507 1256 648 1336 Episcopi
669 1254 770 1315 mulus
791 1258 866 1314 esset
881 1258 910 1314 et
925 1270 1043 1330 manus,
1070 1255 1189 1333 ejusque

31 1390 36 1398 ·
66 1375 99 1432 in
115 1374 300 1433 contentiosa
310 1372 534 1452 jurisdictione,
552 1376 581 1432 ct
600 1371 729 1449 rependo
744 1388 777 1430 re
792 1371 984 1449 temperiem,
1005 1370 1142 1430 minister
1159 1374 1189 1430 et

67 1490 207 1549 Vicarius
228 1486 377 1567 pancratis
403 1482 447 1570 (n.
467 1481 513 1568 3).
532 1487 659 1563 Quando
684 1487 788 1546 scribit
813 1487 871 1547 Leo
897 1486 995 1565 Papa,
1014 1484 1187 1546 Anatolium

65 1591 285 1664 Archidiocana
300 1619 354 1663 suo
368 1602 583 1663 corurcdidisse
604 1598 877 1684 dispensationem
900 1598 1000 1663 totius
1025 1616 1128 1662 causae
1154 1605 1189 1663 et

66 1734 153 1783 curae
177 1713 412 1792 ecclesiastiaca,
435 1721 481 1778 ito
498 1716 574 1782 mihi
589 1717 707 1796 quidem
730 1717 975 1796 interpetrandus
997 1714 1127 1793 uidetur,
1153 1722 1188 1776 ut

33 1901 35 1904 Α
63 1834 317 1896 Archidiaconum
337 1835 432 1912 faciat
453 1837 545 1894 totius
562 1833 777 1895 administrum
791 1832 1017 1913 jurisdictionis
1037 1836 1069 1893 in
1090 1833 1187 1891 causis

62 1952 283 2028 molestandus,
302 1967 405 2013 causae
420 1969 428 2013 t
445 1957 475 2012 et
488 1951 722 2029 dispensatorem
742 1967 842 2010 rerum
857 1950 1063 2027 redituumque
1077 1953 1187 2027 tempa-

62 2070 189 2146 ralium,
216 2084 302 2130 cnrae
325 2065 551 2130 ecclesiasticae
569 2064 612 2151 (n.
636 2061 681 2147 8).
707 2062 884 2128 Concilium
907 2063 1098 2127 Toletauum
1112 2070 1187 2144 post

62 2181 155 2250 edita
167 2180 269 2248 multa
287 2180 432 2259 decreta,
450 2181 496 2245 sic
512 2182 625 2246 statuit
640 2199 762 2246 canone
778 2182 820 2244 20
842 2201 849 2245 :
873 2182 1054 2262 Hujusmadi
1076 2185 1187 2242 consti-

62 2305 210 2364 tutionem
239 2319 352 2380 semper
380 2302 548 2361 meminerit
578 2298 813 2361 Archidiacanus
841 2298 889 2358 ael
914 2296 1113 2378 presentibus
1139 2296 1187 2358 uel

26 2440 28 2444 ·
58 2418 234 2481 absentibus
250 2400 406 2496 Episcopis
423 2416 650 2495 suppercndam,
669 2420 705 2476 ut
719 2433 784 2477 eam
798 2416 939 2495 Episcopi
955 2414 1138 2490 custodiant,
1157 2419 1187 2475 et

51 2534 236 2616 proesbpteri
246 2550 306 2593 non
315 2532 498 2611 relinquant.
510 2528 615 2609 Quem
630 2547 787 2595 canonem
801 2528 949 2594 referens
962 2527 1187 2593 Thomassinus

56 2646 173 2714 addit:
187 2650 259 2710 Hac
277 2666 347 2709 sanc
361 2647 535 2709 documenta
547 2652 617 2709 sunt
627 2646 824 2708 authoritatis
837 2645 1124 2709 Archidiacanorum
1140 2644 1187 2707 la-

57 2770 177 2828 tissime
186 2756 323 2845 patentis
338 2761 381 2848 (n.
402 2757 448 2844 8).

101 2879 206 2947 Simul
218 2886 328 2944 autem
340 2876 430 2943 idem
445 2882 560 2943 auctor
583 2876 701 2960 probat
715 2874 939 2942 archidiaconi
954 2874 1091 2941 officium
1106 2894 1185 2959 per·

53 3001 202 3082 petuam
222 2992 339 3083 imese,
364 3012 428 3059 non
453 2999 563 3058 autem
590 3011 714 3059 meram
738 2990 976 3075 delegationem
1001 2989 1044 3056 ad
1069 2998 1185 3057 nutum

54 3110 289 3179 revocabilem.
314 3112 576 3190 Archidiacanum,
599 3109 720 3195 inquit,
743 3112 907 3191 Episcopus
925 3115 1083 3173 instituere
1104 3110 1185 3172 salus

48 3233 199 3313 poterot;
211 3229 372 3290 destituere
390 3234 420 3289 et
438 3228 640 3289 enauthorore
652 3228 733 3289 solus
751 3232 953 3306 amputarat,
973 3231 1037 3290 sinc
1050 3245 1140 3289 causa
1155 3232 1185 3289 ct

52 3351 121 3410 sinc
135 3320 369 3425 pipurajudicii.⁴
381 3341 431 3408 Ad
444 3341 532 3428 quod
546 3340 743 3407 firmandum
757 3341 847 3407 varia
861 3340 1056 3407 documenta
1068 3343 1102 3406 in
1115 3358 1185 3408 me-

53 3461 150 3529 dium
165 3458 313 3525 adducit.

25 3645 28 3649 ,
100 3580 188 3661 Ergo
202 3578 285 3641 sicut
302 3575 398 3642 bodie
417 3577 564 3641 Vicarius
578 3575 749 3659 generalis,
768 3577 814 3639 sic
833 3594 851 3640 a
871 3574 967 3640 valde
982 3582 1109 3642 remota
1128 3594 1185 3642 un·

49 3692 209 3780 tiquitate
223 3691 485 3770 Archidiaeonus,
502 3691 565 3757 fuit
577 3690 679 3776 judex
695 3689 894 3774 ordinarins;
911 3692 945 3754 vi
956 3708 1073 3774 nempe
1087 3689 1184 3757 officii

52 3810 105 3878 sui
125 3808 389 3895 jurisdictionem
409 3810 643 3876 contensiosam
665 3809 795 3874 nomine
819 3802 979 3892 Episcopi
997 3825 1180 3874 exercens:

52 3945 131 3994 eum
153 3925 214 3992 hac
231 3933 342 3991 tamen
366 3923 560 4002 discrimine,
593 3923 682 4010 quod
703 3922 852 3990 hodierni
874 3923 994 3988 Vicarii
1016 3923 1186 4006 generales

51 4047 131 4109 sunt
150 4039 194 4108 ad
212 4048 328 4108 nutum
344 4040 497 4126 Episcopi
514 4040 725 4116 revocabiles,
742 4037 1055 4106 Archidiaconorum
1073 4047 1184 4106 autem

53 4157 195 4225 officinm
210 4157 312 4224 fuerit
327 4165 537 4241 perpetuum.
612 4140 614 4145 ’

97 4274 176 4342 Tale
190 4281 301 4340 autem
316 4292 380 4338 non
394 4272 457 4338 fuit
471 4274 504 4338 in
518 4273 630 4357 primis
643 4273 772 4339 omniuo
787 4271 1006 4338 Ecclesiarum
1021 4269 1179 4340 exordiis.

51 4392 246 4460 Existimant
258 4390 345 4458 enim
359 4390 575 4458 communiter
586 4389 736 4455 doctores
750 4406 865 4456 eorum
878 4395 1076 4475 potestatem
1089 4388 1182 4457 initio
