2714 4980
586 288 665 338 orus
687 289 802 338 rums.
1206 279 1249 344 uu

130 439 149 470 u
167 420 295 498 guntur
311 434 319 479 ε
333 411 400 480 sed
411 412 558 480 Christos
579 417 736 482 Dominus
748 416 890 483 institnit
898 434 993 483 suam
1011 417 1253 501 Ecclesiam-nt

134 561 150 587 «
175 537 372 597 esset-unum
386 549 507 616 corpus
516 534 701 618 mysticum,
711 552 774 618 per
781 554 879 600 unam
892 533 993 601 fidem
1001 535 1251 620 perducendum

135 676 152 704 ι
174 647 217 715 ad
231 666 334 717 unum
349 649 632 733 supernaturalem
654 649 769 735 finem3
784 670 864 736 ergo
875 652 1008 738 reliquit
1025 654 1057 720 in
1074 654 1130 722 illa
1142 661 1252 740 potes·

135 794 152 822 «
172 774 278 835 tatem
319 766 363 834 ad
396 767 578 852 puniendos
608 776 646 835 et
684 768 884 836 coercendos
917 771 1163 851 malefactores,
1190 773 1251 860 qui

138 912 153 939 κ
173 884 315 950 maxime
331 883 407 948 bnic
426 885 556 969 corpori
568 903 688 951 nocere
703 891 848 970 pomoni„
869 915 887 943 -»
909 886 1020 974 (lbids,
1039 909 1074 955 a.
1091 887 1159 976 11.)

180 1003 215 1066 4⁰
232 1000 465 1067 confutandus
489 1001 681 1068 remanebat
711 1022 830 1069 eorum
853 1023 949 1070 error
976 1007 1034 1090 quii
1064 1005 1251 1087 consociant

127 1117 268 1204 quidem
286 1118 331 1186 ad
348 1119 527 1185 Ecclesiam
549 1121 718 1204 pertinere
740 1123 971 1189 coercitionem
993 1121 1250 1209 dalirnqtrentinm

128 1254 197 1320 per
208 1237 395 1322 corporales
406 1255 532 1321 pmnas,
547 1234 606 1303 sed
621 1257 662 1302 ex
681 1240 891 1307 concessione
905 1241 1068 1320 saecularis
1082 1243 1246 1326 principia.

133 1353 241 1437 Quem
260 1373 409 1421 errorem
424 1354 470 1420 sic
489 1356 623 1440 exponit
639 1357 759 1423 Suarer
776 1380 783 1422 :
803 1385 820 1414 o
837 1357 893 1423 Est
912 1357 974 1423 alia
995 1358 1158 1425 sententia
1178 1378 1249 1445 qum

141 1501 154 1528 «
171 1471 341 1558 &sanguis
356 1473 445 1538 inter
461 1473 517 1540 illa
530 1471 598 1539 <luo
612 1491 734 1558 genera
758 1474 980 1559 cooctionum3
1000 1482 1036 1540 et
1050 1477 1251 1560 spiritualem

138 1589 288 1658 «tribuit
306 1588 449 1673 praelatis
474 1589 638 1669 Ecclesia,
658 1596 694 1654 et
719 1592 902 1674 proesertim
924 1592 1058 1658 Summo
1082 1593 1249 1680 habim

139 1735 155 1762 a
172 1705 389 1791 temporalem
408 1723 488 1772 vero
511 1712 548 1782 et
566 1707 775 1790 corporalem
790 1707 992 1792 principibus
1002 1709 1248 1796 tempordibns.

143 1853 156 1878 «
172 1823 249 1888 Haec
264 1821 327 1888 fuit
344 1824 506 1889 sententia
524 1823 656 1903 Marsilii
670 1824 827 1903 Patavini,
842 1842 942 1910 quarn
963 1833 1078 1910 postea
1094 1826 1252 1896 deiendit

144 1971 156 1996 ι
174 1940 366 2007 Guillelmus
379 1938 543 2006 Barclains
562 1958 569 2002 :
588 1947 622 2005 et
643 1941 815 2007 novissime
832 1940 873 2006 de
889 1941 949 2008 bac
960 1962 998 2008 re
1015 1945 1142 2028 scripsit
1155 1945 1188 2010 in
1203 1945 1251 2011 fa-

144 2075 287 2124 «vorem
316 2056 500 2140 principum
522 2057 752 2141 temporaliuun
777 2057 908 2143 quidam
935 2060 1093 2125 ementito
1118 2061 1249 2127 nomine

144 2204 156 2230 ι
171 2172 463 2258 nogeruslnglns3
477 2174 576 2258 quise
594 2173 788 2240 catholicum
801 2160 988 2258 profitetur,
1000 2182 1034 2242 et
1046 2177 1250 2244 nihilominus

144 2319 155 2344 α
172 2290 262 2368 dicit,
279 2291 314 2354 in
328 2290 471 2373 praelatis
492 2290 644 2355 Ecclesia
660 2309 701 2356 ex
715 2292 747 2356 vi
759 2289 842 2375 juris
854 2289 960 2358 divini
977 2293 1082 2359 solum
1101 2313 1172 2360 esse
1191 2314 1250 2380 po-

144 2437 156 2462 «
170 2413 327 2475 testatem
339 2405 380 2470 ad
392 2407 595 2490 spiritualem
607 2408 844 2472 correctionem
858 2429 865 2473 :
877 2407 918 2474 ad
928 2412 1144 2494 temporalem
1153 2429 1246 2494 vero,

136 2552 157 2581 ἰ
170 2522 278 2590 solnm
294 2528 456 2608 quatenus
477 2523 523 2588 eis
544 2523 717 2607 araphan
730 2525 933 2609 permittitur
946 2545 985 2591 ac
1000 2526 1202 2597 conceditur.
1230 2559 1245 2587 ι

140 2639 247 2727 tibia,
264 2660 299 2705 n.
321 2636 387 2724 19.)
401 2640 472 2721 Qno
485 2639 519 2704 in
532 2647 736 2706 antecessum
752 2638 919 2721 cosmato,
934 2642 979 2709 sic
991 2642 1109 2711 thesim
1124 2653 1251 2715 malm-

134 2759 216 2823 tiam
230 2755 372 2823 adstruit
383 2756 554 2822 &mosim
572 2779 579 2822 :
594 2758 798 2823 Nihilominus
808 2778 909 2823 moseo
920 2761 1186 2829 Ιιατιωεπέοηίὶαηι
1201 2782 1251 2829 cr·

137 2892 268 2955 roamm,
287 2882 317 2939 et
332 2877 500 2956 defensores
514 2880 577 2958 pau
600 2871 644 2959 (l)
666 2878 707 2942 cd
727 2882 886 2943 ausimum
910 2898 972 2942 csso
993 2882 1083 2944 vnlole
1095 2889 1251 2965 sumetur

130 2995 300 3073 uolnerari,
319 2999 349 3056 et
359 2995 533 3073 manifestos
551 2993 756 3058 baereticorum
773 2996 916 3073 fautores
930 2998 1005 3059 ooo
1019 3014 1100 3077 erpo,
1119 3004 1252 3078 potento-

138 3117 192 3174 tcm
203 3111 353 3192 ptmt'eradi
363 3110 526 3189 hereticos,
550 3115 642 3173 enom
662 3111 874 3191 temporaliter
884 3117 914 3174 ct
926 3114 1246 3197 corporalibuspmnia,

132 3231 199 3307 jure
217 3231 324 3292 divim
344 3247 405 3291 esse
421 3233 456 3291 in
469 3231 642 3309 pastoribus
662 3230 811 3308 baelone,
828 3236 858 3291 ei
867 3236 1039 3310 proeoertim
1060 3236 1094 3295 tn
1117 3235 1250 3301 litatum

133 3345 308 3425 Poottfioc;
325 3351 461 3426 parocia
474 3348 651 3408 emunctorio
671 3351 764 3409 etiam
776 3353 930 3428 pertineat
941 3351 983 3411 ad
996 3349 1252 3433 cntlnolt'cosprio·

127 3469 225 3546 cipes,
244 3467 416 3545 prasertim
431 3469 467 3526 ut
483 3464 623 3526 Ecclesttc
636 3470 829 3544 protectores,
847 3468 944 3547 junio
963 3468 1094 3548 ajam
1104 3471 1250 3536 arcano

165 3671 203 3735 (l)
216 3671 276 3720 Cum
289 3669 400 3718 Gallicani
412 3670 472 3718 hanc
481 3667 584 3717 eamdem
595 3681 714 3717 erroneam
726 3668 862 3718 sententiam
873 3669 987 3719 sustinere
999 3671 1096 3736 soleant,
1107 3673 1251 3736 perpendant

128 3766 190 3828 quid
204 3765 233 3813 de
246 3764 305 3826 ipsis
317 3764 415 3812 senserit
429 3764 564 3816 Suaresius:
579 3770 602 3812 et
617 3777 686 3826 quam
703 3762 785 3812 laisum
798 3764 829 3812 sit
842 3763 904 3826 qnod
918 3765 941 3812 in
958 3779 1037 3814 eorum
1051 3766 1120 3815 libris
1138 3775 1269 3830 perpetuo.

123 3861 244 3923 occurrit,
261 3859 452 3909 Gallicanismum
469 3872 552 3923 nempe
564 3872 615 3908 esse
629 3859 760 3922 opinionem
771 3858 796 3906 in
806 3859 912 3908 Ecclesia
922 3859 1021 3909 liberam
1033 3867 1056 3910 ct
1072 3861 1167 3923 licitam,
1178 3870 1250 3926 atque

110 3949 154 4006 'br
165 3957 213 4007 hoo
224 3953 372 4015 agnoscendo
384 3953 526 4003 concordare
541 3954 610 4002 etiam
624 3964 726 4002 romena
738 3952 850 4002 doctrinm
860 3953 1005 4003 defensores.
1021 3956 1109 4016 Romae,
1125 3962 1148 4004 ot
1164 3956 1251 4021 aalma

112 4058 145 4097 ,ι
153 4051 264 4113 probetis
275 4061 376 4098 romaum
386 4047 497 4097 doctrina
506 4047 668 4097 defensoribus
680 4054 785 4098 econtra
795 4048 901 4112 docetur,
911 4048 1070 4098 Gallicanismi
1082 4057 1251 4113 systematum

124 4144 266 4208 opinionem
278 4151 341 4193 certo
359 4157 480 4193 erroneam
496 4150 518 4191 et
534 4149 597 4192 certo
614 4142 732 4204 illicitam;
746 4155 797 4190 eam
813 4149 904 4203 tamen,
916 4148 994 4204 utpote
1011 4138 1129 4205 expressis
1145 4146 1251 4197 terminis

117 4239 237 4305 ,nondum
249 4237 434 4300 condemnatam,
445 4252 491 4287 non
501 4236 586 4286 dobere
597 4243 651 4285 nota
662 4237 778 4285 hereseos
792 4235 901 4298 percelli;
917 4242 940 4284 et
952 4225 1042 4284 undem
1054 4237 1084 4286 ob
1096 4227 1250 4301 ignorantium

130 4332 161 4381 et
169 4333 252 4385 bonam
264 4333 335 4384 item
349 4344 420 4397 posse
435 4333 605 4384 absolutionem
617 4331 641 4382 in
651 4329 702 4380 foro
710 4329 867 4393 vpoenitentiali
880 4329 914 4379 eis
924 4328 1049 4394 impertiri,
1062 4333 1103 4394 qni
1119 4331 1183 4384 illam
1193 4326 1250 4384 sus-

133 4425 216 4478 urant.
239 4477 245 4486 ,
