2716 4988
568 316 783 365 censemus.
1176 295 1234 359 151

76 441 300 530 procedere
321 445 500 510 recusaret.
522 441 572 507 Its
592 440 678 507 clare
698 439 840 524 disponit
858 437 956 520 citata
974 430 1148 501 decretalis
1160 438 1239 524 Com

72 561 240 644 piorem
260 563 295 623 et
311 557 346 622 in
357 575 398 623 ea
412 557 457 623 sic
470 555 721 641 interpretenda
733 551 931 622 concordant
945 548 1130 616 canonistae.
1150 551 1236 617 Item

77 693 161 741 ex
172 672 291 739 eadem
304 671 464 739 decretali
473 673 633 757 sequitur,
649 673 677 737 si
686 690 809 749 omnes,
822 670 876 736 vel
886 669 1000 753 plures
1012 685 1052 732 ex
1063 664 1231 749 delegatis,

78 789 212 857 simul
224 789 380 873 incipiant
394 806 524 855 oausam
537 806 744 871 cognoscere,
760 785 827 873 jam
840 804 905 850 non
919 801 1013 866 posse
1025 801 1127 847 unum
1139 781 1236 849 dum-

77 911 208 973 taxat
220 903 420 990 procedere3
438 903 498 970 sed
511 909 618 969 totum
632 902 790 989 judicium
803 899 1044 987 expediendum
1059 918 1128 965 esse
1143 899 1184 965 nh
1195 899 1235 968 iis

84 1016 1123 1105 omnibusquiunaooeperuntoausamcognoscere.daeterum
1135 1015 1161 1080 si
1173 1033 1234 1099 per

78 1136 228 1224 piures
236 1135 404 1220 negotium
414 1132 623 1220 expediatur,
634 1135 757 1201 valebit
768 1133 932 1200 sententia
946 1130 1076 1217 majoris
1085 1132 1230 1199 numeri:

79 1251 141 1318 si
155 1249 360 1330 dissentiant,
376 1258 413 1316 et
430 1257 496 1317 stet
510 1251 664 1337 utrinque
683 1251 814 1336 equalis
829 1267 998 1326 numerus,
1020 1246 1063 1314 ad
1080 1247 1233 1334 delegan-

78 1375 181 1433 tem
196 1373 249 1434 est
260 1366 512 1433 recurrendum.

156 1486 304 1564 Secundo,
320 1502 414 1549 casus
427 1483 587 1560 formulae,
599 1490 634 1546 ct
645 1489 673 1545 si
683 1503 781 1547 omncs
792 1487 932 1546 interesse
945 1487 1144 1564 nequiverint,
1164 1484 1233 1546 reli-

79 1602 352 1683 quiescentem
362 1607 560 1682 eeeqmntnr.
574 1599 613 1662 In
624 1597 686 1664 hcc
702 1617 779 1663 casu
793 1598 903 1663 nullus
914 1605 1022 1681 potest
1034 1595 1143 1666 valide
1155 1592 1248 1683 pro-'

84 1713 244 1794 cedere,
262 1715 325 1779 uisi
339 1715 432 1800 prius
450 1714 602 1787 canonice
619 1714 801 1779 constiterit
813 1722 949 1779 ceteros
961 1715 1094 1798 quinon
1112 1712 1243 1781 adsunt-

84 1828 275 1914 impediri.
295 1831 390 1898 Unde
404 1831 431 1896 si
443 1838 523 1908 tres,
542 1830 638 1896 verbi
651 1831 769 1914 gratia,
793 1810 936 1914 delegati
956 1830 1090 1908 luerint,
1113 1838 1148 1896 et
1163 1829 1230 1897 duo

82 1967 298 2034 processum
312 1949 485 2034 incipiant,
510 1955 686 2032 antequam
708 1969 768 2034 per
792 1949 1043 2014 instrumentum
1062 1947 1230 2032 publicum

84 2072 236 2131 contet
251 2064 387 2131 tertium
404 2083 471 2129 non
488 2063 773 2146 potuissevenire,
792 2082 962 2149 processus
981 2064 1090 2128 nullus
1108 2064 1173 2129 erit
1194 2072 1230 2131 et

86 2181 242 2249 imitus:
259 2188 297 2246 et
310 2181 398 2247 idem
408 2180 585 2248 dicendum
600 2183 626 2248 si
636 2183 702 2251 duc
716 2190 845 2248 tantum
857 2181 998 2265 delegati
1012 2181 1086 2260 sint,
1100 2189 1134 2247 et
1143 2201 1228 2248 unus

88 2296 279 2378 procedat,
299 2304 474 2383 antequam
491 2301 613 2366 certior
625 2319 687 2384 per
703 2301 956 2366 instrumentum
978 2300 1145 2384 publicum
1168 2299 1227 2367 fiat

90 2406 158 2477 dc
169 2413 402 2496 impedimento
419 2415 566 2481 alterius.
584 2417 700 2482 Potest
719 2425 829 2482 autem
851 2415 1012 2494 accidere,
1030 2423 1068 2481 ut
1086 2434 1171 2481 unns
1184 2435 1226 2487 cx

93 2523 283 2612 delegatis,
305 2529 384 2595 iicet
402 2529 543 2614 legitime
566 2551 632 2596 non
653 2531 863 2616 impediatur,
880 2534 930 2598 ire
947 2541 1059 2598 tamen
1077 2532 1121 2599 ad
1134 2530 1225 2617 judi„

92 2644 246 2710 candum
264 2665 338 2711 cum
356 2647 426 2711 aliis
441 2655 571 2713 recuset
588 2669 595 2714 :
612 2656 646 2714 et
662 2655 742 2713 tunc
758 2648 891 2734 quidem
909 2649 964 2714 ille
980 2649 1125 2732 graviter
1147 2668 1224 2732 peo-

96 2767 177 2845 eat3
200 2761 261 2828 sed
285 2762 350 2840 olii,
374 2764 531 2830 certiores
544 2763 593 2841 ¹de
614 2765 715 2848 ipsius
742 2766 943 2831 recusatione
968 2765 1063 2844 iacti,
1088 2772 1223 2849 possunt

98 2878 212 2944 valide
234 2879 433 2963 procedere,
454 2881 571 2950 eodem
591 2882 689 2948 modo
706 2903 744 2948 ac
759 2884 786 2948 si
798 2885 859 2949 iste
874 2883 1018 2967 legitime
1033 2883 1149 2950 fuisset
1162 2884 1228 2948 im·-

99 2992 247 3070 peditus.
264 2997 343 3078 Quae
357 2999 463 3062 omnia
477 3003 625 3065 constant
640 3017 681 3064 ex
695 3006 790 3065 testu
809 3018 908 3083 supra
926 2999 1031 3064 citatae
1046 2998 1220 3064 decretalis

100 3106 315 3177 Parentium.
330 3113 500 3179 Posuimus
518 3121 645 3179 tantum
664 3116 697 3180 in
716 3135 792 3180 casn
810 3115 994 3193 formulam,
1011 3122 1039 3177 st
1053 3136 1152 3178 omnes
1170 3120 1219 3179 in·

103 3226 209 3294 teresse
222 3237 423 3314 copulemini,
445 3235 555 3314 reliqui
567 3236 744 3297 macerem
758 3241 967 3316 exequentur:
982 3233 1041 3298 aed
1056 3251 1127 3319 quoe
1141 3231 1220 3297 dixi·

103 3351 174 3410 {llus
186 3345 399 3430 intelligenda
412 3351 498 3427 sunt,
518 3349 614 3414 etiam
632 3347 675 3414 de
687 3350 832 3435 qnalibet
845 3351 909 3415 alia
924 3349 1064 3417 formula
1078 3351 1219 3435 acqrdua-

103 3447 201 3543 lente,
230 3471 270 3529 ut
294 3471 396 3547 potet.
422 3464 628 3550 AEquivalens
660 3474 770 3532 autem
798 3475 847 3532 est
872 3489 901 3533 v.
928 3487 959 3552 g.
985 3468 1125 3534 formula
1153 3486 1217 3553 qua

105 3566 287 3663 disponitm
302 3580 444 3668 (quando
458 3581 525 3647 duo
544 3587 671 3648 tantum
690 3582 908 3669 delegantur),
931 3578 967 3650 ct
988 3592 1016 3648 si
1036 3588 1122 3649 emto
1140 3591 1218 3649 inte-

102 3702 176 3763 resse
193 3703 393 3779 nequiverint,
420 3719 499 3762 unns
521 3703 698 3764 mandatnm
727 3705 879 3784 expediat.
913 3701 1073 3768 Caeterum
1100 3702 1127 3767 si
1143 3720 1217 3786 -per

101 3801 211 3881 eiures
228 3815 396 3898 negotium
417 3813 623 3898 expediatur,
648 3824 739 3884 tenet
765 3819 927 3884 sententia
949 3817 1079 3904 majoris
1102 3838 1215 3887 eorum

99 3930 239 3999 numeri.
254 3932 296 3997 Et
307 3932 342 3997 in
354 3949 431 3997 casu
443 3932 574 4016 aequalis
588 3932 662 4000 hinc
675 3934 752 4001 inde
763 3933 981 4021 interjudices
993 3936 1211 4020 oppositionis,

95 4034 140 4106 id
159 4046 367 4132 delegantem
380 4056 430 4116 est
447 4050 694 4116 recurrendum.

141 4169 265 4246 Tertio,
291 4184 384 4233 eosne
412 4166 532 4234 nullius
559 4167 678 4235 additae
710 4169 875 4249 clausule,
907 4189 966 4237 seu
988 4175 1151 4255 simplicis,
1176 4179 1216 4257 ut

84 4261 233 4364 dicunt,
267 4282 496 4367 deputationis.
531 4288 620 4352 Tunc
647 4288 744 4355 nullis
773 4295 930 4355 censetur
958 4289 1044 4356 facta
1074 4290 1214 4359 facultas

78 4381 171 4463 oin„
197 4400 266 4467 aliis
285 4399 463 4486 judicandi.
496 4401 589 4473 Unde
614 4407 641 4471 si
663 4426 747 4475 unus
769 4408 873 4486 absit,
897 4409 1046 4493 quemvis
1068 4409 1213 4495 legitime
