2714 4980
162 334 205 398 38
520 350 707 401 raimerus
728 353 772 400 uu
794 352 944 402 sumens

160 472 323 560 quuomodo
344 481 565 555 accusatores,
592 477 810 546 Mediolanum
836 479 1028 560 accersitos,
1051 479 1279 551 discordantes

160 590 197 656 iu
213 590 352 658 ferendo
366 594 551 659 testimonio
562 597 726 679 repererit
743 617 750 661 :
764 599 817 661 ubi
832 603 865 661 in
878 617 941 661 rneo
955 600 1139 663 adstiterunt
1145 602 1276 682 judicia

160 706 227 773 cum
240 716 338 792 primo
353 713 390 775 cle
402 717 518 794 oripiuc
528 733 625 777 caasa
635 734 807 796 quaererem,
822 717 943 779 diuerso
954 722 984 779 ct
996 718 1147 780 distantia
1155 737 1281 800 promp-

161 847 246 909 scre;
260 848 320 893 nora
333 830 463 893 locorum
472 837 616 913 separati,
632 834 685 895 scel
695 834 915 898 mendaciorum
928 836 1070 899 diuortio.
1089 833 1131 899 Et
1144 832 1281 901 tandem

163 942 328 1028 quomodo
350 943 449 1010 iidem
471 954 674 1013 accusatores
696 966 765 1014 sese
783 947 1061 1020 ,substraxisseutt
1079 951 1128 1013 elie
1145 955 1283 1032 ipsoqut

163 1063 261 1125 ahias
278 1069 344 1124 erat
368 1069 549 1145 copuitioni,
569 1067 800 1130 substraaemmt
818 1087 849 1128 sc
875 1070 1087 1148 Episcoporara
1109 1072 1279 1131 concentui.

162 1177 242 1242 I’res
264 1183 374 1242 autem
387 1179 543 1263 precipui
564 1180 812 1247 calumniatores
826 1183 1094 1247 excommunicati
1113 1190 1202 1247 sunt.
1221 1183 1285 1248 Vel

163 1293 232 1359 haec
253 1293 339 1359 facta
359 1295 524 1379 ignorant,
548 1298 601 1363 vel
617 1297 667 1362 sui
682 1297 864 1364 sustinendi
885 1298 1069 1383 systematis
1089 1297 1204 1364 furore
1226 1299 1285 1364 ob-

164 1418 340 1489 caecantur,
358 1401 414 1497 qui
431 1411 590 1480 affirmant
603 1414 731 1480 nullum
748 1414 781 1478 iu
795 1414 935 1481 Ecclesia
949 1413 1050 1478 iuisse
1068 1413 1133 1480 tori
1147 1407 1284 1481 conteu-

163 1528 239 1594 IIosi
257 1547 316 1594 seu
331 1513 511 1614 judiciaria
527 1532 696 1616 potestatis
714 1531 847 1616 proprie
866 1529 963 1596 diota
978 1549 1090 1609 usuum
1113 1539 1191 1597 ante
1205 1532 1285 1598 VIII

163 1643 219 1710 rel
234 1644 331 1709 etiam
348 1645 409 1709 XII
423 1645 589 1710 seculum.

207 1758 298 1826 Anno
312 1761 388 1838 394,
404 1761 604 1828 celebratum
613 1761 678 1827 fuit
693 1760 969 1844 Constantinopoli
982 1759 1166 1838 concilium,
1178 1759 1212 1826 in
1229 1780 1288 1827 cu·

163 1874 217 1962 jus
227 1878 306 1943 actis
317 1877 363 1942 sio
375 1878 486 1961 legere
501 1884 568 1944 est:
585 1882 744 1944 Nectarius
758 1883 921 1959 Episcopus
932 1879 1288 1960 Constantinopolitanae

164 1997 290 2060 discit...
306 1998 412 2059 Volcns
420 1998 526 2076 sutura
537 1997 685 2075 stabilire,
701 2001 911 2076 consequentur
922 2002 952 2057 et
963 1996 1090 2058 humane
1101 1999 1289 2060 sacratissimi

165 2116 306 2196 Episcopi
321 2114 477 2194 Theophili
490 2118 638 2176 sententia
655 2116 797 2192 decreuit,
814 2133 875 2176 uon
898 2115 985 2175 licere
1000 2118 1034 2176 in
1046 2091 1214 2194 posteram,
1235 2132 1292 2178 nce

165 2248 187 2291 α
207 2231 303 2291 tribas
318 2230 453 2308 paridem,
472 2230 581 2290 nahum
595 2248 615 2290 α
630 2230 754 2306 duobus,
778 2233 914 2308 carasqai
932 2247 1000 2290 reus
1022 2231 1220 2290 examinatur
1236 2231 1292 2292 ele-

161 2349 238 2425 poni
249 2363 261 2406 :
274 2345 327 2431 secl
341 2348 464 2425 majoris
475 2345 583 2425 spacii
596 2350 626 2407 et
635 2348 799 2425 prouincia
811 2347 1023 2425 Episcoporum
1037 2348 1197 2423 sententia,
1209 2349 1295 2408 meat

167 2462 323 2545 apostolici
351 2460 493 2538 definiere
514 2479 649 2524 canones.
670 2461 836 2524 Flauianus
858 2457 1022 2540 Episcopus
1046 2460 1213 2524 Antiochia
1241 2464 1296 2526 elt-

167 2583 239 2643 aa:
253 2596 317 2659 qua
334 2584 534 2658 exposuerant
551 2581 757 2640 sanctissimus
771 2577 936 2656 Episcopus
946 2577 1106 2640 Nestorius
1117 2583 1148 2639 ct
1159 2583 1297 2642 sanctis,

167 2701 261 2761 sinus
283 2694 461 2776 Theophilus
478 2698 660 2776 Episcopus,
683 2700 790 2775 aperta
808 2699 889 2756 sant.
916 2696 957 2756 Et
979 2679 1078 2756 omnes
1095 2695 1297 2759 ecclesiastici

167 2814 217 2877 his
236 2817 457 2894 acquiescimus.
479 2809 585 2896 (Apud
603 2809 725 2888 Lahbe‚
743 2816 823 2875 tom.
844 2812 876 2887 2,
894 2827 968 2893 pag.
991 2812 1110 2890 13080,
1126 2808 1208 2876 edit.
1224 2813 1296 2879 Ve-

166 2936 236 2995 net.
262 2925 373 3012 1728.)

210 3043 303 3111 Anno
319 3047 396 3123 397,
410 3043 557 3110 habitum
568 3043 632 3109 iuit
648 3041 841 3126 CarthagIne
857 3042 1030 3109 concilium
1044 3043 1241 3127 plenarium,
1255 3046 1293 3111 in

166 3158 259 3245 cujus
277 3160 358 3225 actis
374 3159 553 3241 repositum
573 3158 637 3224 fuit
654 3158 855 3224 breviarium
877 3177 1047 3238 canonum,
1066 3157 1156 3244 quod
1171 3158 1293 3228 effide·

167 3282 246 3343 runt
258 3274 377 3341 fratres
400 3274 555 3339 Ballerirri
572 3274 704 3362 (operam
718 3280 815 3339 sacrati
830 3279 948 3356 Leoms,
967 3281 1046 3342 tom.
1069 3278 1101 3352 3,
1119 3293 1195 3359 pag.
1217 3274 1287 3362 78).

170 3391 237 3460 Sub
250 3410 386 3458 numero
405 3397 516 3456 autem
530 3392 586 3469 vl,
605 3390 710 3456 forma
723 3389 922 3476 judiciorum
936 3391 1232 3458 ecelesiasticorum
1246 3394 1295 3459 sic

170 3508 412 3594 prescribitur:
431 3515 467 3572 ut
484 3513 617 3590 quisquis
635 3511 850 3590 Episcoporam
871 3514 1038 3587 accusatur,
1056 3510 1098 3572 ael
1119 3513 1293 3574 Primatum

165 3631 330 3710 prouincia
342 3630 437 3706 ipsias
448 3643 583 3689 caussam
594 3628 711 3707 eluserat
723 3632 877 3689 accusator
886 3645 897 3688 .·
906 3644 958 3688 nec
974 3645 994 3687 a
1009 3630 1212 3689 communione
1222 3646 1290 3690 sas·

57 3791 59 3795 .
165 3745 330 3827 medetur,
349 3747 397 3804 aui
410 3747 522 3806 crimen
535 3745 705 3807 intenditur
713 3765 729 3823 ;
744 3747 806 3806 nisi
822 3743 864 3805 ael
876 3761 1011 3804 caussam
1026 3760 1112 3804 suam
1129 3744 1290 3809 diceudom

167 3865 310 3943 primatis
331 3861 443 3923 litteris
459 3865 596 3922 euocatus
616 3863 738 3922 minium
759 3863 945 3938 accurrerit;
960 3859 1013 3920 hoe
1032 3864 1088 3936 est,
1115 3862 1201 3922 intra
1218 3879 1287 3942 spa·

166 3983 246 4043 tium
258 3982 378 4057 uanas,
394 3995 434 4039 ecc
447 3977 496 4040 dic
511 3995 570 4056 pua
583 3995 650 4038 acm
665 3977 784 4039 litteras
800 3980 944 4057 accepisse
960 3978 1139 4038 constiterit.
1158 3978 1248 4054 Quod
1260 3982 1287 4040 si

166 4097 287 4176 aliquas
304 4113 391 4158 acras
404 4096 588 4156 mussitatis
602 4111 723 4156 caussas
733 4093 1116 4173 archicancellarium
1134 4111 1285 4156 occurrere

168 4230 229 4276 nora
242 4215 376 4293 potuisse
396 4211 590 4289 ucaniscstum
610 4214 662 4288 sit,
687 4227 798 4272 caussa
821 4227 881 4271 sua
899 4208 1031 4271 dicenda
1048 4211 1132 4268 iutra
1155 4209 1285 4271 alternam

167 4347 296 4395 mamm
307 4320 456 4410 intapram
467 4328 575 4391 haheat
585 4328 771 4416 facultatem.
788 4328 972 4406 Varumpost
983 4342 1112 4386 mensem
1122 4327 1284 4390 secandam

168 4448 287 4521 commu
302 4464 363 4513 nan
372 4448 576 4540 mamucha,
589 4446 683 4522 acccc
696 4447 888 4535 capupctaa
903 4443 938 4507 Si
947 4446 1050 4516 uatem
1063 4457 1116 4505 acc
1128 4443 1172 4511 aa
1187 4447 1284 4511 maci·
