2714 4980
135 324 203 392 tls
481 336 669 386 uatcutrus
692 338 736 386 na
758 333 908 388 Junrcrrs.

130 466 216 535 mam
237 466 363 534 concilii
382 463 562 532 Tridentini
586 463 675 553 (sess.
696 465 750 543 24,
780 482 852 550 cap.
871 461 919 550 6);
937 462 1000 530 uisi
1018 464 1189 550 Episcopus
1204 466 1233 531 sit

134 581 250 652 absens
265 589 321 650 aut
332 583 476 668 legitime
492 579 679 665 impeditus.

177 704 231 768 30.
258 701 381 785 Neque,
402 704 502 782 prout
518 704 633 762 tenent
651 698 760 783 aliqui,
784 717 895 764 causas
913 699 1130 765 restitutionis
1152 698 1234 765 iniu-

130 824 277 901 tregrum
293 832 505 899 cognoscere3
523 811 584 879 sed
599 831 637 880 ea
655 812 791 898 questio
808 813 894 879 iufra
907 813 1121 898 expenditur,
1140 797 1232 882 ulida

128 920 162 997 lc
177 939 328 1016 integrum
340 936 539 995 restitutione.

172 1051 228 1116 31.
253 1049 366 1133 Neque
385 1045 517 1113 deferre
531 1045 752 1132 juramentum
770 1047 973 1132 purgationis
991 1048 1164 1115 canonice.

169 1168 223 1232 32.
249 1165 362 1249 Neque
384 1169 555 1229 auctorare
571 1162 757 1245 exemplum
777 1181 818 1228 ex
838 1163 987 1248 originali
1007 1164 1182 1251 sumptum,
1202 1171 1227 1228 ut

124 1280 271 1348 eamdem
287 1281 353 1345 vim
368 1287 402 1345 et
418 1279 647 1344 auctoritatem
661 1298 734 1344 cum
750 1278 898 1363 originali
908 1278 1044 1346 habeat.
1116 1303 1120 1307 ·

171 1399 226 1462 33.
252 1397 364 1480 Neque
382 1385 468 1460 bona
485 1393 681 1460 clericorum
699 1394 890 1462 confiscare.

171 1515 225 1580 3-1.
252 1515 364 1597 Neque
377 1529 490 1595 poenas
504 1510 688 1597 corporales
703 1511 737 1575 ln
747 1513 950 1596 pecuniarias
966 1516 1182 1583 commutare.

164 1631 219 1695 35.
245 1627 359 1712 Neque
378 1621 629 1692 condemnatum
644 1642 739 1692 reum
755 1626 937 1706 absolvere,
957 1629 1039 1708 sive,
1058 1631 1097 1695 ut
1110 1628 1222 1705 dicitur,

118 1748 254 1834 gratiam
273 1747 304 1812 ei
315 1745 508 1812 concedere.
1203 1756 1206 1760 “

161 1867 217 1930 36.
243 1864 357 1947 Neque
381 1864 537 1928 exercere
555 1864 753 1944 potestatem
772 1860 976 1936 docturaddi
993 1864 1094 1950 quam
1111 1846 1225 1951 Episco

116 2000 179 2066 pus
197 1999 238 2045 ex
251 1978 421 2062 privilegio
433 1977 583 2043 haberet.
1042 1996 1045 2002 *

159 2099 214 2162 37.
240 2096 353 2178 Neque
369 2092 486 2178 exequi
500 2092 568 2175 pias
583 2090 821 2159 defunctorum
835 2094 1038 2162 uoluntates.
1155 2114 1158 2119 ·

161 2215 216 2278 38.
230 2211 344 2294 Neque
358 2208 538 2292 generatim
551 2226 590 2273 ea
614 2208 747 2292 explere
764 2224 835 2294 quae
851 2208 1013 2294 Episcopo
1036 2212 1223 2296 competunt,

116 2348 183 2395 non
198 2326 239 2393 de
253 2325 327 2412 jure
340 2323 513 2402 communi,
527 2323 587 2389 sed
603 2322 774 2390 dumtaxat
789 2325 831 2392 de
848 2324 923 2410 jure
938 2327 1074 2410 speciali
1088 2329 1176 2395 ultra
1188 2327 1227 2415 jos

120 2454 301 2512 commune.
319 2442 387 2506 Ista
406 2440 491 2506 enim
509 2458 575 2505 non
594 2440 770 2517 censentur
793 2434 1029 2526 comprehensa
1053 2445 1089 2508 iu
1100 2444 1227 2528 genoldi

118 2559 340 2627 commissione
358 2556 552 2622 vicariatus:
579 2555 643 2622 imo
658 2573 731 2634 nec,
750 2555 829 2622 sede
851 2562 999 2636 vacante,
1016 2559 1226 2627 transeuntia

118 2676 313 2762 Capitulum,
330 2681 388 2738 aut
404 2673 567 2738 vicarium
578 2671 803 2756 capitularem.

163 2797 253 2858 Nota.
276 2788 463 2872 catalogum
482 2806 596 2854 eorum
611 2791 682 2873 quae
698 2788 812 2875 nequit
829 2779 974 2856 llicarius
995 2789 1161 2874 generalis
1172 2791 1228 2858 ahs

118 2929 182 2996 que
192 2905 322 2992 speciali
335 2903 487 2971 mandato
497 2904 642 2989 explere,
655 2910 823 2971 exaratum
839 2905 937 2971 etiam
945 2909 1099 2990 reperies
1114 2911 1228 2976 altene

118 3028 205 3091 nicto
220 3022 294 3090 xiv
312 3021 444 3108 (desan.
465 3023 565 3101 diua,
579 3018 636 3086 lib.
659 3023 690 3098 2,
707 3040 739 3085 c.
757 3023 788 3101 8,
807 3040 841 3086 n.
855 3011 901 3104 3).

632 3244 722 3322 §HL

122 3423 232 3480 Quarum
244 3417 401 3468 concessionis
411 3416 512 3467 tornata
524 3414 640 3465 sufficiens
651 3416 682 3465 sit
695 3422 721 3463 ut
738 3415 831 3464 vicario
844 3416 948 3477 generali
966 3430 1051 3468 reuera
1061 3426 1226 3483 comparantes,

139 3579 146 3594 .
407 3525 458 3574 quae
466 3509 561 3572 speciali
575 3509 683 3558 mandato
697 3509 807 3572 Episcopi
820 3506 933 3570 indigent,
1005 3536 1008 3541 <

138 3607 146 3640 t
696 3610 699 3614 a

143 3725 147 3733 ·
168 3709 201 3770 1⁰
215 3705 260 3771 Ut
277 3702 422 3769 vicarius
439 3699 598 3785 generalis
613 3699 734 3766 habeat
745 3698 1003 3786 jurisdictionem
1029 3711 1065 3770 ite
1083 3707 1225 3791 1111111111,

119 3823 153 3888 id
167 3828 227 3899 est,
244 3820 278 3884 in
292 3838 332 3885 ea
350 3835 421 3902 quae
447 3814 488 3882 de
508 3814 583 3901 jure
598 3816 771 3901 requirunt
791 3817 982 3884 mandatum
997 3824 1145 3905 speciale
1166 3820 1229 3905 Epi·

120 3938 218 4021 scopi,
233 3954 301 4001 non
313 3931 428 3999 sufficit
443 3930 583 3997 formula
596 3932 630 3997 in
647 3951 712 4017 qua
725 3933 903 4016 Episcopus
918 3933 1081 4020 ejusmodi
1092 3935 1228 4023 specialia

54 4063 57 4069 '
119 4075 181 4121 nec
200 4062 363 4137 expresse,
383 4070 444 4116 nec
453 4049 686 4134 aequivalenter
698 4048 846 4116 declaret
859 4070 877 4116 a
892 4071 927 4118 se
941 4054 1092 4121 concedi.
1110 4057 1161 4121 De
1173 4070 1228 4139 quo

117 4169 207 4235 nulla
219 4177 267 4234 est
280 4166 461 4233 difficultas.
469 4167 567 4231 Patet
577 4165 665 4230 enim
673 4167 752 4232 tunc
763 4184 830 4234 non
841 4167 914 4234 dari
926 4167 967 4235 ab
979 4170 1142 4258 Episcopo
1155 4187 1229 4237 man

118 4283 231 4350 datum
246 4287 382 4366 speciale,
397 4302 469 4347 cum
485 4280 556 4347 dari
567 4289 719 4366 nequeat,
732 4284 793 4348 nisi
805 4283 858 4350 vel
870 4288 1041 4368 expresse,
1055 4288 1112 4355 vel
1124 4287 1227 4354 saliem

116 4402 284 4486 implicite,
309 4420 371 4484 per
386 4399 561 4464 formulam
586 4417 657 4483 quae
683 4399 842 4484 ejusmodi
861 4401 1015 4468 mandato
1033 4404 1224 4489 equivaleat.
