2714 4980
117 281 182 346 lto
469 292 657 342 rancrnnns
679 293 724 341 an
746 293 895 343 austeus.

157 424 310 506 Qonsrto
333 422 377 486 2¹.
402 454 448 469 -
465 422 513 484 Aa
524 424 622 501 possit
651 421 816 502 Episcopus
849 419 1019 482 rescindere
1045 415 1232 496 definitivam

117 544 233 606 Viturii
247 545 295 603 sui
314 540 464 621 perceralis
481 540 678 617 scatentium,
701 542 906 601 ooticnooar'cc
917 539 1086 619 prolatam,
1104 554 1160 598 sea
1178 539 1236 616 ipso

114 662 181 738 p‘are
195 657 338 720 oollam?
353 651 537 720 -Pendet
553 651 621 718 haec
635 653 762 736 questio
774 652 816 718 ab
829 652 944 730 altera,
961 670 1062 737 quarn
1072 655 1238 716 tractatam

116 771 217 838 lmbcs
235 771 322 836 inira
344 770 499 856 (sectione
516 773 547 848 5,
563 789 592 834 c.
617 772 649 847 E,
668 775 683 847 5
708 773 738 847 1,
757 788 790 854 q.
809 767 855 854 2);
875 777 989 834 utrum
1010 784 1135 850 nempe
1150 784 1239 831 caum

116 890 276 955 nullitatis
289 890 457 954 sententiae
483 887 633 970 cognosci
655 888 758 970 possit
773 886 817 950 ab
831 885 950 952 eadem
962 883 1077 969 judice
1097 884 1157 968 qni
1174 901 1240 948 sen-

116 1005 252 1070 tentiam
272 1003 360 1068 tulit.
390 1003 472 1067 Cum
488 1002 575 1066 enim
593 1001 711 1067 vicarii
732 1001 892 1093 generalis
914 1001 1079 1066 sententia
1098 998 1144 1065 de
1170 997 1238 1082 jure

118 1119 270 1187 habenda
294 1121 336 1185 sit
362 1138 423 1202 pro
453 1121 592 1203 ipsamet
618 1119 779 1183 sententia
801 1118 969 1202 Episcopi,
994 1116 1039 1181 ab
1071 1116 1240 1182 tribunalis

119 1237 288 1320 utriusque
300 1234 517 1312 identitatem,
535 1236 655 1318 poterit
668 1235 845 1318 Episcopus
861 1241 1045 1300 retractare
1060 1232 1185 1298 vicarii
1195 1232 1240 1298 sai

119 1353 269 1420 nullitate
288 1352 493 1419 laborantem
511 1353 717 1431 sententiam,
742 1354 769 1417 si
790 1353 891 1437 possit
911 1371 1001 1418 suam
1020 1373 1027 1417 :
1047 1352 1075 1416 si
1090 1369 1176 1417 vero
1189 1371 1240 1417 ne-

120 1477 217 1553 quest
225 1488 326 1548 suam,
338 1488 401 1534 nec
410 1470 532 1552 poterit
541 1469 658 1534 vicarii
669 1469 730 1533 sui.
744 1468 830 1534 Loco
840 1476 951 1534 autem
962 1469 1064 1533 citata
1078 1466 1241 1551 distingui

120 1582 428 1669 musjuscommune
438 1584 605 1667 scriptum,
616 1583 891 1649 aconsuetudine.
909 1585 950 1648 Et
966 1581 1094 1666 dejure
1107 1582 1239 1668 quidem

120 1701 398 1784 scripturatum
423 1706 484 1778 est,
509 1707 544 1764 et
562 1719 581 1764 a
603 1698 793 1766 doctoribus
817 1701 1036 1765 communiter
1056 1707 1237 1783 receptum,

119 1835 213 1901 posse
229 1817 421 1882 sententiam
435 1814 636 1882 definitivam
651 1835 722 1900 quae
737 1817 888 1882 nullitate
909 1815 1051 1895 laborat,
1068 1816 1111 1882 ab
1126 1815 1240 1882 codem

118 1932 227 2019 judice
243 1930 408 1997 ordinario
424 1932 559 2015 quieam
575 1933 661 2010 tulit,
678 1935 827 1998 revocari
841 1939 876 1997 et
888 1930 1050 1997 rescindi:
1071 1951 1115 1996 ex
1132 1951 1172 1997 ea
1186 1933 1241 1996 sci·

119 2050 198 2115 licet
210 2050 336 2113 ratione
352 2045 441 2131 quod
453 2045 643 2114 Ordinarins
657 2045 759 2132 judex
774 2066 834 2130 per
848 2047 1043 2112 sententiam
1057 2051 1178 2111 callam
1196 2047 1240 2111 ol-

120 2163 192 2230 ficio
202 2183 260 2230 suo
276 2163 408 2228 functus
427 2181 492 2226 non
508 2169 691 2228 censeatur.
703 2162 864 2228 (laterum
879 2181 973 2246 posse
984 2163 1084 2228 ctiam
1103 2162 1240 2229 rescindi

120 2278 271 2346 eamdem
289 2278 483 2344 sententiam
507 2298 525 2342 a
548 2276 658 2362 judice
680 2278 905 2361 appellationis
924 2277 1061 2343 dubium
1085 2298 1154 2344 nan
1179 2287 1236 2344 est.

119 2395 243 2461 Atvero
258 2394 418 2477 generalis
428 2391 632 2458 consuetudo
643 2391 837 2477 iamdudum
850 2393 1004 2472 obtinuit,
1017 2400 1056 2459 ut
1071 2413 1091 2458 s
1107 2395 1177 2461 solo
1191 2394 1239 2480 ju·

122 2509 195 2576 dice
208 2508 437 2594 appellationis
460 2526 557 2573 caasa
583 2508 742 2572 nullitatis
767 2509 934 2574 sententia
965 2508 1161 2576 derimatur.
1182 2510 1238 2596 (De

121 2645 186 2712 qua
208 2623 352 2709 mnerali
378 2622 615 2690 consuetudine
643 2623 719 2689 ride
753 2632 930 2690 testantem
953 2625 1182 2705 Reiffenstuel,
1209 2627 1238 2689 in

120 2743 171 2808 tit.
194 2745 249 2820 28,
269 2739 347 2806 libri
361 2743 393 2818 2,
410 2761 444 2805 u.
465 2736 534 2822 31.)

165 2858 213 2925 En
228 2876 292 2941 qua
310 2854 457 2921 doctrina
468 2852 511 2920 ad
527 2856 697 2937 presentis
721 2857 905 2939 questionis
923 2858 1122 2925 solutionem
1141 2861 1239 2927 facilis

120 2972 221 3039 illatio
243 2993 250 3037 ε
271 2989 346 3035 nam
376 2970 470 3046 sicut,
499 2971 646 3053 inspecto
665 2968 738 3054 jare
766 2970 898 3054 scripto,
924 2980 1037 3056 potest
1064 2975 1239 3061 Episcopus

120 3106 212 3155 suam
227 3087 431 3164 sententiam,
445 3104 544 3169 quam
558 3086 692 3151 nulliter
701 3087 848 3170 protulit,
865 3095 1058 3169 retractare,
1078 3092 1172 3158 idem
1183 3111 1238 3177 po-

119 3205 199 3271 terit
207 3200 315 3287 quoad
329 3201 491 3284 generalis
503 3201 622 3268 Vicarii
637 3203 686 3267 sui
706 3205 911 3283 sententiam,
928 3207 1089 3273 nullitatis
1104 3210 1186 3276 vitio
1196 3211 1238 3275 la-

120 3323 306 3405 borantem
325 3319 499 3405 siquidem,
513 3321 556 3385 ob
576 3321 749 3387 tribunalis
770 3322 985 3402 identitatem,
1000 3323 1238 3410 jurisdictionu-

119 3439 169 3506 los
183 3439 306 3504 vicarii
319 3438 477 3520 generalis
487 3445 579 3503 actus
594 3447 769 3504 censentur
781 3440 823 3505 ab
833 3442 904 3525 ipso
919 3442 1081 3527 Episcopo
1091 3449 1187 3530 gesti.

165 3559 317 3639 inspecta
333 3573 413 3619 vero
435 3573 533 3636 supra
556 3562 733 3621 memorata
762 3558 1008 3639 consuetudine,
1037 3566 1236 3630 sententiaa

120 3673 248 3739 Vicario
263 3670 406 3754 generali
419 3670 553 3737 nulliter
565 3673 703 3754 prolata,
718 3675 874 3740 nonnisia
890 3675 1000 3760 judice
1012 3680 1238 3762 appellationis

120 3789 263 3857 rescindi
277 3807 371 3872 posse
386 3785 527 3852 dicenda
543 3795 605 3854 est.
894 3765 897 3772 ¹

164 3907 315 3988 Qunsrro
334 3905 378 3969 3².
395 3939 440 3952 -
453 3906 501 3968 Aa
516 3897 679 3987 Episcopus
698 3914 798 3989 possit
817 3913 984 3975 rescindere
1009 3920 1064 3976 act
1091 3920 1236 3997 corripere

120 4029 297 4088 sementiam
310 4019 512 4100 definitivam,
530 4042 550 4084 o
570 4025 689 4086 Vicarto
703 4045 756 4087 scra
772 4030 884 4108 injuste
899 4028 969 4114 (aaa
985 4037 1086 4094 tamea
1099 4027 1232 4114 molliter)

113 4141 284 4223 paucam?
300 4171 346 4185 --
357 4134 636 4219 Respondendum
654 4141 816 4222 negative.
840 4144 921 4208 Nam
944 4147 1106 4211 sententia
1125 4146 1234 4212 defini·

118 4255 187 4321 tiva
208 4252 367 4336 generalis
386 4251 505 4317 Vicarii
530 4251 574 4319 de
592 4251 666 4337 jure
690 4255 840 4324 habenda
864 4267 913 4326 est
930 4268 1087 4345 tanquam
1108 4271 1233 4329 senten·

118 4372 163 4437 tia
189 4370 354 4454 ipsiusmet
379 4367 554 4453 Episcopi:
573 4389 652 4455 ergo
680 4373 707 4437 si
734 4385 875 4459 nequeat
899 4380 1079 4464 Episcopus
1099 4378 1231 4447 validam
