2714 4980
115 271 181 336 396
466 286 654 337 rmorsrns
675 286 720 335 nn
741 287 890 336 marcus.

118 434 135 474 a
149 408 308 478 Nicolinm
318 415 512 491 taFloseelts,
523 411 584 479 sub
595 430 734 480 numero
747 413 803 479 35.
813 434 830 475 a
841 412 892 479 Ita
899 411 1050 478 Ferraria
1058 410 1227 500 (adracen

117 533 255 594 reeens
266 531 426 611 pecoralis,
444 536 507 594 art.
529 532 560 610 1,
577 548 611 594 n.
627 527 695 614 29);
709 528 767 615 qui
776 537 893 595 tamen¹
904 537 1031 595 asserta
1046 529 1117 594 hee
1128 528 1230 597 itare·

115 645 243 730 stringit
260 667 268 712 :
283 675 303 700 -«
320 645 387 711 Nisi
400 644 462 711 hoc
476 645 573 712 Sacra
587 645 801 730 Gougregatio
814 645 857 712 ad
869 644 1002 730 aliquod
1012 650 1150 730 tempus
1161 665 1231 713 con·

119 783 136 822 a
151 759 248 826 cedat
263 769 401 844 propter
415 760 515 828 bonas
530 761 704 845 qualitates
719 760 872 846 subjecti,
891 780 930 826 ac
944 761 1082 827 aliorum
1103 759 1233 828 idoneo

119 902 135 933 u
154 894 227 942 rum
253 876 422 959 penuriam
443 897 452 942 t
470 877 567 942 Sacra
599 877 813 962 Gongregatio
843 878 1081 962 Episcoporum
1111 877 1147 942 in
1173 896 1235 944 nna

120 1010 138 1053 a
155 990 279 1056 nullius
293 991 394 1058 Pisce
408 995 420 1056 l
436 991 579 1058 octobris
595 994 692 1058 1635.
710 1020 724 1046 »

163 1107 315 1172 lle-vero
333 1107 519 1172 nullatenus
537 1107 737 1172 convincunt
754 1106 816 1172 illae
831 1107 972 1173 Ferrarii
986 1107 1186 1174 assertiones
1205 1116 1238 1174 et

116 1220 334 1306 allegationes.
354 1222 435 1286 Nam
454 1223 486 1286 1ο
502 1222 613 1286 nullus
630 1221 767 1287 affertur
784 1222 999 1288 Conciliorum
1017 1231 1079 1291 aut
1104 1222 1237 1289 Pantili-

118 1337 237 1405 calium
249 1336 467 1403 decretalium
478 1345 600 1417 tentus,
619 1336 672 1423 jus
687 1338 872 1404 universale
893 1339 1079 1422 respiciens,
1105 1357 1172 1424 quo
1186 1340 1238 1405 rel

118 1453 251 1536 apertis,
274 1452 329 1518 vel
347 1453 443 1517 etiam
469 1452 628 1536 ambiguis
642 1453 806 1532 terminis,
824 1453 1039 1536 prohibeatur
1056 1454 1236 1537 Episcopus

117 1575 283 1652 nepotem,
314 1567 494 1633 fratremve
518 1575 575 1633 aut
593 1568 790 1634 avunculum
811 1569 845 1633 in
866 1570 1029 1635 vicarium
1045 1571 1232 1653 generalem

119 1685 179 1750 sibi
190 1703 366 1750 assumere.
381 1686 416 1749 2⁰
431 1685 675 1750 Declarationes
693 1685 839 1768 allegatae
852 1685 969 1751 nullibi
977 1692 1092 1751 extant
1104 1686 1235 1751 authen·

119 1800 185 1866 tice
210 1797 323 1884 editae3
341 1818 404 1865 nec
421 1798 591 1865 fidendum
609 1807 661 1865 est
674 1800 862 1866 auctoribus
875 1801 986 1866 multis
1001 1803 1058 1886 qui
1076 1800 1236 1887 ejusmodi

120 1913 300 1982 decisiones
311 1915 559 1982 circumferunt.
576 1919 611 1981 3ο
624 1914 812 1983 Videndum
830 1922 991 2000 preterea
1009 1922 1109 1996 esset,
1131 1938 1173 1983 an
1192 1936 1238 1982 re·

120 2049 200 2098 vera
227 2031 270 2097 ad
293 2033 503 2117 questionem
530 2030 614 2118 juris
642 2033 839 2115 generaliter
860 2031 1079 2098 decidendam
1104 2034 1233 2100 faciant.

120 2149 156 2212 4ο
169 2147 333 2214 Habemus
346 2147 479 2233 quidem
493 2147 667 2213 decretum
678 2148 805 2214 concilii
820 2150 955 2215 Romani
969 2150 1045 2215 anni
1059 2153 1159 2230 1725,
1176 2169 1237 2236 quo

120 2265 292 2330 statuitur:
305 2266 446 2347 Episcopi
456 2270 489 2328 ic
500 2268 634 2328 Vicertos
642 2268 794 2347 generales
808 2285 887 2345 sees,
900 2269 1025 2346 fratres,
1037 2273 1093 2330 aet
1106 2273 1233 2348 raepotes,

119 2387 174 2444 aet
181 2386 316 2463 propriu
329 2384 508 2463 episcopalis
518 2385 601 2445 orbis
623 2388 701 2444 cives
712 2402 772 2446 con
784 2385 899 2465 eliquat
917 2380 980 2468 (tit.
998 2386 1030 2459 8,
1053 2401 1127 2466 cap.
1149 2380 1196 2466 2);
1207 2390 1238 2448 at

119 2495 265 2580 synodus
280 2493 349 2559 haec
365 2496 571 2578 provincialis
585 2495 756 2562 dumtaxat
777 2496 855 2581 fuit3
873 2516 911 2562 ae
933 2495 1072 2580 proinde
1086 2496 1144 2583 jus
1154 2516 1238 2564 com·

120 2628 219 2677 mune
236 2608 478 2675 determinandi
489 2612 557 2677 rim
576 2629 643 2676 non
664 2609 780 2695 habet3
798 2613 944 2696 quamvis
957 2631 1082 2696 magne
1100 2613 1239 2678 auctori·

121 2729 200 2792 tatis
226 2726 269 2792 sit
293 2724 453 2811 ejusmodi
478 2727 679 2809 provinciale
707 2726 891 2805 decretum,
910 2726 953 2792 ad
974 2726 1238 2810 persuadendum

120 2843 288 2926 Episcopis
311 2843 418 2907 minus
442 2841 610 2925 expedire,
638 2842 803 2909 ordinarie
826 2844 958 2923 saltem,
984 2851 1023 2908 ut
1052 2845 1239 2929 consangui-

121 2977 201 3025 neos
215 2958 258 3023 ad
274 2957 399 3024 dictum
414 2957 555 3024 officium
568 2957 742 3041 deputent.
763 2963 797 3024 5⁰
810 2958 892 3024 Cum
906 2977 984 3043 ergo
1003 2967 1098 3026 certo
1112 2960 1196 3026 illud
1204 2961 1239 3026 li·

121 3075 222 3141 citum
243 3077 295 3154 sit,
318 3076 407 3162 quod
421 3077 509 3142 nulla
528 3076 601 3160 lege
627 3077 703 3142 satis
721 3084 798 3142 nota
812 3077 877 3142 fuit
897 3077 1112 3160 prohibitum,
1138 3077 1239 3146 donec

122 3191 201 3257 mihi
218 3175 305 3258 clare
324 3193 506 3259 innotescat
514 3193 621 3278 aliqua
638 3194 672 3258 in
690 3193 889 3259 annuariam
901 3193 1080 3260 Pontificiae
1097 3196 1236 3263 auotori-

122 3308 199 3375 tatis
216 3307 389 3386 ordinatio,
407 3309 473 3373 vim
482 3309 563 3392 legis
575 3309 770 3374 universalis
780 3308 914 3388 habens,
932 3310 1140 3394 illegitimum
1149 3313 1239 3377 Vica-

124 3425 209 3492 rium
234 3425 423 3508 generalem
445 3426 655 3508 pronuntiare
673 3444 739 3491 non
763 3424 904 3504 audebo,
932 3434 1087 3510 nepotem
1105 3428 1240 3494 aliumve

124 3541 398 3625 consanguineum
408 3541 569 3624 Episcopi,
584 3539 681 3608 modo
694 3542 773 3607 alias
787 3541 997 3626 qualitatibus
1012 3542 1120 3628 ajune
1136 3545 1240 3629 requi-

124 3656 193 3723 n'tis
207 3675 274 3722 non
289 3662 412 3724 eareat.

127 3810 131 3815 ·
168 3773 322 3854 ansrro
339 3777 386 3840 9⁸.
403 3808 449 3822 -
462 3776 511 3839 Ao
525 3779 709 3856 oripiaere’cs
723 3779 859 3839 deitatis
870 3779 919 3839 cel
931 3777 1064 3838 diocesis
1073 3782 1173 3858 possit
1184 3796 1241 3840 asse

128 3895 265 3956 Venerios
288 3892 459 3973 generalis?
480 3927 525 3940 -
547 3890 713 3975 Frequens
744 3899 795 3958 est
820 3890 988 3957 hodiernis
1020 3891 1238 3976 temporibus,

126 4005 216 4089 apud
233 4007 462 4071 nonnullarum
479 4007 659 4090 Regionum
680 4005 822 4085 (ilerum,
847 4005 954 4072 audiri
972 4005 1136 4090 querelas,
1157 4004 1241 4090 quod

127 4121 276 4205 Episcopi
289 4123 324 4188 in
338 4123 481 4189 vicarios
495 4123 675 4207 generales,
695 4142 761 4190 non
782 4122 992 4201 dioecesanos,
1017 4119 1078 4186 sed
1100 4129 1238 4198 exteros,

127 4237 189 4303 sibi
201 4245 379 4308 arcessant.
394 4239 520 4320 Quibus
535 4246 626 4305 certe
642 4240 850 4324 querimoniis
864 4237 1034 4322 palamst,
1050 4257 1117 4304 non
1130 4256 1239 4321 parum

127 4353 313 4448 neglectum
330 4355 430 4423 fuisse
441 4374 542 4423 sacra
552 4354 730 4440 discipline
746 4353 891 4425 studium
906 4376 914 4423 ε
929 4356 1057 4425 sienim
1072 4355 1126 4424 vel
1140 4354 1240 4425 obiter
