2714 4980
116 298 178 364 182
463 313 651 364 mauranus
673 316 717 362 nn
738 313 888 362 runicus.

115 437 264 525 «jurium
275 444 327 504 ost
336 455 436 524 penes
446 447 635 525 utrumque,
647 442 703 507 vel
713 447 766 506 est
775 455 878 524 penes
887 437 1082 506 inferiorem
1091 445 1213 522 tantum

116 555 244 621 «itaut
263 555 412 639 superior
429 554 697 622 administrationi
716 555 881 623 ordinarie
901 574 936 621 se
957 575 1024 621 uon
1038 556 1212 628 immineant.

114 677 179 738 «Si
191 678 335 755 primum,
355 671 491 737 inferior
511 673 545 737 in
562 671 687 757 judicio
703 670 836 758 quidem
854 690 954 756 agere
973 680 1008 738 et
1025 672 1213 756 respondere

115 808 244 872 «super
266 788 366 854 rebus
384 797 419 854 et
436 787 564 875 juribus
583 791 735 856 Ecclesiae
758 790 819 856 sibi
839 788 1038 854 oonoreditae
1057 797 1178 875 potest3
1195 793 1214 862 si

115 913 256 972 atamen
277 905 427 988 superior
439 906 579 989 ipsemet
603 905 682 971 velit
708 925 819 990 agere,
837 905 983 972 inferiori
995 914 1152 992 tanquam
1164 926 1214 973 na·

117 1022 247 1109 ajonem
274 1021 521 1088 administrandi
545 1031 741 1108 potestatem
760 1023 883 1089 habens
907 1032 958 1090 est
982 1023 1210 1108 preferendus,

116 1146 244 1224 «prout
258 1140 398 1204 sumitur
413 1159 454 1204 ex
471 1139 571 1204 Clam.
580 1141 609 1218 t,
633 1138 736 1206 verbo
750 1144 876 1219 Lioenat,
894 1145 932 1204 da
946 1145 1112 1224 Resonptis
1122 1137 1174 1228 (ll.
1187 1145 1212 1206 Si

116 1259 318 1336 «secundnm,
337 1255 486 1342 praeierri
500 1255 601 1323 dehet
614 1265 724 1324 rector
742 1258 796 1323 vel
810 1257 1056 1324 administrator
1068 1255 1212 1323 immedia-

115 1381 208 1452 atus,
220 1374 246 1440 si
257 1370 439 1457 perpetuus
451 1373 506 1438 ille
524 1373 582 1457 sit;
599 1392 690 1438 secus
703 1372 731 1438 si
745 1374 934 1457 temporalis
946 1382 981 1439 et
990 1373 1035 1439 ad
1050 1381 1162 1440 nutum
1172 1391 1211 1438 sn

113 1491 283 1577 «perionis
298 1489 489 1556 amoribilis.
507 1490 558 1555 De
567 1496 728 1574 perpetuo
745 1495 890 1575 constat3
907 1491 983 1576 quia
996 1489 1094 1575 hujus
1107 1510 1144 1556 aa
1153 1508 1210 1556 auu

116 1605 354 1692 «principalius
372 1603 582 1670 interest:de
604 1605 776 1688 temporali
798 1604 1007 1687 ostenditur3
1034 1607 1121 1672 huna
1144 1606 1210 1670 enin

117 1720 206 1786 «tali
223 1738 300 1784 oasu
323 1719 473 1803 superior
494 1717 535 1783 ab
557 1716 833 1784 administratione
856 1738 1010 1785 amovere
1033 1719 1210 1802 omninopo

118 1862 135 1901 a
148 1844 215 1904 test
229 1858 237 1922 ;
251 1838 352 1921 igitur
364 1837 468 1902 multo
488 1837 589 1920 magis
606 1855 760 1902 amovere
782 1835 937 1901 eumdem
960 1837 1085 1920 poterit
1101 1856 1120 1901 a
1133 1834 1210 1920 parti

119 1976 136 2015 a
148 1952 250 2019 eulari
264 1959 428 2036 potestate
442 1950 559 2035 agendi
573 1950 607 2015 in
618 1953 679 2018 hao
696 1953 750 2018 vel
765 1953 820 2016 illa
833 1969 965 2016 eausa.»
981 1951 1210 2040 (Sahmalzgrue

116 2071 189 2150 her,
207 2071 238 2135 in
254 2070 388 2135 titulum
406 2070 418 2134 l
439 2071 476 2132 de
489 2072 630 2148 Iudiciis,
647 2069 724 2134 libri
738 2072 758 2134 i
774 2067 1000 2147 decretalium,
1019 2088 1054 2134 n.
1067 2066 1136 2153 41.)

160 2189 251 2256 XIII.
270 2189 397 2268 Quando
409 2189 561 2251 Proelaius
574 2192 608 2250 in
622 2207 712 2250 eausa
721 2191 847 2269 propria
858 2189 997 2267 capituli,
1013 2189 1062 2250 ael
1073 2186 1210 2268 oapitdun

116 2312 151 2370 in
167 2324 257 2368 eausa
266 2309 395 2387 propria
407 2305 535 2368 Praelata·
546 2305 728 2366 admittatur
739 2306 781 2367 ad
794 2306 943 2384 nuendum
957 2309 988 2365 et
1001 2300 1211 2384 respondendum

118 2428 152 2486 in
169 2423 300 2503 judicio.
317 2455 362 2467 -
380 2446 394 2473 «
419 2391 614 2502 Respondeo
642 2417 772 2483 admitti
791 2417 830 2495 si,
857 2424 915 2482 aut
937 2417 1099 2482 Praelatus
1119 2415 1212 2481 habant

124 2570 137 2594 «
150 2537 289 2622 speciale
302 2535 492 2601 mandatum
507 2556 526 2600 a
540 2535 693 2619 capitulo,
715 2536 770 2600 vel
791 2535 970 2618 capitulum
985 2554 1005 2600 a
1023 2535 1178 2600 Praelata:
1195 2527 1213 2594 si

124 2686 138 2711 «
152 2653 307 2722 mandato
325 2652 488 2739 ejusmodi
507 2659 627 2730 eareat,
650 2659 688 2715 ut
709 2650 902 2717 admittatur
922 2652 1082 2718 Praelatus
1097 2651 1130 2716 in
1143 2662 1215 2715 aaran

125 2803 138 2827 «
152 2772 285 2857 propria
298 2771 441 2855 capituli,
464 2778 520 2838 aut
534 2770 713 2852 capitulum
725 2770 759 2834 in
771 2788 865 2834 eausa
879 2770 1012 2853 propria
1028 2769 1215 2846 erelauno

125 2922 138 2946 «
153 2909 243 2957 resse
260 2896 363 2955 estut
377 2895 512 2954 caveant
533 2887 575 2952 de
593 2895 681 2970 rato;
701 2894 781 2951 tuno
797 2887 884 2951 enim
902 2886 1032 2952 admitti
1043 2892 1181 2971 possunt,
1191 2884 1218 2944 nt

125 3039 138 3064 «
153 3016 244 3075 reate
263 3006 407 3073 advertit
427 3006 531 3089 glossa
546 3006 580 3071 in
600 3025 629 3069 o.
651 3006 680 3080 1,
699 3004 802 3071 verbo
816 3009 979 3086 Laaaiitar,
1005 3008 1042 3070 da
1062 3006 1218 3071 Proeuato

114 3124 138 3183 ‘«
153 3129 247 3191 ritus.
265 3124 359 3190 Ratio
375 3131 435 3202 est,
458 3124 533 3209 quia
548 3122 608 3187 hoo
622 3142 697 3187 casu
709 3123 807 3188 etiam
818 3140 965 3206 personae
987 3121 1166 3208 conjuncta
1179 3113 1219 3182 ad·

126 3243 332 3308 «mittuntur
355 3261 363 3305 τ
384 3259 450 3304 non
470 3241 576 3304 minor
598 3247 709 3305 autem
730 3238 916 3324 conjunctio
939 3247 990 3306 est
1013 3239 1144 3307 Praelati
1164 3247 1219 3301 oum

126 3391 139 3414 «
155 3357 307 3441 capitulo,
326 3374 400 3421 eum
418 3356 473 3421 ille
487 3357 589 3420 instar
605 3356 728 3438 eapitis,
746 3354 836 3420 istud
853 3357 956 3422 instar
973 3356 1122 3441 corporis
1142 3352 1187 3420 sit.
1207 3373 1217 3400 ⁸

123 3470 434 3565 (Solamalzgruebea
451 3473 484 3537 in
503 3471 636 3538 titidum
656 3475 692 3536 de
714 3474 855 3552 dediciis,
874 3472 951 3539 libri
970 3475 990 3536 2
1012 3471 1217 3567 demetetur,

119 3612 154 3661 n.
172 3589 243 3676 43.)

165 3709 250 3776 xiv.
264 3711 371 3775 Utrum
382 3712 448 3790 quis
457 3711 498 3772 ud
507 3711 655 3790 nuendum
665 3710 819 3790 injudicio
829 3710 967 3790 compelli
974 3713 1085 3791 possit.
1099 3743 1143 3760 -·-
1152 3701 1220 3770 Reus

156 3964 192 4031 (1)
212 3965 250 4016 Sia
261 3965 332 4015 hahet
343 3963 413 4027 liujus
424 3962 573 4013 Clementiae
584 3969 662 4012 textus
681 3977 688 4011 :
706 3959 818 4013 didatus
831 3964 878 4012 ant
890 3961 938 4013 alii
953 3963 1072 4026 aalipioai
1091 3949 1221 4028 quiiutlt'lll

119 4039 397 4112 administrationibus
407 4057 588 4120 presidentes,
602 4056 736 4106 anomiani
746 4058 917 4119 priormuum
930 4069 975 4107 sau
995 4052 1113 4110 aliorum
1127 4053 1221 4109 loun*

119 4154 286 4218 auiditorum
299 4153 404 4208 eisdam,
418 4151 522 4203 nullum
535 4152 691 4201 auctoritato
703 4151 851 4216 litterarum
864 4148 1017 4214 Apostoliaoe
1031 4150 1105 4207 Sedis
1116 4149 1154 4202 aul
1166 4147 1221 4206 liiin

119 4255 209 4319 torum
219 4249 303 4311 ipsius
313 4244 505 4313 quomodolibet
518 4245 625 4295 ualeant
638 4245 788 4302 convenire,
802 4245 855 4294 nisi
867 4244 912 4294 uti
925 4250 949 4294 at
962 4258 1055 4295 aarum
1066 4244 1155 4314 auidus
1162 4234 1221 4305 illl·

120 4348 230 4395 natunm
243 4328 272 4394 'et
289 4343 406 4393 unorum
422 4342 541 4404 ipsorum
557 4337 691 4403 prioribus
709 4344 756 4388 aut
770 4340 830 4389 aliis
844 4337 1065 4402 pudunatoaiiua
1082 4340 1129 4391 loa
1143 4326 1219 4387 ttoni·

118 4437 328 4502 (Clementinarum
341 4436 402 4485 libro
417 4437 441 4496 l,
456 4434 522 4483 titulo
535 4436 566 4494 ¹2,
582 4435 613 4482 da
624 4433 771 4496 descriptis,
785 4447 836 4495 cap.
853 4434 890 4495 l.)
