2714 4980
117 296 181 362 498
445 277 647 361 'emeramus
670 314 714 360 nn
736 313 885 361 runtcns.

115 437 169 504 v'el
183 437 297 503 saltem
312 436 431 501 tacitus
445 458 452 502 :
470 435 559 522 quod
573 443 682 504 autem
698 439 848 522 princeps
859 437 1035 521 approbat,
1049 439 1120 522 ipse
1129 436 1229 506 facere

116 551 268 620 videtur:
286 558 320 617 et
344 552 389 617 sic
408 572 447 618 ea
466 553 616 636 Episcopi
636 573 678 618 ex
699 553 933 619 consuetudine
954 559 1104 636 potestas
1114 554 1155 619 ab
1169 555 1231 638 ipsa

116 670 213 752 Papae
240 673 413 751 potestate,
436 687 515 733 vere
543 676 577 733 et
602 669 772 752 originarie
795 667 976 734 derlvatur.
1008 668 1183 754 (Pirrhing,
1200 670 1230 733 in

44 868 48 874 ἢ
122 785 254 851 titulum
269 788 322 863 22,
339 785 416 850 libri
431 788 450 849 2
467 784 691 864 decretalium,
709 807 742 850 n.
762 784 808 869 8.)

159 903 248 966 Solet
261 909 370 965 tamen
385 899 524 984 objectio
538 899 609 966 lieri
620 910 733 967 contra
748 900 829 967 hanc
844 904 1084 986 Episcoporum
1098 903 1231 968 notarios

116 1016 252 1083 creandi
273 1023 490 1100 potestatem;
514 1016 574 1083 sed
591 1036 662 1102 quae
686 1017 781 1082 facile
801 1017 952 1081 solvitur.
978 1040 995 1079 «
1017 1017 1227 1094 conclusioni,

116 1156 132 1196 a
149 1135 195 1199 ait
209 1136 388 1216 EaguanuS,
406 1130 538 1198 videtur
553 1133 693 1211 abstare,
704 1133 793 1218 quod
809 1135 959 1199 Clemens
972 1136 1011 1212 V,
1026 1133 1072 1199 ad
1082 1134 1230 1217 supplica·

114 1253 268 1317 «tionem
286 1251 465 1316 multorum
482 1250 806 1335 Arcbiepiscoporum
824 1251 879 1336 qui
899 1252 1062 1317 Viennam
1078 1271 1229 1317 convene·

114 1391 131 1431 a
148 1375 224 1434 rant
238 1367 280 1432 ad
303 1367 485 1433 universale
504 1367 686 1445 concilium,
706 1368 739 1432 in
755 1368 1057 1450 compensationem
1075 1368 1226 1445 laborum,

115 1504 132 1547 a
150 1485 308 1550 concessit
322 1482 514 1547 facultatem
530 1481 733 1548 concedendi
750 1482 982 1549 tabellionatus
996 1483 1142 1548 officium
1158 1483 1228 1548 dua-

115 1601 209 1668 abus
226 1602 379 1685 personis,
398 1618 477 1683 quas
489 1598 531 1664 ad
545 1597 639 1677 illud,
657 1607 732 1682 post
748 1598 937 1682 diligentem
951 1601 1226 1676 examinationem,

113 1717 280 1784 «idoneas
299 1714 498 1801 reperissent
528 1715 578 1802 (ut
593 1724 682 1782 tomo
709 1719 727 1781 3
756 1717 987 1792 conciliorum,
1014 1725 1114 1800 parte
1130 1720 1161 1795 2,
1182 1736 1229 1802 pa-

97 1854 132 1900 -α
146 1837 220 1922 gina
237 1833 326 1919 740).
352 1834 429 1898 Haec
450 1832 537 1897 enim
556 1830 758 1915 indulgentia
773 1832 889 1898 fuisset
907 1832 1135 1911 frustratoria,
1151 1835 1178 1899 si
1194 1831 1227 1897 de

114 1977 133 2016 a
143 1953 217 2038 jure
231 1952 292 2016 hoc
308 1951 354 2015 eis
369 1953 612 2032 competeret...
628 1946 694 2012 Sed
704 1945 899 2031 responderi
913 1955 1037 2030 potest,
1055 1949 1103 2013 ibi
1114 1967 1229 2015 conces

114 2080 131 2133 t
147 2046 215 2134 sam
230 2066 500 2148 fuisseEpiscopis
515 2063 717 2141 facultatem,
732 2083 829 2147 quam
844 2062 972 2147 dejure
985 2065 1225 2141 nonhabebant,

114 2209 130 2249 a
143 2187 269 2252 scilicet
281 2181 415 2249 creandi
427 2180 620 2247 tabelliones
632 2181 830 2247 authoritate
843 2183 949 2264 Papae,
969 2182 1028 2266 qui
1038 2182 1162 2267 ubique
1174 2189 1230 2248 ter-

118 2325 134 2365 «
149 2320 262 2370 rarum
277 2306 409 2383 possent
423 2294 564 2377 officium
579 2315 793 2380 exercere...;
807 2295 896 2381 quod
912 2303 1015 2378 patet,
1036 2304 1161 2362 tumex
1177 2297 1229 2362 illis

116 2440 132 2480 a
149 2416 259 2482 verbis
268 2415 460 2479 Autlora‘tate
470 2420 592 2492 nostra·
604 2418 676 2477 tum
691 2411 767 2496 quia
779 2412 970 2495 praecipitur
979 2411 1040 2492 ibi,
1056 2418 1229 2497 supradicti

116 2557 132 2597 u
151 2535 323 2598 tabelliones
334 2537 442 2614 jurent
453 2530 631 2607 fidelitatem
646 2533 751 2610 Papae,
769 2527 863 2613 juxta
882 2527 1023 2594 formam
1043 2532 1170 2614 capitia,
1185 2549 1228 2611 epo

116 2672 133 2713 a
148 2654 178 2717 N
182 2698 204 2728 .,
220 2648 483 2729 ile-Jurejaroada
503 2645 544 2710 Et
567 2647 612 2709 ita
625 2642 789 2709 indultum
810 2663 876 2708 non
894 2643 957 2709 fuit
983 2646 1226 2728 superfluum.»

115 2768 303 2853 (raguenus,
317 2764 352 2827 iu
371 2768 468 2844 caput
481 2766 616 2840 sicutte,
630 2761 682 2825 tit.
701 2765 746 2824 Ne
760 2763 861 2825 elerici
878 2764 926 2824 uel
939 2763 1093 2843 monachi,
1115 2784 1148 2828 n.
1169 2759 1226 2844 55.)

47 2946 50 2951 .
158 2883 216 2948 ΠΙ.
232 2903 248 2942 «
262 2880 330 2945 Etsi
345 2878 531 2960 Episcopus,
543 2876 597 2942 vel
611 2873 803 2960 aliusjudex
814 2876 965 2959 Principe
982 2877 1136 2958 inferior,
1153 2881 1228 2944 intra

117 3021 134 3062 a
155 2995 320 3063 dioecesim
337 3012 428 3057 suam
440 2993 495 3058 vel
508 2991 724 3070 territorium,
745 2993 845 3075 possit
860 3011 973 3058 creare
997 2996 1156 3075 notarios,
1175 3013 1229 3059 non

117 3139 134 3178 a
153 3123 264 3180 tamen
274 3119 367 3176 extra
380 3110 479 3185 illam,
494 3108 548 3172 vel
561 3107 653 3191 illud;
674 3108 761 3194 quia,
782 3108 930 3194 quamvis
941 3108 1086 3176 officium
1101 3113 1230 3178 notaria·

117 3255 133 3295 «
152 3237 215 3308 tus,
230 3250 295 3295 non
313 3234 440 3292 tantum
454 3224 620 3309 judiciale,
638 3224 813 3292 sedetiam
830 3225 1078 3311 extrajudiciale
1097 3232 1150 3310 sit,
1166 3230 1229 3315 qaia

117 3372 134 3412 a
151 3356 187 3413 et
204 3354 296 3413 extra
305 3344 464 3430 judicium
478 3343 627 3408 exerceri
639 3349 766 3427 potest;
782 3346 958 3410 auctoritas
973 3353 1088 3412 tamen
1101 3358 1137 3414 et
1151 3356 1230 3414 actus

116 3485 133 3526 (ι
151 3459 285 3527 creandi
297 3478 355 3523 seu
371 3454 591 3522 constituendi
612 3458 754 3522 notarios
773 3464 823 3522 est
836 3466 927 3549 aetus
939 3457 1124 3547 judicialis;
1141 3462 1230 3528 adeo

120 3602 137 3642 a
155 3597 219 3663 que
236 3581 329 3641 extra
347 3573 551 3638 territorium
566 3571 688 3637 creatio
706 3572 780 3638 fieri
798 3591 863 3638 non
882 3581 1002 3657 potest.
1025 3605 1040 3631 a
1063 3577 1228 3665 (Pirrhing,

114 3697 178 3761 loc.
197 3689 266 3775 cit.)
279 3689 371 3757 Idem
384 3686 487 3754 tradit
500 3691 668 3771 Faguanus
684 3688 728 3776 (in
746 3697 844 3774 caput
858 3694 943 3755 suet
960 3698 999 3772 te,
1013 3692 1067 3757 tit.
1080 3699 1128 3759 Ne
1141 3698 1231 3758 cleriei

116 3815 163 3876 vet
172 3808 319 3883 moueat,
334 3825 366 3869 n.
382 3802 448 3887 54),
466 3805 568 3869 citans
580 3807 780 3872 canonistam
794 3807 1013 3887 Hostiensem,
1033 3810 1231 3896 allegansque

112 3927 194 4012 juris
218 3922 353 3988 Romani
370 3920 615 4003 dispositionem
638 3923 722 4008 (lege
740 3922 841 3999 finali,
860 3921 893 3987 il.
912 3927 950 3986 de
971 3928 1135 3992 Jurtsdt'et.
1157 3948 1227 3992 amr.

116 4036 267 4121 Μέση),
281 4043 317 4101 et
330 4054 486 4101 canonem
509 4041 616 4100 omnes
640 4040 771 4101 bea-ilice
796 4037 864 4123 (16,
878 4046 993 4122 quast.
1013 4038 1060 4125 7).
1079 4045 1161 4109 Hinc
1180 4042 1230 4108 de·

118 4151 352 4238 relinquendus
365 4150 498 4217 videtur
513 4151 663 4230 Felinus,
682 4153 738 4237 qui
752 4155 879 4235 putavit
895 4156 1099 4224 creationem
1123 4159 1228 4226 notarii

119 4269 163 4336 ad
172 4266 429 4352 jurisdictionem
443 4265 660 4331 voluntariam
674 4267 853 4349 pertinere,
873 4287 910 4333 ac
922 4270 1062 4351 proinde
1071 4291 1165 4355 posse
1181 4292 1227 4338 no

118 4384 239 4451 tarium
265 4383 305 4446 ab
321 4382 489 4466 Episcopo,
520 4388 613 4446 extra
639 4380 804 4449 dioecesim
829 4402 919 4448 suam
938 4387 1113 4467 existente,
1135 4388 1224 4479 creari
