2714 4980
551 307 631 355 rans
654 306 812 355 securos.
1180 289 1241 352 503

123 431 262 507 officium
275 433 419 514 explere,
441 431 524 496 hanc
547 432 670 497 addere
702 431 952 507 restrictionem,
972 433 1118 510 paidpuid
1143 437 1184 493 sit
1207 434 1245 495 de

123 555 223 630 ripere
233 554 328 630 juris,
356 555 390 612 et
403 548 642 613 conclusionem
661 566 773 613 veram
789 553 1008 629 propugnant,
1029 548 1136 609 saltem
1147 567 1188 609 ea
1200 568 1244 610 re·

121 672 208 746 capta
227 668 448 728 masuetudiae.
466 665 710 748 Perspexerunt
723 668 842 745 'nempe
865 661 1074 728 saecularibus
1090 662 1244 746 principi-

121 783 185 848 bus
199 779 235 847 id
252 801 317 846 non
336 789 535 864 competere,
569 789 604 846 ut
622 781 747 865 possint
771 781 910 864 aliquam
928 797 1099 862 personam
1113 777 1242 847 efficere

116 900 282 980 publicam,
301 897 399 960 etiam
414 903 569 979 respectu
594 896 755 961 Ecclesiae.
775 894 911 959 Idenim
930 900 1015 958 esset
1030 901 1175 976 potestas
1189 913 1242 960 co-

120 1012 220 1098 gendi
234 1013 422 1089 Ecclesiam,
445 1021 483 1077 ut
501 1031 561 1095 pro
576 1013 725 1096 publicis,
745 1010 853 1096 quoad
870 1030 926 1075 sua
942 1011 1072 1093 negotia
1087 1018 1122 1075 et
1133 1010 1242 1076 iorum

119 1148 214 1194 suum
225 1128 363 1195 haberet
377 1148 532 1213 personas
545 1129 626 1207 illae,
651 1148 730 1213 quas
746 1128 899 1211 princeps
914 1127 1076 1190 saecularis
1099 1134 1136 1190 ut
1161 1127 1243 1191 tales

118 1243 180 1326 ipsi
197 1243 364 1326 imponere
391 1243 568 1308 voluisset:
591 1243 666 1307 talis
680 1250 791 1307 autern
814 1249 957 1324 potestas
975 1242 1127 1324 principis
1140 1259 1241 1306 saeon-

118 1356 196 1426 laris
216 1365 301 1422 esset
311 1356 495 1442 jurisdictio
517 1357 665 1441 quaedam
681 1356 714 1422 in
730 1359 904 1423 Ecclesiam
921 1365 955 1422 et
974 1376 1027 1421 res
1047 1357 1242 1422 ecclesiasti-

119 1493 190 1555 cas3
212 1492 282 1558 quae
301 1474 487 1538 nullatenus
502 1473 630 1538 admitti
653 1479 772 1556 potest.
791 1475 883 1550 Hinc,
909 1474 941 1536 in
962 1473 1069 1557 rigore
1092 1471 1185 1556 juris,
1204 1481 1239 1538 et

118 1591 180 1655 nisi
195 1589 290 1653 aliter
308 1590 401 1671 praxi
424 1608 481 1654 sua
498 1588 707 1672 disposuisset
729 1589 881 1666 Ecclesia,
901 1589 1018 1653 notarii
1033 1609 1052 1653 a
1068 1589 1132 1654 sola
1148 1594 1240 1672 pote·

118 1714 203 1772 state
216 1706 360 1771 saeculari
379 1706 491 1783 creati,
510 1706 725 1771 instrumenta
740 1705 902 1770 conficere
917 1725 981 1770 non
1000 1712 1142 1787 possent,
1162 1723 1236 1789 quae

116 1825 149 1887 in
164 1822 237 1888 foro
255 1823 407 1887 Ecclesiae
422 1821 586 1904 publicam
602 1820 703 1887 fidem
720 1821 876 1886 facerent.
896 1819 992 1899 Quod
1004 1820 1067 1884 alio
1081 1816 1178 1885 modo
1194 1821 1238 1884 sic

118 1938 273 2005 concludi
294 1943 408 2021 potest
425 1959 432 2003 :
450 1945 595 2003 statuere
621 1944 692 2002 uta
711 1936 874 2020 judicibus
894 1936 1117 2001 ecclesiasticis
1142 1936 1238 2017 plena

118 2053 202 2119 tides
225 2053 418 2119 adhibeatur
442 2054 610 2136 scripturae
630 2062 795 2119 certarum
811 2072 1033 2135 personarum,
1056 2059 1106 2116 est
1131 2052 1238 2133 legem

117 2190 198 2236 vere
213 2169 463 2234 ecclesiasticam
480 2168 622 2247 edicere,
641 2178 676 2234 et
697 2168 739 2234 de
760 2169 927 2253 disciplina
950 2168 1164 2233 ecclesiastica
1180 2164 1240 2231 de-

118 2307 289 2354 cernere:
318 2288 387 2351 talis
421 2305 521 2370 porro
549 2293 693 2369 potestas
717 2287 865 2351 saeculari
887 2286 1027 2369 principi
1050 2304 1117 2351 non
1145 2303 1238 2352 com-

116 2406 213 2490 petit.

168 2551 181 2577 «
201 2523 251 2587 De
265 2521 378 2594 stricto
395 2520 470 2605 jure
493 2520 549 2606 (ait
564 2518 753 2603 Leurenius)
771 2520 922 2603 negativa
950 2527 999 2585 est
1010 2516 1235 2605 probabilior,

119 2665 134 2696 a
152 2638 306 2703 nimirum
319 2636 407 2721 quod
420 2637 637 2701 instrumento
651 2636 802 2701 confecto
817 2656 836 2699 a
848 2636 985 2711 notario,
1001 2654 1099 2719 quern
1113 2635 1237 2700 creavit

121 2785 134 2809 ιι
153 2754 306 2838 princeps
320 2753 430 2829 laicus,
448 2750 666 2817 deferendum
681 2769 747 2815 non
760 2751 801 2815 sit
814 2752 847 2814 in
869 2751 971 2814 causis
986 2758 1020 2815 et
1037 2750 1163 2814 actibus
1182 2769 1236 2814 ec·
1292 2740 1294 2744 ’

121 2902 133 2928 α
156 2870 342 2937 clesiasticis
361 2868 669 2953 seuspiritualibus;
688 2873 723 2932 et
738 2868 809 2932 vice
824 2885 920 2933 versa
938 2886 999 2932 nec
1017 2867 1234 2938 instrumento

120 3018 133 3042 «
153 2988 305 3052 confecto
319 2986 487 3062 anotario,
501 2991 611 3050 creato
623 3003 683 3067 per
696 2983 957 3060 ecclesiasticum,
972 2983 1005 3049 iu
1021 2981 1147 3046 actibus
1159 2959 1234 3065 pro-

121 3135 134 3159 ιι
152 3105 236 3169 lanis
254 3125 260 3168 :
279 3121 319 3168 eo
337 3101 425 3187 quod
451 3121 565 3167 creans
583 3103 748 3166 notarium
764 3100 917 3167 videatur
940 3120 1006 3166 non
1021 3118 1114 3182 posse
1132 3101 1162 3165 ei
1177 3119 1234 3166 au-

120 3249 133 3274 «
151 3220 341 3285 thoritatem
356 3216 503 3284 attidem
518 3218 629 3282 lacere
640 3218 674 3281 in
685 3218 733 3294 iis,
751 3235 822 3301 quae
837 3224 913 3281 sunt
924 3224 1018 3282 extra
1031 3217 1173 3282 creantis
1186 3214 1234 3300 ju·

119 3367 133 3390 «
150 3333 390 3416 risdictionem3
409 3334 459 3398 nti
475 3341 551 3398 sunt
564 3352 665 3398 causae
681 3333 863 3417 spirituales
873 3340 966 3398 extra
974 3331 1233 3416 jurisdictionem

119 3483 134 3507 «
151 3452 307 3534 principis
316 3450 402 3527 laici,
418 3454 452 3514 et
465 3467 567 3514 causa
583 3449 726 3532 profanae
744 3455 837 3513 extra
860 3447 1118 3533 jurisdictionem
1130 3448 1235 3514 eccle·

120 3600 133 3624 a
150 3569 280 3634 siastici.
300 3589 316 3627 a
339 3567 458 3653 (Forum
473 3570 712 3647 ecclesiasticum,
735 3568 769 3630 in
787 3568 838 3631 tit.
861 3570 914 3645 22,
932 3567 1039 3632 libris
1057 3565 1228 3645 decretal,

114 3706 147 3772 q.
168 3684 260 3769 696.)

160 3805 359 3870 Psorosmo
377 3801 450 3867 111¹.
475 3839 520 3848 -
537 3804 580 3866 Ob
598 3807 744 3882 receptam
769 3803 875 3863 saltem
898 3805 1155 3880 consuetudinem,
1178 3822 1232 3864 ao-

114 3927 214 3986 taraus
228 3941 247 3983 a
254 3928 403 4002 potestate
413 3923 551 3983 saeculari
562 3927 689 3996 creatus,
704 3926 793 4000 optus
810 3920 991 3998 repuleriter
1005 3921 1136 3997 videtete,
1153 3927 1188 3983 ut
1203 3927 1232 3981 et

113 4047 148 4102 ia
161 4041 227 4119 foro
239 4041 434 4100 ecclesiastico
446 4042 633 4100 pascuarum
646 4043 792 4111 exerceat,
801 4038 945 4115 quamdiu
956 4037 994 4097 ab
1007 4039 1152 4117 Episcopo
1160 4055 1230 4116 pro·
1283 4025 1287 4032 ⁴

114 4157 229 4218 Editus
240 4173 300 4215 aaa
319 4161 374 4215 est.
400 4189 446 4204 --
472 4150 511 4216 Id
525 4159 640 4236 aperte
661 4154 754 4236 sequi
765 4149 899 4216 ridetur
912 4169 953 4215 ex
968 4150 1158 4218 Tridentino
1171 4149 1229 4218 de-

113 4274 207 4335 creto
225 4290 231 4333 :
247 4273 322 4333 Cum
336 4289 376 4331 ea
385 4273 572 4333 patariorum
583 4274 735 4351 imperitia
745 4272 879 4350 plurima
898 4271 1009 4331 domae
1024 4276 1055 4332 et
1066 4271 1229 4333 multarum

113 4392 226 4450 maasia
249 4389 350 4451 littam
365 4391 507 4465 >artatum
539 4391 636 4469 possit
662 4388 825 4471 Episcopus
853 4405 1045 4469 quassataeque
1068 4391 1224 4470 ualerios,
