2714 4980
542 292 623 341 rans
645 292 803 341 annuum.
887 331 891 340 .
1163 285 1223 350 391

160 413 200 479 3⁸
220 413 366 481 Ferraria
377 421 487 481 autem
501 414 615 504 (verbo
632 420 769 481 Vtccrics
788 419 948 498 peteretis,
970 426 1033 484 art.
1055 423 1084 499 1,
1103 440 1137 486 n.
1158 420 1239 508 38),

110 529 258 593 matur
282 525 328 594 de
351 528 500 613 plurimis
523 531 626 597 sacre
653 530 915 614 congregationis
939 533 1172 619 Episcoporum
1195 544 1231 603 et

109 641 314 727 regularium
329 642 611 726 declarationibus,
636 646 764 731 quibus,
783 647 810 712 si
833 647 897 713 sint
915 649 1119 731 authentice,
1138 651 1231 719 etad

108 774 188 825 rem
200 756 333 839 faciant,
351 763 486 846 quaestio
501 760 568 847 jam
580 762 686 829 soluta
696 762 828 829 omnino
840 763 1002 831 censenda
1013 765 1113 832 foret.
1132 769 1231 835 «De-

111 895 131 936 c
143 872 208 941 bet
231 873 348 960 (inquit
360 875 428 962 ille)
448 895 520 944 esse
535 876 651 945 doctor
666 878 721 944 rel
735 878 919 953 licentiatus
930 879 967 945 iu
980 878 1056 965 jure
1078 884 1232 948 canonico

110 1012 130 1053 s
146 988 258 1076 (Sacra
283 992 497 1077 congregatio
514 995 750 1078 Episcoporum
770 1001 807 1060 et
829 1013 913 1078 reg,
939 994 973 1060 iu
993 995 1228 1080 Polignaneusi,

109 1128 134 1168 a·
144 1106 192 1173 28
201 1109 330 1191 augusti
343 1110 439 1192 15823
454 1109 491 1174 in
500 1107 731 1188 Tridentina,6
747 1109 891 1176 octobris
903 1111 1000 1194 16453
1014 1117 1049 1176 et
1059 1112 1232 1194 sepissime

108 1243 128 1283 a
143 1218 249 1306 alibi).
268 1222 363 1291 Unde
378 1224 405 1290 si
418 1223 462 1290 ad
474 1225 604 1291 Saorm
623 1225 913 1310 Congregationem
929 1225 1161 1310 Episcoporum
1175 1227 1232 1293 ha-

108 1358 128 1399 c
142 1335 266 1403 beatur
281 1356 434 1405 recursus
444 1346 559 1405 contra
569 1341 766 1424 Episcopum
778 1359 845 1405 non
858 1341 1056 1407 retinentem
1070 1343 1232 1409 vicarium

108 1476 128 1514 α
140 1450 382 1538 ιίιιίιροιίιιιιιι,
398 1455 560 1539 soletipsa
574 1454 771 1522 demandare
787 1463 826 1522 ut
837 1457 979 1523 retineat
993 1457 1156 1523 vicarium
1177 1477 1233 1545 ge-

109 1569 291 1635 rnerelem
308 1569 499 1649 doctorem,
524 1579 563 1636 ut
584 1577 727 1637 testatur
745 1572 915 1639 Monacelli
930 1572 1036 1659 (parte
1054 1575 1086 1650 2,
1103 1573 1156 1639 tit.
1176 1575 1228 1656 16,

111 1706 130 1745 c
143 1681 289 1749 romula
304 1692 336 1763 7,
347 1704 381 1749 n.
399 1681 446 1770 3).
462 1683 506 1751 Et
518 1685 579 1753 hoo
589 1679 755 1770 precipue
769 1686 880 1751 locum
896 1685 996 1753 habet
1011 1686 1142 1772 quando
1157 1689 1233 1772 Epi-

110 1816 266 1882 «scopus
282 1798 353 1882 ipse
369 1799 541 1884 theologus
554 1801 597 1865 sit
613 1806 649 1866 et
666 1818 732 1865 non
748 1799 864 1886 jurleta
890 1801 997 1887 (Sacra
1018 1801 1232 1886 Congregatio
1336 1798 1339 1804 ’

108 1941 127 1979 c
140 1914 389 2000 Episcoporum‚
404 1915 625 2002 iuGajacensi,
646 1918 680 1982 ll
702 1917 892 2001 maii15943
908 1916 1233 1984 etinunaMontisia-

111 2031 228 2111 elisei,
257 2028 298 2097 12
322 2031 451 2114 augusti
476 2029 585 2116 taso).
611 2033 678 2096 Nec
699 2031 816 2098 sufficit
839 2032 1014 2120 (vicarium
1034 2033 1230 2120 generalem)

109 2164 215 2219 cesse
246 2145 433 2230 theologum
463 2145 571 2233 (Sacra
597 2147 812 2232 congregatio
840 2147 1084 2231 Episcoporum,
1103 2148 1139 2213 in
1155 2149 1232 2214 Sur-

108 2287 127 2326 α
139 2262 285 2340 nentina,
301 2260 665 2348 linovembris1605);
680 2262 859 2330 etinterim
879 2260 985 2328 donec
1004 2263 1228 2347 provideatur,

108 2377 245 2447 «datur
262 2377 379 2445 doctor
393 2396 455 2462 pro
473 2379 667 2446 consultore.
686 2378 866 2465 Aliquando
891 2387 1002 2447 tumen
1026 2381 1123 2446 Sacra
1148 2381 1232 2446 (lon-
1297 2415 1300 2419 ·

108 2493 290 2580 segregatio
317 2494 553 2578 Episcoporum
580 2495 738 2561 concessit
764 2512 858 2578 posse
884 2496 1081 2580 Episcopum
1114 2503 1231 2564 tenere

107 2636 126 2673 a
139 2611 307 2678 vicarium
330 2629 396 2675 non
419 2608 601 2691 doctorem,
628 2610 706 2676 alias
728 2618 839 2676 tamen
862 2610 1028 2691 idoneum,
1049 2614 1230 2695 presertim

108 2727 223 2795 «dum
237 2727 416 2811 Episcopus
434 2725 551 2812 jurista
566 2726 689 2793 residet
705 2726 831 2814 (eadem
847 2727 1070 2812 Gongregatio,
1096 2729 1131 2793 in
1153 2731 1230 2794 Tra-

107 2845 295 2932 «guriensi,
318 2842 453 2930 lbjunii
477 2846 579 2928 15903
597 2850 632 2909 et
645 2845 679 2908 iu
698 2842 825 2910 Oriensi
844 2863 904 2909 seu
926 2842 1069 2922 oritana,
1090 2847 1132 2912 29
1153 2845 1229 2911 maii

107 2964 255 3053 albat).
279 2989 295 3028 u

149 3087 201 3152 De
214 3085 302 3170 stylo
314 3085 418 3150 Sacrae
432 3083 696 3168 Gougregationis
709 3084 942 3166 Episcoporum
957 3090 992 3148 et
1008 3082 1221 3166 regularium,

105 3199 286 3269 mandandi
308 3200 475 3285 Episcopis
495 3206 533 3265 ut
554 3198 696 3265 habeant
719 3199 884 3266 vicarium
903 3199 1091 3283 generalem
1111 3197 1227 3265 docto-

104 3330 190 3397 rem,
208 3322 350 3383 testatur
369 3317 494 3400 pariter
508 3315 680 3382 Monacelli
704 3315 809 3402 (parte
831 3318 862 3392 2,
884 3314 936 3381 tit.
957 3318 1009 3394 16,
1034 3315 1174 3382 formula
1190 3323 1221 3396 7,

104 3453 138 3500 n.
160 3430 207 3518 3),
227 3431 374 3499 addens:
396 3436 541 3513 waaris
560 3436 594 3496 io
609 3437 682 3514 jure
700 3434 813 3496 nullibi
826 3438 947 3496 coctam
960 3437 1013 3512 sit,
1030 3440 1066 3496 ut
1081 3434 1154 3497 talis
1173 3437 1225 3497 Vi-

104 3556 208 3616 ocrlcs
222 3551 329 3615 debeat
341 3568 404 3613 ease
416 3551 530 3613 doctor.

128 3718 131 3723 .
149 3666 271 3732 Utrum
284 3671 395 3730 autem
409 3682 451 3729 ex
466 3661 556 3729 dicto
570 3662 714 3745 prefatas
729 3662 994 3746 congregationis
1008 3663 1095 3747 stylo
1108 3661 1225 3741 inferri

104 3779 227 3848 debon
236 3777 426 3844 doctoratus
436 3775 621 3853 necessitas,
641 3775 739 3840 etiam
753 3773 862 3860 quoad
873 3773 1075 3841 validitatem
1090 3780 1222 3840 actuum

103 3895 268 3964 evicerio
284 3894 429 3979 generali
445 3898 630 3977 gestorum,
646 3892 725 3958 mibi
742 3912 808 3957 non
826 3892 903 3957 satis
915 3891 1029 3975 liquet.
1048 3894 1119 3957 Non
1134 3891 1221 3957 enim

103 4013 219 4079 citatas
235 4009 416 4077 aEerrario
431 4006 611 4075 decisiones
623 4010 701 4074 setis
715 4008 899 4092 exploratas
913 4006 1037 4091 habe03
1059 4013 1093 4074 et
1108 4005 1185 4072 conf
1203 4041 1219 4057 -

100 4128 226 4199 raudus
238 4129 375 4212 insuper
392 4133 477 4192 essct
492 4124 535 4192 de
550 4119 665 4193 eadem
679 4145 717 4193 re
730 4126 834 4193 Sacrae
850 4125 1114 4209 congregationis
1134 4123 1217 4191 Con·

99 4247 167 4314 oilii
183 4244 302 4330 stylus.
1026 4302 1029 4309 .

142 4363 367 4444 ouranos.
392 4397 439 4413 -
460 4363 508 4426 Ac
533 4361 669 4444 rctipa'osl
694 4367 812 4447 possim
838 4380 900 4428 erae
928 4364 1040 4428 Viturii
1066 4362 1218 4443 pcaaclca
