2714 4980
550 320 631 370 raas
650 320 765 370 rmus.
1156 303 1216 369 153

102 445 247 513 umente
257 444 527 532 jurisdictionem.
544 451 655 528 Tertio,
670 445 705 512 id
715 463 831 513 verum
843 453 894 512 est
908 444 1036 511 etiamsi
1049 450 1126 511 ante
1140 463 1222 530 pro-

105 578 214 631 cessus
240 563 477 630 inchoationem
492 564 645 648 privatim
664 563 797 630 sciverit
810 562 872 629 sibi
889 581 1019 629 causam
1038 559 1221 647 delegatam

106 678 223 764 fuisse;
244 680 319 765 qnia
333 680 512 765 requiritur
528 688 567 745 ut
583 678 673 745 istud
691 679 772 746 sciat
789 679 976 764 authentice
995 697 1056 763 per
1069 679 1222 763 rescripti

106 793 400 879 presentationem.
424 797 475 864 Ita
494 795 710 862 communiter
735 797 928 874 mnonbtae,
954 794 1223 864 dumillustrant

105 911 239 979 titolum
255 914 309 990 29,
332 911 409 977 libri
424 917 435 977 1
456 911 684 979 decretalium.

148 1030 182 1093 2.
215 1056 229 1083 α
254 1028 394 1095 litteras
408 1046 467 1093 seu
484 1026 673 1093 mandatum
687 1026 900 1112 delegationis
917 1046 983 1094 sue
1002 1031 1036 1095 in
1050 1029 1154 1097 forma
1166 1048 1223 1095 au-

110 1170 124 1197 «
137 1141 283 1208 theutica
296 1142 451 1209 exhibere
467 1141 579 1223 debet,
593 1143 727 1230 ejusque
742 1143 867 1227 copiam
883 1143 993 1210 facere
1006 1144 1154 1228 partibus
1163 1145 1224 1211 liti·

110 1286 125 1313 ·
137 1258 292 1342 gantib'us
311 1277 419 1324 coram
434 1278 469 1324 se
487 1259 760 1343 comparentibus,
778 1267 816 1324 ut
828 1257 911 1324 fides
928 1259 989 1343 ipsi
1003 1258 1163 1326 habeatur
1179 1258 1221 1326 de

111 1384 275 1459 «accepta
298 1383 477 1460 potestate3
504 1376 646 1462 alioquin
670 1377 853 1442 necessario
870 1377 932 1459 ipsi
951 1376 1134 1459 parendum
1158 1397 1224 1444 non

111 1497 213 1576 «est3
230 1510 337 1577 neque
350 1490 539 1558 Ordinarius
551 1490 626 1571 loci,
645 1492 800 1571 velalius,
816 1492 870 1556 cui
881 1492 1050 1576 delegatus
1060 1494 1159 1559 etiam
1169 1490 1224 1560 Sel

112 1606 201 1704 “⁶5³
214 1607 404 1692 Apostolicae
432 1606 553 1692 aliquid
580 1607 736 1689 mandat,
763 1609 882 1693 exequi
903 1608 985 1673 illud
1007 1608 1220 1674 tenebitur.»

109 1720 420 1809 (Scbmalzgrueber,
444 1724 478 1787 in
494 1724 546 1789 tit.
567 1720 621 1802 29,
637 1723 694 1789 lib.
712 1727 724 1788 l
750 1722 892 1803 decret,
912 1744 946 1788 n.
968 1722 1037 1809 25.)
1062 1723 1226 1791 Probatur

109 1847 218 1905 antem
233 1858 276 1904 ex
289 1839 395 1922 capite
411 1843 486 1904 Cum
499 1846 611 1924 injure
628 1840 693 1928 (31,
708 1839 795 1905 tituli
809 1843 863 1918 29,
877 1841 976 1906 libril
992 1838 1145 1926 decret),
1160 1860 1225 1926 qno

109 1954 319 2022 Innocentius
331 1957 380 2023 III
394 1955 562 2040 Bajocensi
576 1958 744 2042 Episcopo,
762 1977 803 2022 an
817 1963 988 2023 teneretur
1001 1960 1119 2042 exequi
1135 1978 1225 2025 man·

110 2070 223 2139 datum
239 2073 457 2156 Apostolicum
472 2071 514 2138 de
531 2091 595 2157 quo
617 2074 760 2140 sibinen
779 2072 865 2139 facta
882 2073 997 2139 fuisset
1020 2073 1104 2140 fides
1120 2076 1226 2141 scisci-

108 2189 201 2268 tanti,
218 2188 369 2253 rescribit
380 2208 387 2250 :
399 2192 469 2252 Nisi
478 2191 515 2252 de
524 2192 666 2253 mandato
678 2192 765 2254 Sedis
774 2192 952 2270 spostolicae
959 2196 1058 2254 certus
1070 2196 1220 2271 extiteris,

106 2310 215 2388 aequi
229 2324 290 2368 coc
301 2311 414 2386 capara
425 2308 504 2386 qaod
517 2308 692 2372 mandatur.

102 2454 108 2459 ·
154 2452 170 2479 α
197 2423 295 2489 Ratio
317 2429 378 2500 est,
394 2423 441 2488 ait
456 2421 748 2508 Schmalzgrueher
772 2424 875 2510 (citato
894 2421 981 2509 tom),
1006 2430 1124 2507 prima
1152 2426 1227 2510 qnia

105 2567 125 2597 a
142 2541 181 2607 in
196 2538 345 2625 quolibet
360 2540 527 2605 territorio
542 2540 753 2624 praesumptio
769 2547 819 2606 cst
832 2557 894 2624 pau
907 2537 1017 2625 judice
1029 2539 1201 2608 Ordinario
1217 2563 1225 2607 ι

106 2656 125 2713 «ι’
142 2656 248 2740 igitur
258 2655 339 2721 alius
352 2655 386 2720 in
401 2674 441 2720 eo
455 2653 622 2741 judicandi
641 2661 838 2740 potestatem
852 2655 975 2722 habere
989 2656 1226 2736 concreditur,

106 2800 126 2828 α
144 2772 210 2838 nisi
218 2770 456 2855 delegationem
468 2791 570 2852 suam,
585 2772 680 2839 editis
690 2772 782 2838 istius
792 2771 924 2850 litteris,
935 2771 1065 2856 probet.
1079 2775 1225 2855 Sacram,

108 2917 128 2944 ι
145 2888 225 2974 quia
240 2885 402 2971 delegatio
417 2895 467 2954 est
479 2886 559 2974 quid
571 2888 663 2973 facti;
681 2888 806 2954 facturn
821 2896 932 2954 autem
947 2888 1149 2972 regulariter
1162 2907 1230 2955 non

114 3035 132 3061 ι
148 3005 370 3089 presumitur,
385 3002 445 3070 sed
459 3004 593 3089 probari
610 3002 723 3070 debet.
751 3009 866 3084 Tertio,
894 3003 1075 3090 jurisdictio
1094 3004 1231 3090 qualitas

115 3151 131 3176 α
148 3126 201 3187 est
214 3138 286 3206 quae
298 3119 428 3198 homini,
442 3139 503 3186 nee
512 3140 531 3185 a
540 3127 667 3198 natura,
681 3138 741 3185 nec
750 3118 913 3185 ordinarie
928 3119 1024 3198 inest,
1037 3117 1097 3184 sed
1108 3119 1232 3186 uniant

117 3237 250 3303 «alteri
276 3244 463 3321 competere
481 3244 608 3321 potest;
634 3245 669 3303 et
691 3244 928 3321 consequenter
952 3244 1028 3302 ante
1051 3236 1157 3302 omnia
1172 3243 1232 3307 ,est

117 3350 332 3438 «probanda.
349 3353 430 3419 ilinc
449 3353 623 3419 sulubriter
637 3350 944 3431 mouentdoctores,
957 3358 996 3418 ut
1012 3353 1041 3417 is
1060 3371 1121 3436 pro
1135 3370 1232 3438 quoa

117 3500 131 3526 α
150 3469 303 3553 delegato
322 3470 419 3552 Papae
440 3470 504 3535 lata
521 3477 571 3535 est
588 3471 760 3549 sententia,
783 3478 850 3536 tam
878 3469 960 3535 hanc
980 3488 1078 3554 quam
1101 3469 1234 3554 delega-

117 3588 275 3653 «tionem
294 3606 353 3652 seu
376 3585 634 3651 commissionem
656 3587 726 3671 pari
744 3605 822 3652 cura
848 3584 1027 3670 custodiat3
1047 3592 1085 3652 ut
1108 3586 1136 3652 si
1159 3606 1234 3652 curn

117 3733 132 3760 ι
150 3712 302 3787 tempore
317 3722 417 3787 super
431 3701 548 3768 eadem
560 3722 656 3768 causa
674 3704 915 3779 conveniretur,
928 3709 995 3767 tam
1007 3704 1234 3768 sententiama

115 3846 131 3880 r
149 3820 304 3904 delegato
315 3821 425 3898 latam,
441 3838 538 3905 quam
555 3818 791 3904 delegationem
810 3818 919 3887 eidem
930 3819 1066 3896 tactam,
1086 3819 1232 3902 legitime

118 3967 132 3993 ι
149 3936 293 4023 probare
308 3937 420 4020 possit.
435 3964 449 3991 ι

157 4052 331 4138 Subiungit
350 4060 462 4119 tamen
485 4053 774 4138 Schmalzgrueber
794 4053 967 4119 nonnullas
985 4051 1029 4119 ad
1044 4051 1235 4135 predictam

113 4167 261 4251 regulam
294 4169 515 4250 exceptiones.
544 4168 738 4252 Delegatum
757 4185 874 4250 nempe
895 4167 936 4233 ab
960 4166 1136 4233 Ordinario
1155 4186 1236 4232 nou·

115 4283 262 4367 principe
277 4284 533 4348 commissionem
548 4303 639 4348 suam
660 4301 753 4367 posse
777 4301 839 4366 per
854 4290 957 4350 testes
973 4285 1126 4369 probare.
1151 4287 1235 4352 Item

110 4397 321 4484 ‘delegatusa
335 4400 433 4484 Papa,
443 4400 522 4467 licet
535 4403 715 4484 regulariter
730 4397 885 4466 exhibere
903 4399 1025 4468 debeat
1042 4403 1236 4488 rescriptum
