2714 4980
543 311 624 361 rans
646 314 804 362 saeuum.
1164 295 1220 360 501

111 445 276 522 potestate
300 439 542 516 secularium
567 443 675 503 autem
707 439 747 503 ab
775 438 1006 517 ecclesiastica,
1034 439 1134 505 creati
1158 437 1229 502 iue-

112 560 193 620 runt
206 555 334 620 notarii.

159 673 361 737 Prorostmo
380 673 420 736 1².
441 708 486 721 --
500 676 622 736 Certum
636 679 680 735 est
700 674 888 754 laicosposse
902 677 1045 736 incensis
1060 677 1151 735 ctiam
1169 677 1231 753 spi-

112 789 277 852 ritualibus
292 807 353 850 cssc
365 793 499 851 notarios
513 808 564 850 scu
577 790 781 851 cancellarios.
808 823 853 834 -—
868 787 907 853 ld
919 787 1052 872 quidem
1066 787 1142 852 olim
1155 805 1232 852 non-

112 901 198 966 nulli
213 903 383 965 canonista
404 909 613 985 negaverant.
643 905 684 968 At
702 923 789 968 nunc
808 905 1026 989 communiter
1043 910 1081 968 ut
1106 910 1233 969 certum

114 1015 312 1095 admittitur,
328 1022 362 1080 et
374 1036 445 1081 rem
461 1018 556 1101 plane
571 1020 726 1083 evincunt
744 1020 886 1084 rationes
902 1039 920 1082 a
934 1021 1084 1102 Fagnano
1103 1019 1207 1084 allatae
1223 1040 1230 1083 :

118 1135 229 1210 almo,
243 1132 360 1217 inquit,
377 1134 450 1198 laici
461 1143 596 1217 possunt
607 1155 677 1201 esse
689 1135 883 1200 tabelliones
898 1136 996 1201 etiam
1012 1135 1044 1198 in
1060 1136 1163 1199 causis
1175 1136 1235 1220 spi-

120 1280 134 1302 «
151 1249 323 1314 ritualibus
337 1257 371 1313 et
386 1251 623 1329 ecelesiasticis,
645 1259 682 1317 ut
695 1225 915 1334 scripsiplene
929 1252 962 1315 in
978 1260 1076 1335 caput
1096 1257 1236 1334 Quisquis

123 1395 137 1419 κ
156 1367 201 1451 (n.
221 1368 260 1431 19
278 1385 386 1449 supra,
402 1370 440 1429 cle
453 1366 630 1451 iterasset
648 1375 682 1432 et
697 1367 765 1432 hac
782 1375 832 1433 est
850 1369 919 1451 ipsa
933 1369 1064 1446 veritas,
1081 1376 1119 1432 ut
1133 1367 1238 1452 inquit

121 1480 270 1546 «Baldus
293 1481 338 1566 (in
364 1488 463 1563 caput
484 1487 685 1561 Deceruimus,
709 1503 741 1546 n.
766 1486 817 1561 15,
843 1502 951 1566 supra,
971 1489 1008 1547 dc
1026 1481 1180 1568 Iudiciis);
1204 1491 1238 1549 et

121 1628 135 1651 «
151 1596 216 1661 tuit
230 1597 338 1680 opinio
351 1597 601 1681 Compostellani
618 1605 652 1663 et
667 1599 803 1663 aliorum
822 1599 865 1685 (in
881 1608 979 1682 caput
1004 1605 1082 1680 (utic
1098 1607 1234 1683 propter,

122 1743 136 1766 κ
152 1717 190 1777 de
205 1711 382 1797 Eiectioac);
396 1733 493 1798 quam
509 1715 660 1797 pluribus
679 1715 880 1799 comprobat,
900 1723 934 1781 et
951 1715 992 1779 ab
1016 1715 1152 1800 objectis
1169 1723 1240 1780 tue-

122 1860 137 1885 «
151 1838 209 1895 tur
226 1828 390 1914 Abbas...;
416 1849 486 1915 quae
511 1833 608 1896 etiam
631 1839 783 1896 servatur
803 1831 845 1896 de
868 1829 1116 1908 consuetudine,
1138 1839 1176 1895 ut
1195 1831 1241 1895 fa·

123 1975 138 2000 «
154 1947 457 2011 tenturliostiensis
469 1954 502 2011 et
513 1949 654 2013 ioannes
669 1947 855 2012 Andreas...
873 1949 914 2012 lit
926 1965 1033 2030 nuper
1049 1965 1088 2010 ex
1106 1945 1240 2011 decreto

123 2061 416 2145 «congregationis
436 2081 456 2126 a
473 2063 677 2127 sanctissimo
703 2064 840 2128 Domino
866 2065 983 2128 Nostro
1006 2062 1194 2128 Innocentio
1213 2061 1241 2125 Χ

125 2208 138 2231 «
152 2176 322 2259 ablegatus
338 2183 389 2241 est
404 2178 615 2242 cancellarius
632 2177 731 2242 laicus
745 2177 785 2242 ad
800 2179 921 2242 curiam
933 2176 1174 2260 Archiepiscopi
1186 2177 1243 2241 Be·

125 2323 140 2347 «
155 2293 342 2359 neventani.
361 2294 502 2357 Demum
513 2292 622 2377 quoad
639 2293 702 2357 hoc
714 2313 843 2359 omnem
859 2292 1095 2358 dubitationem
1112 2292 1243 2357 sustulit

126 2410 327 2474 «concilium
341 2408 564 2474 Tridentinum
576 2409 693 2495 (capite
709 2413 760 2488 10,
775 2410 923 2476 sessionis
940 2406 993 2493 22)
1006 2428 1071 2493 quo
1083 2407 1243 2474 tribuitur

126 2555 141 2579 «
156 2526 297 2591 facultas
310 2525 476 2609 Episcopis
486 2527 583 2590 etiam
593 2533 748 2610 tanquam
764 2526 855 2591 Sedis
866 2525 1056 2610 Apostolicae
1072 2524 1240 2609 delegatis,

125 2674 140 2698 «
155 2642 362 2708 examinandi
375 2660 595 2727 quoscumque
611 2644 763 2720 notarios,
783 2643 907 2707 etiamsi
920 2640 1117 2726 apostolica,
1139 2642 1243 2724 impe·

128 2791 142 2814 «
157 2760 241 2838 riali,
259 2767 315 2824 aut
333 2761 421 2843 regia
432 2754 627 2824 auctoritate
646 2760 749 2824 creati
761 2759 895 2835 fuerint,
920 2759 1030 2844 eisque
1046 2760 1152 2831 minus
1175 2757 1245 2824 ido-

126 2903 141 2936 «
157 2878 227 2943 neis
241 2877 381 2960 repertis
393 2885 450 2941 aut
468 2878 501 2940 in
513 2875 615 2941 officio
627 2875 903 2960 delinquentibus
915 2873 1109 2958 prohibendi
1121 2876 1155 2938 in
1170 2893 1245 2958 per-

130 3025 143 3047 «
159 3001 297 3077 petuam
316 3000 372 3058 aut
392 2993 432 3057 ad
441 2999 573 3076 tempus
583 2992 675 3056 officii
690 2992 761 3077 ejus
772 3010 866 3056 usum
883 2993 916 3055 in
932 2993 1079 3075 negotiis
1091 2991 1203 3057 litibus
1213 2999 1246 3057 et

131 3110 263 3175 «causis
282 3109 505 3174 ecclesiasticis
533 3129 570 3173 ac
595 3109 825 3192 spiritualibus
855 3109 941 3191 Ergo
965 3114 1073 3173 sancta
1104 3108 1247 3193 synodus

130 3257 144 3281 «
156 3225 331 3292 evidenter
352 3226 506 3308 supponit
528 3226 672 3291 notarios
687 3224 846 3309 imperiali
867 3225 920 3289 vel
946 3225 1034 3308 regia
1052 3225 1245 3290 auctoritate

131 3349 298 3421 «creatos,
317 3349 350 3406 et
367 3342 413 3405 sic
428 3342 535 3419 laicos,
559 3349 635 3405 ante
652 3341 904 3424 prohibitionem
924 3342 1073 3426 Episcopi
1085 3360 1177 3426 posse
1187 3342 1248 3406 hu·
1294 3335 1296 3337 ’

131 3457 299 3545 «jusmodi
316 3459 454 3524 officium
484 3478 657 3535 exercere,
678 3459 776 3523 etiam
796 3459 829 3522 in
848 3459 1071 3542 spiritualibus
1091 3468 1125 3524 et
1148 3459 1248 3524 ecele-

132 3576 302 3652 «siasticia
321 3595 395 3639 cum
409 3577 548 3660 privatio
560 3581 720 3658 supponat
732 3574 878 3640 habitum
892 3594 898 3637 :
911 3576 1050 3660 alioquin
1063 3594 1159 3658 poena
1175 3594 1248 3639 con-

132 3719 146 3743 «
161 3687 227 3752 cilii
240 3695 326 3752 esset
336 3687 554 3754 frustratoria.
569 3690 664 3765 Item,
682 3707 722 3751 ex
737 3687 824 3751 dieto
835 3690 940 3770 capite
953 3688 1017 3774 (10,
1032 3687 1178 3753 sessionis
1192 3684 1246 3770 m)

134 3805 209 3870 «ita
225 3802 358 3868 demum
374 3805 494 3868 notarii
512 3804 679 3890 prohiberi
693 3810 828 3886 possunt
843 3801 946 3868 officio
961 3803 1010 3867 uti
1030 3804 1064 3866 in
1075 3802 1249 3885 spirituali-

133 3952 146 3974 «
162 3921 226 3985 bus
240 3927 274 3983 et
289 3920 528 3999 ecclesiasticis
544 3922 571 3985 si
591 3920 712 4004 pravio
732 3919 878 3985 examine
900 3918 1108 4002 reperiantur
1123 3918 1249 3983 inhabi-

133 4037 211 4101 «les
225 4043 281 4101 aut
302 4036 336 4099 in
352 4035 454 4101 officio
475 4034 702 4120 delinquentes
720 4058 726 4100 :
744 4054 822 4118 ergo
840 4035 965 4099 caeteris
980 4032 1042 4098 hoe
1056 4033 1249 4116 intelligitur

135 4183 148 4207 a
165 4150 369 4235 permissum.
390 4153 431 4215 Et
444 4172 483 4218 eo
501 4154 613 4236 magis,
630 4153 704 4237 quia
719 4171 792 4216 cum
807 4150 987 4216 dubitasset
1000 4150 1175 4233 Episcopus
1189 4149 1249 4215 Re·

136 4300 150 4323 «
165 4271 357 4345 cariatensis,
377 4289 418 4333 an
441 4289 481 4333 ex
503 4271 649 4335 sessionis
672 4272 724 4346 22,
752 4270 857 4352 capite
890 4271 940 4344 10,
960 4273 1035 4332 Carra
1060 4289 1098 4330 ccc
1116 4273 1247 4330 notario-

136 4416 150 4443 «
164 4406 243 4464 rum,
262 4392 341 4462 etc,
354 4386 398 4450 ibi
416 4407 422 4451 :
441 4393 542 4452 Possit
558 4393 720 4474 Episcopus
733 4390 798 4450 iliis
811 4408 871 4450 aon
885 4389 999 4451 idoneis
1014 4393 1150 4473 repertis,
1165 4380 1244 4461 ete..
