2714 4980
438 367 442 377 .
554 333 634 384 PARS
656 332 771 382 PRIMA.

561 617 695 688 uirus
717 623 759 688 Π.

545 891 590 938 nit
606 891 770 941 susumus.

140 1159 297 1242 Qumsno
323 1163 365 1224 1·.
390 1194 437 1209 -
459 1161 589 1240 Quinem
602 1160 644 1223 ad
658 1160 814 1240 fercodm
835 1166 868 1225 tn
880 1165 999 1244 judicio
1018 1168 1217 1226 testimonium

96 1281 165 1360 opti
177 1280 251 1339 sint.
273 1311 319 1325 -
338 1278 370 1339 10
393 1276 449 1341 Est
467 1282 558 1340 certa
572 1282 606 1340 et
621 1275 663 1341 nb
676 1276 825 1341 omnibns
845 1284 980 1361 recepta
994 1277 1153 1362 generalis
1166 1295 1219 1344 re-

96 1389 186 1478 gula,
200 1389 370 1456 testificari
391 1408 485 1474 posse
509 1409 621 1457 omues
643 1392 782 1476 quinon
808 1399 884 1457 snut
910 1411 929 1457 a
950 1391 1025 1478 jure
1051 1393 1215 1477 prohibiti.

99 1501 196 1591 (mue
212 1502 513 1586 Schmnlzgrueber,
528 1502 561 1566 in
576 1504 627 1567 tit.
646 1506 699 1581 20,
717 1503 793 1568 libri
807 1506 827 1568 2
844 1503 983 1582 decret,
1001 1524 1034 1569 n.
1050 1502 1098 1588 2.)

142 1621 180 1686 2⁰
203 1617 316 1704 Ajure
328 1617 544 1701 prohibentur
554 1619 669 1684 furiosi
683 1617 787 1706 (ibid,
804 1638 838 1683 n.
857 1616 902 1702 2).

142 1739 180 1803 30
202 1736 287 1801 Item
300 1733 500 1818 impuberes.
517 1734 555 1799 Iu
569 1734 674 1800 causis
688 1741 796 1799 tamon
811 1734 1031 1800 criminalibus
1045 1738 1219 1804 examinari

96 1852 221 1936 solent;
248 1850 307 1916 sed
325 1857 404 1915 tunc
428 1849 587 1934 depositio
610 1849 787 1933 impuberis
801 1868 863 1933 per
880 1850 1035 1916 sesolnm
1053 1870 1119 1915 nou
1140 1850 1219 1917 tacit

96 1966 321 2049 semi-plenam
335 1965 572 2050 probationem,
588 1965 735 2050 quumvis
746 1984 817 2031 esse
829 1965 928 2050 possit
944 1965 1039 2031 valde
1053 1966 1141 2031 utilis
1151 1974 1219 2031 tau·

96 2103 197 2174 quam
214 2082 372 2149 iudicium
384 2082 427 2149 ad
445 2080 662 2167 indagandam
685 2083 857 2149 veritatem
875 2081 979 2170 (ibid,
1000 2103 1034 2148 n.
1052 2081 1099 2167 6).

142 2205 179 2270 40
202 2201 300 2280 Coeci,
327 2219 454 2266 necnon
479 2199 668 2266 surdi-muti
684 2198 790 2287 (ibid,
806 2220 841 2265 n.
860 2198 906 2285 7).
921 2198 986 2266 Sed
1004 2201 1047 2267 de
1063 2200 1112 2267 his
1129 2200 1217 2268 idem

95 2318 216 2387 saltem
229 2316 363 2384 videtur
378 2315 553 2384 dicandum
566 2334 604 2382 ac
616 2314 659 2383 de
674 2315 898 2400 impuberibus
912 2315 1021 2401 mroad
1035 2337 1147 2384 causas
1156 2317 1218 2383 cri·

95 2435 244 2505 minues.

144 2554 179 2616 50
202 2551 344 2617 Pecunia
362 2551 510 2634 corrupti
527 2547 632 2637 (ibid,
655 2569 688 2616 n.
714 2546 780 2634 11).

141 2669 180 2734 60
202 2667 354 2744 hiemes,
383 2674 454 2731 tum
479 2665 609 2731 iufamia
633 2664 726 2750 juris,
750 2672 822 2730 tum
847 2665 978 2732 infamia
1008 2666 1088 2734 facti
1109 2668 1215 2755 (ibid,

95 2803 130 2850 u.
146 2781 219 2868 16);
235 2788 344 2867 potest
356 2789 591 2848 tameueorum
603 2782 824 2848 testimouium
835 2782 869 2847 in
884 2783 989 2848 causis
999 2783 1219 2852 criminalibus

95 2899 214 2984 recipi,
239 2899 268 2964 si
288 2897 323 2965 id
346 2899 429 2964 utile
451 2896 620 2983 videatur3
642 2898 689 2963 ita
710 2905 821 2963 tamen
840 2904 879 2962 ut
899 2895 999 2964 fidem
1020 2918 1087 2964 nou
1106 2899 1215 2979 iaciat,

95 3016 176 3103 quin
187 3016 270 3082 tales
279 3022 381 3081 testes
394 3034 459 3081 nou
474 3024 550 3081 suut
564 3016 651 3082 omni
662 3016 855 3099 exceptione
872 3013 1023 3099 majores.

98 3144 101 3149 '
145 3135 180 3200 70
202 3131 384 3215 criminosi3
402 3131 520 3217 quibus
534 3150 654 3215 nempe
678 3149 778 3214 grave
797 3131 921 3196 crimen
940 3138 1066 3214 aparte
1081 3128 1218 3199 adversa

95 3247 262 3335 objicitur,
280 3248 357 3314 etin
370 3245 493 3331 judicio
510 3248 670 3331 probatur
685 3246 790 3331 (ibid,
810 3267 843 3312 u.
870 3245 935 3331 18).

142 3369 178 3434 80
201 3365 265 3449 Qui
282 3365 385 3431 hicet
402 3384 490 3430 nuuc
512 3372 561 3430 est
584 3372 754 3430 accusatus
769 3365 824 3431 vel
838 3365 1009 3449 inquisitus
1024 3364 1067 3432 dc
1084 3368 1217 3434 crimine

95 3482 201 3568 gravi,
224 3489 258 3547 et
269 3479 362 3567 cujus
375 3499 471 3546 causa
486 3480 592 3546 adhue
605 3479 728 3566 pendet
749 3479 853 3566 (ibid,
874 3500 909 3545 n.
925 3479 993 3565 21).

95 3652 99 3659 .
143 3598 332 3685 9⁰'Perjuri
347 3597 452 3687 (ibid,
469 3619 503 3664 n.
517 3596 584 3683 24).

145 3719 201 3784 100
224 3716 501 3783 Excommuuicati
532 3716 862 3783 excommunicatione
887 3714 1009 3801 majore
1032 3739 1038 3782 :
1059 3733 1135 3781 oum
1156 3717 1217 3783 hoc

95 3834 294 3913 discrimine,
311 3833 473 3919 qnodoon
486 3837 647 3898 toleratum
661 3833 764 3900 debet
776 3833 880 3919 judex
891 3834 1021 3901 omniuo
1035 3834 1214 3918 repellerc;

96 3957 259 4021 toleratum
271 3971 352 4018 vero
365 3972 429 4020 uon
447 3951 508 4018 nisi
522 3951 660 4019 adversa
673 3972 748 4037 pars
763 3952 1101 4018 excommnuicationis
1125 3969 1217 4016 exce

96 4070 243 4155 ptiouem
256 4076 400 4153 opponat
414 4066 518 4155 (ibid,
534 4088 567 4133 u.
587 4065 655 4153 16).

145 4188 201 4251 110
224 4184 374 4251 Personae
397 4183 494 4252 valde
516 4203 679 4269 pauperes
702 4193 736 4250 ct
754 4186 847 4251 viles.
869 4184 993 4252 «Ratio
1011 4192 1061 4250 est
1080 4184 1156 4271 quia
1174 4184 1216 4253 de

99 4301 181 4368 «his
189 4308 300 4385 potest
318 4320 388 4367 esse
402 4302 540 4386 suspicio
554 4299 643 4387 quod
657 4302 794 4386 pecunia
811 4301 907 4368 facile
922 4307 1174 4388 corrumpantur
1197 4333 1211 4358 a

94 4415 342 4507 (autumes).
