2714 4980
134 319 198 382 21⁴
484 337 672 384 messapus
695 336 740 383 nn
761 337 911 386 musclis.

175 463 207 525 2.
233 459 329 525 Valet
341 460 478 545 quilibet
489 479 679 527 consensum
693 461 897 546 exprimendi
911 463 1040 542 modus,
1054 482 1121 550 quo
1136 482 1236 550 pmcn·

13 563 15 567 ’
130 581 221 643 rator
234 574 430 640 sufficienter
442 577 547 659 palam
556 576 635 641 facit
644 597 679 642 se
691 579 820 643 litteras
832 580 1074 661 procuratorias
1087 581 1233 664 accipere:

130 693 228 758 immo
244 692 320 756 satis
334 698 382 756 est
397 698 434 756 ut
454 693 510 776 qui
522 693 665 758 scienter
678 695 803 777 recepit
817 693 1005 778 hujusmodi
1023 695 1159 773 litteras,
1172 714 1236 779 pro·

131 806 340 870 testationem
358 807 392 869 in
408 807 605 871 contrarium
622 828 688 873 non
709 809 864 874 emiserit.
884 808 981 890 Quod
996 816 1125 875 constat
1143 831 1180 876 ox
1196 831 1236 876 ca-

131 922 200 1005 pite
214 925 418 986 Instrumenta
436 923 480 1008 (l,
499 923 587 988 tituli
610 926 660 1000 10,
678 923 754 988 libri
773 926 785 987 l
810 920 1112 1007 clementinorum),
1129 943 1188 1008 quo
1201 926 1236 989 sio

130 1037 164 1100 in
181 1037 314 1102 concilio
326 1038 501 1101 Viennensi
518 1057 536 1101 a
553 1037 713 1102 Clementi
727 1038 756 1103 V
769 1035 940 1101 decretum
954 1036 1035 1101 fuit:
1051 1039 1238 1102 Instrumenta

129 1154 178 1214 uel
188 1155 310 1226 liriorta,
323 1155 428 1233 quibus
441 1160 468 1215 te
479 1155 591 1234 aliquis
603 1158 636 1216 ia
643 1159 741 1215 causis
752 1158 816 1214 suis
820 1153 1047 1234 procuratorem
1056 1160 1232 1233 constituens,

125 1287 184 1350 pro
197 1276 225 1330 te
241 1269 341 1330 debito
359 1270 446 1330 modo
463 1273 555 1347 cavit,
583 1246 760 1350 simpliciter
781 1267 878 1353 (uuila
893 1271 976 1348 sacto
989 1265 1236 1352 protestatione)a

131 1387 301 1444 recedenter
321 1388 455 1464 receptis,
474 1402 534 1445 aaa
550 1390 636 1463 potes
649 1389 755 1464 postea
773 1401 909 1445 recusare
929 1384 1130 1462 defensionem
1144 1385 1235 1445 illius:

129 1503 189 1560 imo
208 1503 273 1578 rope·
282 1503 399 1578 poteris
416 1503 515 1578 ipsum
539 1500 698 1578 defendere
717 1503 751 1560 s'u
769 1500 903 1560 omuibus
918 1503 1018 1559 cauus
1032 1504 1062 1560 et
1073 1500 1235 1579 aepulitsod

128 1631 195 1694 pua
206 1615 352 1693 praedicta
373 1619 574 1674 iustrumenta
590 1632 641 1674 seu
660 1614 770 1674 litterae
790 1631 821 1674 se
832 1613 1024 1674 extendunt:
1039 1631 1107 1674 cum
1124 1631 1176 1694 per
1187 1611 1234 1674 aar

129 1728 285 1790 adomnia
300 1736 384 1791 tuum
394 1733 576 1809 praestitisse
591 1729 724 1790 ridearis
738 1746 904 1790 assensum.

173 1845 205 1908 3.
228 1843 427 1908 Procurator
443 1843 595 1908 constitui
611 1849 730 1925 potest,
751 1862 816 1907 non
837 1849 966 1907 tantum
991 1841 1035 1908 ad
1060 1848 1227 1927 praesentes,

128 1956 298 2024 sedetiam
310 1956 353 2023 ad
367 1959 592 2035 futuraslites‚
607 1955 701 2042 juxta
714 1956 767 2042 jus
779 1958 959 2023 Romanum
973 1958 1008 2045 (l.
1026 1961 1059 2036 3,
1080 1957 1113 2024 ff.
1129 1961 1165 2022 de
1175 1960 1229 2022 ea

127 2071 339 2158 curatoribus),
364 2076 397 2138 in
413 2075 629 2139 ecclesiastico
650 2073 723 2139 foro
737 2070 846 2158 quoad
858 2074 920 2139 hoc
933 2081 1118 2158 receptum.
1135 2069 1227 2139 Itsde

127 2195 235 2254 utores
251 2190 480 2254 communiter.
1111 2255 1115 2262 ,

172 2306 205 2370 4.
221 2305 431 2372 Procuratori
444 2307 561 2370 actoris
575 2309 757 2388 repuleriter
768 2305 986 2371 necessarium
999 2312 1050 2370 est
1063 2302 1224 2370 mandatam
1264 2280 1267 2379 ,

122 2419 322 2503 legitimam:
340 2439 405 2504 qno
418 2423 444 2484 si
460 2429 581 2498 careat,
599 2429 794 2505 procurator
808 2419 909 2484 falsus
924 2420 958 2483 in
972 2419 1049 2505 jare
1065 2419 1223 2496 dicituro)

126 2533 168 2599 ab
193 2552 233 2598 eo
255 2542 345 2618 gesta
363 2537 396 2599 in
414 2534 535 2620 jndicio
559 2544 635 2601 sunt
657 2537 787 2601 omnino
808 2536 912 2600 irrita.
937 2534 1072 2601 Constat
1088 2535 1185 2618 capite
1199 2533 1225 2596 la

124 2658 228 2714 nostra
244 2651 287 2737 (4,
306 2652 394 2716 tituli
412 2655 466 2731 38,
482 2653 559 2718 libri
576 2653 588 2717 l
609 2649 848 2736 decretalium),
865 2652 901 2716 in
925 2670 991 2736 quo
1008 2651 1156 2718 videmus
1173 2647 1224 2716 nn

126 2771 198 2831 tum
213 2765 374 2832 declarari
388 2769 430 2833 ab
449 2769 642 2834 Innocentio
662 2770 711 2835 III
726 2767 886 2854 judicium
904 2768 1083 2852 quoddam,
1106 2787 1144 2835 oo
1160 2759 1224 2852 quod

126 2890 356 2963 procuratores
375 2885 492 2948 actoris
511 2883 578 2968 jam
591 2884 632 2948 ab
649 2892 760 2951 actore
780 2885 926 2949 revocati
938 2883 1087 2950 fuissent·
1099 2890 1169 2949 ante
1180 2876 1224 2946 lits

129 2994 378 3082 discussionem3
396 3019 433 3063 ac
445 2997 582 3082 proinde
597 2999 669 3064 falsi
680 3008 909 3082 procuratores
930 2999 1125 3065 extitissent.
1264 3022 1267 3101 1

174 3115 205 3177 5.
220 3114 368 3179 Diximus
383 3117 565 3196 seculariter
580 3116 799 3181 necessarium
815 3133 886 3180 esse
904 3120 942 3180 ut
960 3121 1154 3198 procurator
1165 3115 1224 3179 acto
1264 3106 1267 3187 )

127 3229 173 3293 ris
187 3226 306 3294 habeat
321 3228 512 3295 mandatum
526 3227 728 3313 legitimum:
744 3249 819 3294 nam
838 3228 979 3295 adhunc
994 3231 1141 3314 regulam
1153 3241 1224 3312 gene
1265 3198 1267 3325 ξ

129 3342 231 3408 rolem
245 3345 355 3427 plures
373 3344 496 3411 dantur
512 3347 738 3429 exceptiones:
758 3363 889 3429 nempe,
1264 3333 1267 3385 Ῑ

173 3462 290 3523 Primo.
309 3484 324 3521 a
336 3461 368 3524 Si
389 3460 539 3526 dominus
554 3479 696 3544 praesens
715 3467 750 3526 et
765 3462 870 3526 sciens
890 3480 949 3526 sno
969 3461 1101 3526 nomine
1114 3438 1224 3544 adonem

132 3573 325 3660 «injudicio
341 3577 554 3655 contendere,
570 3577 660 3642 istud
677 3577 801 3660 patitur
813 3599 821 3660 ;
835 3577 910 3663 quia
923 3576 982 3642 tali
998 3575 1148 3643 dominus
1160 3587 1223 3641 man·
1265 3614 1267 3669 3

134 3690 256 3758 adosse
272 3692 405 3759 videtur
426 3694 460 3780 (l.
482 3699 542 3775 Qui
558 3699 681 3777 potitur
696 3696 748 3771 18,
770 3693 804 3759 ff.
824 3691 962 3778 mand.)
984 3684 1224 3771 secuudusitalil
1265 3702 1267 3735 ²

133 3833 150 3869 «
166 3810 206 3874 sit
217 3812 274 3896 qui
284 3830 395 3875 causas
406 3819 549 3876 tractare
563 3812 742 3888 consuevit,
760 3819 794 3876 et
806 3830 916 3876 secum
926 3809 1028 3876 habet
1038 3807 1224 3876 instrumenta

134 3950 150 3985 «
165 3927 234 3992 sive
255 3935 328 3992 acta
348 3927 448 4010 ipsius
472 3945 596 4010 causae3
612 3928 687 4011 qaia
710 3926 779 3992 haec
798 3927 1087 4011 praesumptionem
1109 3915 1225 3992 mandati

135 4064 151 4101 a
166 4040 304 4107 fundant
330 4042 446 4128 (capite
469 4047 578 4107 Coram
599 4043 653 4119 34,
675 4045 712 4106 de
733 4043 838 4122 Officio
858 4038 982 4126 deleo).
1006 4047 1119 4123 Tertio,
1141 4041 1165 4106 si
1182 4035 1226 4102 sint

136 4178 152 4215 «
166 4165 332 4222 consortes
351 4156 499 4242 ejusdem
513 4159 578 4222 litis
590 4179 597 4241 ;
611 4177 685 4222 nam
702 4157 735 4222 hi
748 4176 809 4242 pro
820 4177 855 4222 se
872 4158 1012 4222 inuicem
1024 4159 1122 4224 etiam
1134 4155 1227 4238 alasque

137 4295 153 4331 a
169 4271 320 4340 mandato
330 4275 363 4338 in
373 4273 496 4359 judicio
507 4283 642 4358 possunt
654 4293 752 4359 agere
770 4275 802 4361 (l.
816 4278 976 4339 Commune
990 4277 1022 4353 2,
1040 4293 1070 4342 c.
1085 4279 1122 4340 de
1133 4277 1229 4340 cusu·

139 4409 154 4446 a
171 4389 249 4448 tibus
260 4393 389 4468 ejusdem
402 4388 490 4474 litis).
506 4396 630 4471 Quarto,
654 4392 680 4455 si
696 4392 758 4454 sint
778 4408 924 4473 personae
938 4390 1130 4475 conjuncta,
1144 4384 1229 4474 qual&
