2714 4980
187 277 229 340 80
537 286 724 333 TRAGTATUS
746 287 791 333 DE
812 285 960 334 tumens.

184 415 312 502 juntas
327 422 363 481 et
381 413 508 479 caeteris
526 411 720 478 veritatibus
738 411 915 479 miallibilis
934 419 1007 489 est,
1029 410 1091 477 hoc
1108 410 1180 494 ipso
1196 409 1298 493 perti-

185 540 243 600 net
258 531 400 609 edicere,
420 536 455 596 et
466 549 537 616 quae
552 550 610 596 sua
626 529 689 595 sint
700 528 787 614 jura,
800 536 835 594 et
849 547 920 614 quae
935 529 1086 613 aliorum3
1107 547 1144 593 aa
1158 525 1298 612 proinde

185 646 397 731 pronuntiare
425 665 466 710 an
498 642 621 728 aliquid
641 643 682 708 sit
704 643 770 708 fori
793 643 856 722 sui,
887 663 929 707 an
953 662 1034 709 vero
1060 641 1209 707 alterius.
1231 642 1297 707 Hac

184 766 284 848 porro
299 763 513 847 prerogativa
534 762 656 846 gaudet
686 760 919 840 ecclesiastica,
938 780 1003 827 non
1016 760 1176 828 saecularis
1189 766 1297 845 potes

182 888 242 948 tas.

185 1010 189 1017 '
228 999 394 1064 Praeterea
416 1014 462 1063 eae
483 1014 585 1062 cansae
603 994 646 1062 ad
667 994 916 1060 ecclesiasticum
939 994 1047 1060 lorum
1062 992 1243 1077 pertinent,
1261 1001 1297 1059 ut

185 1112 310 1186 dictum
322 1116 371 1177 est
383 1129 492 1194 supra,
510 1128 590 1194 quas
603 1108 665 1174 sibi
679 1106 849 1192 subjacere
864 1126 926 1191 per
939 1106 1140 1192 disciplinam
1154 1113 1190 1171 et
1201 1105 1296 1194 legis

183 1230 337 1296 lationem
367 1246 457 1293 suam
481 1227 666 1310 generalem
696 1223 875 1291 declaravit
905 1231 939 1290 et
967 1224 1103 1291 sancivit
1134 1225 1293 1309 Ecclesia,

184 1347 305 1432 quippe
322 1363 393 1430 quae
411 1343 541 1427 legibus
558 1344 623 1409 suis
643 1341 879 1408 universalibus
897 1350 932 1407 et
950 1340 1151 1425 disciplinam
1167 1341 1296 1409 univer

181 1464 282 1531 salem
294 1460 575 1538 constituentibus,
590 1477 754 1545 nunquam
768 1463 877 1542 potest
891 1457 1012 1543 aliquid
1026 1478 1213 1539 erroneum,
1227 1459 1294 1525 sive

180 1579 337 1666 injustum
360 1587 395 1645 et
412 1596 550 1662 pravum
568 1577 759 1643 decernere.
780 1578 884 1641 Porro
908 1595 1038 1642 causam
1051 1576 1157 1657 illam,
1184 1584 1294 1642 utrum

179 1715 297 1779 nempe
312 1694 417 1779 aliqua
432 1712 528 1759 causa
546 1692 722 1777 spirituaIIs
735 1693 776 1758 sit
794 1712 836 1756 an
846 1692 1043 1776 temporalis,
1066 1711 1130 1758 suae
1143 1691 1294 1778 jurisdic-

178 1813 258 1879 tioni
277 1810 454 1877 vindicavit
472 1809 614 1875 Ecclesia
629 1809 702 1892 lege
722 1808 908 1886 universali,
928 1807 1044 1888 idest,
1067 1811 1174 1894 capite
1195 1815 1232 1877 Si
1244 1816 1294 1895 jn

178 1920 239 1993 dea
262 1931 313 2008 12,
335 1931 372 1993 de
391 1932 547 1994 Sententia
562 1932 822 2006 excommunicat,
840 1926 907 1992 ind
927 1947 934 1991 ε
951 1926 999 1991 ihi
1017 1926 1103 1991 enim
1123 1927 1233 2011 agitur
1252 1927 1292 1995 de

179 2043 387 2111 malefactore
415 2051 531 2128 capto,
554 2044 610 2127 qui
628 2061 662 2107 se
686 2041 766 2107 dicit
784 2042 957 2121 clericum,
979 2049 1012 2107 et
1034 2041 1075 2107 de
1103 2061 1168 2128 quo
1186 2044 1293 2111 adhuc

178 2159 340 2226 incertum
353 2165 403 2224 est
415 2167 526 2223 utrum
542 2177 658 2223 revera
677 2157 815 2223 clericus
828 2157 880 2221 sit.
902 2157 1059 2223 Decernit
1075 2164 1187 2224 autem
1201 2161 1294 2227 Boni-

178 2276 280 2343 facius
290 2277 367 2342 v111
378 2295 453 2341 eum
472 2274 514 2342 ad
525 2275 667 2341 mibanal
678 2274 939 2355 ecclesiasticum,
956 2295 1020 2341 non
1035 2278 1201 2359 saecadare,
1222 2300 1292 2348 esse

177 2392 374 2460 trahendum
394 2413 401 2458 ε
422 2395 471 2457 Aci
485 2395 619 2476 jndicem
642 2394 881 2472 ecelesiasticam,
902 2397 974 2474 qnia
992 2395 1030 2456 de
1048 2414 1080 2456 re
1093 2397 1292 2462 anastasiae

177 2516 207 2573 et
220 2512 431 2594 spirituali...,
446 2514 574 2590 capnitio
583 2511 756 2592 pertinebit.

221 2625 356 2693 Accedit
372 2626 550 2691 communis
566 2625 739 2692 doctorum
759 2625 993 2692 catholicorum
1007 2630 1179 2711 sententia,
1195 2651 1291 2719 qnam

178 2744 254 2811 satis
272 2750 414 2810 testatur
432 2743 494 2809 hoc
517 2741 613 2809 modo
637 2742 958 2827 Schmalzgrueber:
992 2775 1006 2801 a
1030 2746 1211 2815 Dicendum
1230 2749 1291 2816 hoc

182 2891 197 2917 ι
214 2879 290 2927 casu
313 2861 511 2928 decisionem
532 2861 575 2927 ad
595 2859 740 2946 judicem
768 2861 1018 2927 ecclesiasticum
1034 2866 1201 2947 pertinere
1222 2870 1290 2935 :ita

181 3008 195 3037 κ
213 2979 464 3046 Cavarrnvias...
483 2981 628 3046 Marta...
645 2978 793 3057 Oliva...‚
815 2986 860 3058 et,
883 2979 943 3046 hoc
957 2988 1052 3059 teste,
1067 2985 1295 3067 receptissima>

180 3095 342 3162 «traditio
365 3095 519 3160 omnium.
540 3094 684 3160 sumitur
706 3096 792 3161 clare
812 3116 853 3162 ex
876 3097 981 3180 capite
1007 3102 1043 3163 Si
1054 3103 1156 3184 μάθω
1184 3103 1237 3183 12,
1254 3107 1290 3169 dc

181 3241 194 3268 α
212 3217 366 3278 Sententia
380 3217 704 3293 excommunicationis,
724 3213 758 3279 in
776 3216 808 3293 6,
825 3214 870 3279 ibi
883 3235 889 3280 :
903 3222 974 3297 qnia
992 3219 1030 3280 de
1046 3237 1079 3280 ne
1093 3221 1289 3285 ecclesiastica

181 3332 416 3412 «respiratura.
439 3329 533 3394 Ratio
547 3336 597 3394 est
611 3332 686 3413 quia
700 3329 801 3415 judex
818 3333 980 3398 saecularis
995 3332 1172 3419 judicando
1191 3336 1235 3402 de
1252 3358 1288 3405 re

180 3446 370 3530 «spirituali
388 3447 518 3513 excedit
535 3447 656 3512 limites
671 3467 736 3514 suae
759 3452 931 3533 potestatis
952 3475 958 3518 :
978 3472 1042 3517 non
1060 3453 1190 3520 excedit
1207 3456 1290 3522 limi·

180 3591 194 3618 «
209 3568 260 3629 tes
278 3582 343 3629 suae
356 3565 525 3648 potestatis
538 3562 641 3648 judex
655 3565 892 3632 ecclesiasticus
904 3566 1081 3652 judicando
1097 3568 1141 3635 de
1154 3589 1191 3637 re
1206 3579 1290 3639 tem-

180 3679 331 3763 ·‹porali3
355 3698 430 3744 nam
450 3679 502 3746 hic
526 3700 591 3746 non
618 3688 668 3745 est
688 3681 823 3764 incapax
841 3681 1072 3766 jurisdictionis
1087 3688 1287 3770 temporalis,

180 3824 195 3852 ι
210 3797 294 3860 sicut
311 3802 420 3861 tamen
435 3797 491 3862 ille
510 3805 559 3863 est
577 3798 712 3881 incapax
730 3795 961 3882 jurisdictionis
984 3802 1171 3885 spiritualis.
1192 3803 1291 3891 Atqui

180 3912 357 3997 «periculo
377 3913 423 3978 sic
451 3912 634 3979 excedendi
659 3913 778 3979 limites
804 3917 974 3999 potestatis
993 3937 1057 3983 sua
1076 3937 1110 3984 se
1130 3918 1291 4005 objiceret

164 4033 194 4086 ἰ
207 4027 310 4113 judex
332 4029 505 4108 saecularis,
528 4031 556 4095 si
575 4028 750 4115 judicaret,
771 4032 903 4116 quando
918 4031 1055 4100 dubium
1072 4042 1121 4101 est
1136 4057 1178 4102 an
1188 4057 1290 4105 ,causa

178 4172 193 4200 α
209 4143 250 4209 sit
265 4144 441 4228 spiritualis
463 4166 470 4209 :
491 4163 566 4210 nam
588 4144 675 4210 forte
695 4146 868 4228 spiritualis
889 4156 939 4214 est
962 4170 968 4215 :
994 4168 1084 4234 ergo.
1105 4180 1120 4208 υ
1146 4153 1196 4240 (Iu
1208 4156 1290 4223 titu-

172 4261 242 4327 lum
259 4265 271 4326 l
289 4263 477 4339 detonans,
493 4261 569 4327 libri
586 4265 605 4327 2
622 4260 847 4344 decretalium,
867 4271 902 4330 n⁰
918 4265 985 4351 55.)

141 4420 158 4443 .
217 4380 416 4445 ΡιιοΡοειΤιο
429 4379 496 4444 lto.
515 4415 561 4429 -
575 4384 678 4445 Potest
697 4384 801 4472 laicus,
819 4404 859 4447 en
873 4387 1058 4466 dctepatione
1079 4392 1197 4455 Samni
1210 4396 1289 4459 Pon-
