2714 4980
523 352 603 402 usus
624 353 739 402 rarus.
1125 338 1188 403 mo

71 475 141 537 ode
156 471 312 559 Iudiciis);
331 472 420 542 unde
440 477 622 561 presertim
637 477 671 542 in
684 476 769 542 libro
782 475 896 562 qrrinto
914 473 1128 543 decretalium
1143 474 1187 544 de

70 591 200 657 «vanis
208 591 394 659 criminibus
403 611 464 677 per
474 595 652 662 Ecclesiam
659 592 833 679 puniendis
840 598 1014 660 tractatur.
1026 592 1075 660 Ex
1082 594 1187 661 altera

70 730 88 771 a
99 727 182 775 vero
195 716 290 793 parte
298 708 395 777 hodie
400 713 545 796 puroque
555 711 799 785 criuduaetiam
809 710 991 794 puniuntur
1000 710 1034 774 in
1044 709 1117 775 foro
1128 727 1187 776 saa-

68 825 212 892 «culari.
221 847 259 911 ..3
275 827 384 914 sicque
399 812 555 908 detesto,
568 829 601 895 si
614 848 680 894 nou
693 828 810 907 onmia,
821 827 938 894 saltem
953 828 1110 913 pleraque
1123 827 1187 895 cri·

67 942 194 1022 «mina,
212 944 321 1029 quoad
335 953 466 1029 posnam
474 944 680 1031 irrogandam
696 953 772 1012 sunt
786 944 879 1010 mixti
895 943 978 1011 fori:
991 962 1185 1031 quamquam
1304 1022 1306 1026 ⁸

67 1057 138 1124 «de
161 1059 396 1131 consuetudine
413 1061 608 1149 pierumque
629 1063 772 1130 Ecclesia
793 1061 997 1146 punitionem
1015 1061 1186 1129 criminum

66 1173 183 1241 «inter
196 1175 296 1242 laicos
310 1178 555 1243 commissorum
571 1179 734 1264 relinquat
745 1176 849 1262 judici
859 1177 1016 1243 saeculari.

109 1289 285 1358 «Additur
295 1291 346 1359 hic
360 1300 514 1360 notanter
523 1298 631 1359 saltem
637 1297 779 1377 pleraque
791 1299 919 1358 mimica
930 1313 941 1357 :
954 1293 1029 1378 quia
1039 1291 1113 1359 hinc
1128 1311 1186 1360 ex·

63 1407 159 1492 «cipi
177 1406 279 1474 debet
294 1414 406 1474 cimon
421 1411 554 1489 heresis,
572 1411 688 1496 utpote
707 1411 797 1497 quod
814 1416 864 1476 est
881 1427 971 1477 mere
991 1409 1186 1477 ecclesiasti·

62 1547 79 1586 «
90 1542 169 1590 cum
190 1523 308 1611 (capite
327 1530 549 1608 requisitionis,
568 1531 607 1593 de
621 1532 790 1609 Horatius,
809 1527 844 1591 in
861 1523 907 1611 6);
925 1545 963 1591 ac
977 1524 1116 1610 proinde
1131 1545 1185 1592 re·

60 1647 226 1727 aspectus
238 1639 311 1728 ejus
318 1642 407 1710 solus
419 1642 523 1730 judex
536 1645 782 1723 ecclesiasticus,
800 1663 865 1710 non
880 1649 990 1709 autem
1007 1642 1180 1723 saecrrlaru,

60 1757 383 1827 uetiaminterlaicos
391 1767 442 1826 est
450 1768 648 1845 competens.
660 1760 814 1843 Quamvis
821 1759 992 1827 assumes
1000 1759 1176 1843 principes,

57 1881 268 1961 «potestates
279 1895 318 1942 ac
332 1883 479 1945 rectores
491 1878 650 1957 locorum,
666 1876 710 1946 ad
726 1877 1007 1945 commonitionem
1021 1883 1056 1942 et
1069 1875 1180 1962 requi·

58 1993 238 2061 «sitiouem
253 1994 498 2079 Episcoporum,
522 2003 697 2063 teneantur
716 1994 862 2062 fideliter
881 2002 979 2081 atque
1003 1992 1181 2061 efficaciter

59 2108 263 2177 «Ecclesium
285 2118 399 2178 contra
420 2111 588 2180 haereticos
606 2129 784 2194 eorumque
803 2110 949 2179 fautores
966 2109 1124 2196 adjuvare
1142 2128 1180 2176 ac

61 2248 77 2288 «
88 2224 285 2307 defendere,
299 2225 396 2314 juxta
417 2227 557 2297 officium
576 2237 611 2298 et
630 2247 725 2313 posse
739 2247 870 2295 suum.»
886 2227 976 2319 (Gap.
994 2229 1043 2294 Ad
1057 2229 1179 2293 abolus-

57 2345 138 2426 dcm,
153 2348 190 2410 et
207 2362 280 2428 cap.
300 2348 612 2428 decoramentum,
633 2349 671 2413 de
684 2341 876 2430 Hoerettcio..)

101 2460 295 2540 «Similiter,
323 2460 414 2548 quod
434 2468 564 2529 simomc
586 2463 629 2531 sit
651 2465 773 2531 cumen
794 2481 885 2530 mere
909 2461 1175 2542 ecclesiasticum,

60 2597 76 2636 «
87 2583 184 2664 atque
198 2575 276 2646 ideo
291 2576 395 2664 judex
407 2580 571 2647 secularis
588 2600 653 2648 non
672 2582 774 2666 possit
787 2581 896 2666 aliquo
911 2577 1008 2646 modo
1026 2575 1118 2645 sede
1136 2596 1176 2646 eo
1272 2592 1276 2597 ·

63 2716 77 2754 «
83 2694 313 2775 intromittere,
326 2715 434 2785 neque
445 2697 921 2783 cognoscere‚tenetdbbas....
938 2696 1175 2776 Clarus...,Fa·

65 2811 280 2891 trinacius...‚
306 2814 409 2880 citans
424 2813 577 2882 doctores
595 2816 822 2884 communiter.
843 2817 884 2882 ut
904 2813 1057 2881 meritc.»
1075 2808 1175 2900 (Reii-

62 2922 207 3007 fenstuel,
229 2929 263 2994 in
277 2920 378 3010 titt,
396 2932 472 2999 libri
490 2936 510 2998 2
527 2932 670 3011 decret,
689 2954 724 2999 n.
745 2930 835 3016 158.)
