2714 4980
528 297 608 346 raas
630 296 745 347 rarus.
1155 287 1193 350 bt

76 423 243 490 hominem
268 430 381 489 contra
403 441 459 490 eos
484 429 635 490 auctores
662 443 744 510 quos
761 423 813 491 hic
837 425 1056 505 confutamus,
1077 428 1198 514 quique

77 539 298 607 omnimodam
331 539 402 626 ejus
433 542 729 607 oecnmenicitetem
761 542 934 609 sustinent.
975 543 1097 610 Atvero
1136 562 1199 629 pro

76 658 217 726 decreto
232 656 591 725 oecumenicohahenda
605 666 701 724 certo
716 664 767 724 est
778 659 867 726 bulla
881 663 966 725 Inter
981 668 1105 726 cunctas
1114 661 1202 728 llar-

76 776 140 842 tini
157 776 196 854 V,
218 793 289 862 quae
307 775 374 842 lata
387 781 437 840 est
452 794 536 838 sacro
549 777 733 861 approbante
752 779 878 841 concilio
898 780 1133 842 Constantiensi.
1158 777 1199 845 In

78 911 120 959 ea
135 899 246 959 autem
262 898 445 958 contraeas
459 891 620 977 quialiter
635 890 755 957 docent
765 910 803 958 ac
812 899 1024 960 tenetsancta
1035 893 1204 960 aniversa-

78 1010 271 1076 lisEcclesia
281 1007 1064 1093 Romana‚statuiturprocedendum‚nontantum
1076 1029 1205 1078 excom·

80 1129 312 1207 muniendam,
335 1126 395 1194 sed
412 1127 594 1213 privatione
610 1133 702 1191 etiam
719 1129 905 1192 bonorumet
924 1131 1110 1211 dipnitatnm
1131 1137 1205 1196 tenr-

76 1249 275 1328 poraiicm..,
287 1250 379 1310 etiam
386 1264 444 1327 per
458 1249 608 1326 captiones
619 1251 648 1307 et
660 1249 908 1311 incarcerationes
920 1252 952 1310 ot
966 1249 1047 1311 aiios
1068 1267 1206 1331 corpora·

82 1364 263 1448 tespoenas3
280 1361 374 1428 'nulla
382 1366 521 1445 excepta
529 1359 789 1446 delinquentium
800 1361 913 1440 classe,
933 1366 1201 1446 etiamsirepaii...

83 1487 136 1544 aat
149 1483 215 1543 atio
224 1485 331 1562 praeis
341 1481 494 1544 mmcdana
509 1481 710 1561 prafnlpeaat
724 1481 886 1561 dipnitate.
904 1479 1001 1562 Quod
1015 1479 1204 1549 mandatnm

86 1596 204 1682 exequi
231 1594 356 1662 debent
372 1594 624 1679 Archiepiscopi,
645 1596 796 1680 Episcopi
821 1602 856 1661 et
873 1597 1086 1682 lnqmsitores
1115 1616 1123 1661 ε
1146 1611 1204 1682 par

86 1715 247 1797 apostolica
258 1718 371 1796 scripta
382 1718 594 1778 cmnmitttmns
606 1721 636 1777 et
656 1715 835 1777 nmrsdamas
846 1722 1063 1795 quateamoos,
1080 1714 1202 1781 Arabio.-

84 1851 209 1915 percepi,
219 1833 360 1914 Episcopi
374 1837 403 1894 et
413 1833 539 1895 electi...
558 1833 728 1912 Corripotis
740 1838 771 1894 ct
780 1836 934 1914 prmiatis.

127 1948 309 2016 Concilium
322 1944 545 2014 Tridentinum
561 1948 606 2013 ita
620 1952 734 2012 contra
748 1943 932 2012 duellantes
947 1945 1096 2014 decrevit
1112 1968 1121 2013 ε
1143 1951 1205 2030 (iat

87 2085 152 2130 aero
161 2085 297 2150 mapsam
311 2070 522 2145 commiseriat,
539 2072 569 2128 et
590 2070 642 2146 qai
655 2083 756 2128 eoram
763 2069 885 2147 patrini
907 2071 1063 2144 vocantar,
1088 2082 1206 2129 emon

86 2187 299 2248 manicatioats
312 2201 347 2245 ac
371 2187 503 2245 maniam
527 2183 668 2245 moram
689 2199 811 2244 morum
828 2185 1112 2264 proscriptionem
1132 2196 1205 2263 per-

78 2307 181 2379 petma
194 2301 329 2381 infamia
337 2317 458 2380 parram
475 2303 634 2361 incurrant
639 2319 655 2376 ;
668 2302 698 2360 ct
715 2303 750 2360 at
760 2297 916 2362 homicida
928 2302 1025 2381 jaata
1046 2313 1145 2363 sacros
1155 2317 1206 2363 co·

82 2434 176 2482 nones
185 2421 295 2499 puniri
309 2417 444 2480 debeant.
465 2414 559 2502 (Sese.
576 2395 637 2492 25,Ι
650 2417 687 2479 de
698 2416 780 2495 Res„
799 2433 871 2499 cap.
897 2412 964 2499 19.)

129 2532 268 2600 Certum
291 2551 370 2617 ergo
394 2533 525 2598 omnino
548 2539 599 2597 est
629 2529 786 2616 praedicta
814 2532 957 2617 quinque
980 2533 1116 2600 concilia
1144 2531 1207 2601 sibi

79 2656 284 2737 potestatem
301 2669 364 2734 per
383 2668 496 2734 pmnas
514 2648 712 2733 temporales
733 2655 769 2715 et
786 2648 972 2734 corporales
997 2650 1205 2717 coercitiram

78 2769 251 2836 tribuisse.
273 2767 377 2849 Quam
393 2774 503 2833 autem
527 2767 623 2832 inane
648 2766 690 2831 sit
714 2763 880 2849 effugium,
901 2763 936 2830 id
956 2762 1039 2850 juris
1053 2765 1206 2833 Ecclesiae

81 2907 129 2954 ex
150 2887 336 2973 principum
353 2885 558 2951 secularium
575 2883 781 2950 concessione
803 2884 989 2962 accessisse,
1007 2881 1208 2951 demonstra·

85 3023 162 3071 mus
179 3002 257 3072 alibi
272 3001 317 3090 (in
332 3007 478 3069 tractatu
491 2999 533 3068 de
549 3004 623 3067 inre
642 3001 781 3065 Ecclesia
801 3000 927 3066 rotatim
939 3001 982 3064 ad
995 3001 1099 3065 civita
1115 3006 1207 3066 smir-

91 3119 191 3206 tates).

597 3343 696 3443 §⁴111-
789 3354 791 3358 ·

97 3592 262 3652 Argumentum
294 3601 321 3636 ex
349 3586 455 3637 doctrina
473 3585 586 3646 Suareaii,
606 3592 722 3648 quatenus
752 3583 888 3634 asmantiam
911 3596 1056 3635 commanem
1086 3583 1208 3636 doctorum

540 3678 625 3728 schola
635 3679 766 3728 exhibente.

135 3941 273 4025 longius
287 3937 329 4005 ab
344 3938 470 4004 intento
480 3934 768 4021 progrederemur,
787 3937 815 4002 si
825 3934 868 4002 ad
882 3933 1108 4020 exponendam
1118 3953 1206 4002 com·

96 4075 224 4124 manem
252 4054 425 4123 doctorum
453 4052 570 4119 scholae
598 4052 791 4132 doctrinam,
815 4070 930 4118 eorum
957 4053 1134 4118 sententias
1153 4051 1206 4118 hic

99 4174 248 4258 redigere
265 4173 434 4238 vellemus.
455 4170 513 4237 Ast
525 4169 675 4236 omnibus
687 4176 803 4236 notum
822 4176 873 4234 est
887 4174 991 4234 totam
1001 4167 1156 4248 scholam,
1168 4175 1207 4234 ut

100 4290 199 4359 aiebat
212 4290 411 4368 Bossuetias,
435 4288 627 4355 iaSuaresio
640 4283 877 4373 quodammodo
896 4304 1074 4371 personare
1093 4292 1128 4354 et
1150 4305 1207 4353 au-

102 4405 167 4475 diri.
188 4409 286 4476 Illum
305 4426 384 4492 ergo
399 4406 569 4475 dumtaxat
587 4404 798 4471 clarissimum
811 4409 992 4483 auctorem,
1012 4411 1207 4493 caeterorum
1325 4450 1329 4457 ⁴
