2714 4980
120 286 184 349 352
464 298 650 347 nascnnrus
673 299 717 345 nn
740 297 888 345 runicus.

118 427 272 489 testatem
298 419 440 487 ordinis:
462 439 541 505 ergo
563 422 596 486 in
622 441 661 487 eo
683 428 769 486 stare
792 416 956 486 censenda
977 426 1046 496 est,
1065 426 1103 484 nt
1122 419 1210 485 valeat

117 556 273 604 exercere
309 537 525 622 episcopalem
556 542 752 621 potestatem
780 533 1014 620 jurisdictionis
1037 555 1062 599 ι.
1078 534 1214 617 Episcopo

118 655 204 719 enim
218 661 340 737 praeter
353 659 550 737 potestatem
566 651 697 730 ordinis,
715 670 781 716 non
796 653 858 717 alia
872 651 956 715 inest
973 668 1072 734 quam
1089 656 1215 733 potestas

116 767 359 853 jurisdictionis.
383 769 424 833 Et
449 768 501 833 hic
525 787 642 834 revera
664 773 714 832 est
738 775 914 851 conceptus
936 765 1112 850 primarius
1137 764 1216 850 hujus

118 884 222 951 officii.
239 885 287 950 Ab
309 884 457 949 omnihus
474 903 592 968 nempe
608 884 788 967 concipitur
803 902 861 947 seu
875 883 1072 967 intelligitur
1088 884 1157 968 quis
1176 883 1217 947 li·

119 1000 226 1066 carius
242 1000 402 1084 generalis
417 1000 575 1083 Episcopi,
594 1019 654 1084 per
672 999 734 1063 hoc
747 999 866 1081 ipsum,
886 996 976 1083 quod
995 999 1069 1064 vice
1085 999 1217 1081 Episcop'

116 1113 372 1200 jurisdictionem
403 1117 617 1199 episcopalem
644 1115 807 1199 explicare
836 1115 955 1180 valeat.
984 1116 1052 1180 Nec
1081 1114 1219 1200 quaelibet

119 1231 189 1307 alia,
204 1239 325 1314 prater
336 1229 430 1309 hanc,
445 1237 588 1314 potestas
601 1232 762 1296 vicarium
772 1230 959 1314 generalem
974 1230 1126 1314 Episcopi
1140 1228 1220 1294 efficit

119 1354 154 1412 et
173 1349 351 1415 constituit.
367 1348 444 1412 Haec
465 1354 575 1413 tamen
590 1347 768 1414 essentialis
792 1345 953 1426 conditio,
972 1365 1040 1411 non
1061 1344 1176 1411 sufficit
1190 1343 1221 1409 ad

118 1465 248 1530 omnino
260 1465 293 1528 in
308 1483 366 1528 sua
384 1465 491 1547 specie
507 1461 791 1529 determinandum
805 1463 980 1527 vicariatus
999 1463 1162 1545 generalis
1174 1460 1222 1526 oli·

118 1583 215 1647 cium.
233 1581 388 1662 Quamvis
402 1581 488 1646 enim
504 1580 641 1665 quilibet
665 1599 763 1645 verus
781 1580 927 1644 vicarius
948 1578 1112 1662 generalis
1127 1597 1222 1643 necea

119 1697 215 1773 sario,
232 1703 267 1761 et
282 1697 343 1762 hoc
357 1696 427 1780 ipso
441 1694 531 1780 quod
544 1695 617 1759 tulis
631 1695 684 1773 sit,
698 1702 895 1778 potestatem
909 1694 1029 1761 habeat
1043 1693 1221 1760 exercende

118 1812 254 1898 alicujus
273 1812 463 1897 episcopalis
475 1811 727 1897 jurisdictionis,
749 1818 939 1877 nontamen
963 1830 1077 1878 omnes
1099 1813 1155 1898 qui
1177 1811 1221 1877 ali·

118 1946 216 2012 quam
235 1927 397 2014 ejusmodi
417 1927 677 2013 jurisdictionem
695 1946 851 1993 exercere
872 1928 1001 2007 valent,
1021 1936 1099 1994 sunt
1119 1928 1222 1994 Vicarii

118 2045 295 2128 generales.
317 2045 463 2111 vicarius
484 2045 633 2129 Episcopi
651 2044 820 2120 foraneus,
842 2044 936 2111 verbi
960 2046 1082 2129 gratia,
1102 2052 1221 2110 exercet

118 2161 241 2244 etipse
264 2159 384 2245 aliquid
407 2160 596 2243 episcopalis
617 2158 865 2244 jurisdictionis3
889 2167 924 2226 et
948 2161 1074 2243 pariter
1099 2159 1221 2245 quilibet

118 2277 255 2341 clericus
273 2276 314 2341 ab
331 2277 489 2361 Episcopo
503 2275 673 2361 delegatus
688 2275 731 2342 ad
753 2276 1008 2361 cognoscendam
1027 2285 1064 2343 et
1079 2275 1221 2343 dirimen-

118 2390 193 2458 dam
211 2392 349 2476 oliquum
364 2411 503 2471 causam,
522 2391 671 2458 eumdem
684 2393 901 2478 episcopalem
914 2392 1175 2477 jurisdictionem
1188 2411 1220 2457 ex

117 2513 211 2591 parte
233 2508 373 2591 explieat
388 2529 395 2572 :
413 2507 448 2571 hi
463 2513 572 2572 tamen
592 2526 795 2592 nequaquam
819 2514 894 2573 sunt
919 2509 1039 2573 vicarii
1066 2507 1220 2592 generales

117 2623 277 2708 Episcopi.
303 2621 551 2689 Ostendendum
570 2642 648 2707 ergo
669 2631 816 2689 remanat
834 2623 997 2709 quomodo
1016 2631 1161 2709 potestas
1180 2623 1221 2689 lli·

117 2741 203 2805 cario
222 2739 366 2824 generali
384 2739 516 2823 propria
531 2737 722 2804 exercendae
743 2740 933 2824 episcopalis
947 2737 1191 2824 jurisdictionis,
1206 2758 1221 2802 a

117 2855 211 2921 simili
228 2856 366 2920 aliorum
380 2860 541 2939 potestate
558 2853 699 2920 differat.

161 2972 432 3038 PROPOS1T10V⁸.
457 3008 503 3019 -
526 2976 639 3034 Vinarii
663 2974 813 3053 pecoralis
835 2976 975 3055 Episcopi
996 2976 1174 3056 jurisdictio
1186 2980 1220 3036 est

117 3091 316 3152 essentialiter
334 3090 435 3169 aliqua
459 3108 546 3150 sensa
563 3090 744 3151 aniversalis
756 3090 854 3168 quoad
870 3093 1057 3152 territorium
1071 3110 1124 3152 sea
1132 3108 1221 3173 persa-

116 3225 185 3285 nas,
202 3213 231 3267 et
244 3202 342 3285 qaaaal
366 3223 481 3267 aaaron.
507 3239 552 3250 -
574 3202 656 3268 Nam
678 3211 840 3287 repugnat
864 3205 897 3268 in
921 3205 1071 3271 terminis
1095 3207 1222 3293 aliquem

118 3340 189 3386 esse
204 3322 371 3404 pecoralem
385 3321 518 3386 alterius
532 3321 707 3399 vicarium,
732 3321 792 3384 nisi
812 3322 923 3405 possit,
944 3321 978 3385 in
997 3323 1108 3409 aliquo
1124 3324 1224 3389 saltem

119 3456 234 3516 sensu,
262 3438 442 3518 generaliter
466 3435 554 3503 vices
575 3434 646 3522 ejus
668 3436 815 3520 explere.
837 3437 910 3501 Istae
930 3445 1042 3504 autem
1057 3438 1225 3505 locutiones

112 3574 200 3635 passe
221 3555 403 3636 generaliter
427 3560 462 3617 et
481 3573 569 3635 passe
589 3555 803 3617 universaliter
825 3554 958 3621 alterius
976 3553 1226 3640 jurisdictionem

116 3690 283 3748 exercere,
302 3687 487 3754 synonyma
502 3678 594 3754 sunt;
613 3677 647 3735 et
660 3669 840 3755 significant
856 3689 948 3755 posse
964 3670 1085 3737 dictam
1102 3669 1226 3758 jurisdi-

115 3787 255 3852 ctionem
269 3784 417 3850 exerceri
430 3782 538 3869 quoad
553 3784 653 3868 ipsius
670 3785 926 3868 generalitatem,
949 3805 1017 3865 seu,
1036 3786 1127 3871 quod
1150 3786 1226 3853 idem

116 4019 205 4102 scopi
227 4022 369 4101 nequeat
391 4016 607 4098 episcopalem
632 4011 892 4100 jurisdictionem
911 4020 1128 4083 universaliter
1144 4035 1227 4085 exer·

117 4152 212 4210 cere,
245 4133 358 4199 saltem
381 4131 416 4196 in
437 4132 544 4217 aliquo
564 4150 671 4210 sensu,
696 4132 724 4196 is
746 4151 947 4218 nequaquam
975 4135 1161 4201 censendus
1185 4141 1227 4199 est

116 4248 277 4333 generalis
297 4248 445 4331 Episcopi
463 4247 618 4327 vicarius,
640 4246 699 4314 sed
719 4267 830 4314 merus
848 4247 1020 4315 dumtaxat
1045 4250 1224 4337 delegatus;

118 4386 156 4431 aa
169 4362 305 4450 proinde
319 4364 380 4447 ipsi
393 4362 579 4428 nullatenus
594 4361 794 4465 applicandae
810 4364 944 4428 veniunt
958 4349 1226 4451 juris‘commuuis
