2714 4980
537 697 824 832 INDEX

562 991 664 1060 ΤΟΜΙ
677 992 797 1061 ΡΒΙΜΙ

228 1162 401 1304 tunm
436 1215 1119 1310 ulrnnrtnuuonmumv.

510 1493 847 1528 -aemn-—m

1185 1749 1237 1806 Peg.

115 1831 200 1880 Totins
216 1835 330 1879 tractatus
344 1828 521 1879 distributio..
548 1867 556 1882 .
581 1867 588 1880 .
614 1835 622 1881 ’.
649 1865 1158 1888 ................
1198 1837 1236 1893 ¹t

113 1912 220 1967 PAms
239 1911 382 1966 PRIMA.
401 1916 435 1963 lie
446 1914 542 1976 judiciis
563 1914 727 1966 ecclesiasticis
747 1915 869 1979 ingenere
882 1951 1156 1970 .........
1220 1919 1237 1967 ii

114 1995 240 2050 SECTIO
252 1997 277 2048 1.
296 2000 330 2047 lie
339 1998 483 2061 judiciorum
498 1999 710 2065 ecclesiasticorum
728 2008 821 2063 nutura,
834 2007 857 2050 et
874 2015 920 2065 quo
932 2002 986 2063 jure
997 2001 1135 2064 regulentur
1148 2037 1155 2051 .
1219 2001 1235 2049 d

115 2085 214 2134 CAPUT
224 2084 244 2131 l.
259 2085 293 2132 lie
304 2082 388 2145 judicii
400 2084 503 2133 lorensis
520 2093 604 2134 nutura
618 2093 642 2135 et
655 2094 718 2136 recta
735 2086 868 2136 delinitione
882 2120 1156 2138 .........
1220 2087 1236 2135 6

114 2169 183 2218 CAP.
204 2168 238 2216 ll.
257 2169 341 2216 Utrum
358 2166 502 2230 judiciorum
527 2169 646 2220 institutio
668 2171 731 2234 juris
747 2172 861 2220 naturnlis
879 2172 919 2234 sit,
932 2184 962 2220 an
979 2183 1034 2223 veno
1048 2169 1168 2220 dumtaxat

147 2252 241 2317 positivi
248 2285 1156 2307 ............................
1203 2255 1236 2304 Ab

181 2337 374 2400 Propositum.
393 2339 428 2386 Ex
445 2338 499 2400 jure
513 2339 614 2388 naturali
628 2339 697 2389 debet
711 2341 811 2390 inomni
824 2340 934 2390 societate
947 2338 1169 2403 completaiudicio-

214 2435 268 2470 rum
279 2421 375 2483 proprie
388 2420 503 2471 dictorum
517 2422 633 2477 institutio
647 2422 727 2473 induci
746 2457 1155 2475 .............
1203 2424 1235 2472 lb

181 2507 331 2570 Proposiiio
345 2508 388 2554 11¹.
405 2506 524 2555 Institutio
540 2507 683 2568 judiciorum
699 2521 745 2557 non
768 2517 804 2558 est
816 2507 846 2557 de
860 2509 914 2571 jure
927 2508 1038 2571 naturali,
1051 2522 1078 2557 eo
1098 2521 1169 2558 sensu

216 2591 280 2655 quod
295 2593 372 2640 omnia
389 2590 488 2640 crimina
501 2591 603 2640 coerceri
618 2597 641 2640 et
655 2605 735 2642 omnes
749 2592 842 2642 omnino
856 2592 909 2642 lites
921 2591 1000 2643 dirimi
1014 2593 1113 2643 debeant
1126 2607 1168 2657 per

211 2674 476 2739 iudiciaprupriedicia
479 2708 1155 2730 .....................
1205 2678 1236 2726 lb

179 2760 331 2826 Propositio
340 2761 396 2809 111·-
408 2761 498 2811 i‘rtaier
507 2759 674 2823 solemnitates,
685 2774 736 2824 quce
748 2760 913 2812 substantiales
924 2760 971 2812 dici
980 2761 1065 2824 solent,
1080 2768 1168 2812 catera

246 2846 276 2895 ad
290 2847 330 2909 J'us
346 2847 474 2895 humanum
496 2841 623 2894 referente
638 2852 694 2894 sunt
707 2880 1153 2897 ..............
1203 2847 1235 2895 ii

111 2930 180 2983 CAP.
197 2931 241 2981 lll.
251 2931 337 2981 iudicii
350 2931 375 2980 in
387 2930 465 2979 varias
480 2930 569 2992 species
588 2929 672 2979 divisio
683 2964 1156 2982 ...............
1203 2932 1235 2979 l'i

111 3015 180 3066 CAP.
193 3016 235 3064 iil.
251 3014 288 3063 An
310 3021 333 3063 et
350 3029 396 3078 quo
411 3028 481 3064 sensu
501 3029 515 3063 a
532 3015 676 3064 iustiniaueo
691 3015 760 3065 etium
772 3015 825 3076 jure
839 3013 997 3064 ecclesiastica
1005 3013 1095 3077 judicia
1108 3027 1167 3065 nor-

145 3112 208 3147 mum
218 3099 365 3161 aliquatenus
376 3100 493 3161 accipiant
505 3131 1151 3150 ....................
1201 3100 1234 3150 is

110 3180 237 3233 sueno
248 3181 286 3233 11.
302 3183 417 3234 Probatur
434 3183 545 3233 Ecclesia
560 3189 691 3245 competere
702 3182 851 3245 judiciariam
868 3189 1005 3251 potestatem
1017 3183 1115 3247 propria
1129 3183 1167 3232 di-

146 3273 216 3327 ctam,
227 3266 251 3316 id
263 3273 307 3328 est,
318 3266 393 3316 iorum
407 3273 528 3317 externum
538 3281 591 3317 cum
602 3272 716 3330 potestate
729 3268 832 3317 coactiva
845 3301 1154 3320 ..........
1201 3269 1234 3319 ab

111 3353 180 3402 CAP.
196 3352 216 3400 1.
232 3354 385 3415 Exponuntur
405 3353 517 3416 praecipui
537 3353 600 3402 circa
610 3352 760 3415 judiciariam
776 3352 885 3403 Ecclesiae
903 3357 1042 3416 potestatem
1061 3366 1164 3403 errores.
1199 3354 1233 3404 bi
1282 3380 1289 3387 -

114 3438 186 3486 CAP.
204 3436 236 3484 11.
252 3437 424 3486 lieterminatur
446 3451 529 3487 sensus
545 3439 628 3499 thesis,
651 3438 747 3502 proprie
764 3436 849 3488 dictam
866 3436 1015 3502 judiciariam
1027 3445 1165 3503 potestatem
1200 3482 1201 3487 ,

148 3522 259 3572 Ecclesiae
271 3521 411 3572 vindicantis
414 3557 1154 3576 .......................
1200 3525 1233 3574 26

113 3608 181 3657 CAP.
197 3608 241 3656 111.
257 3606 409 3658 liedncuntur
427 3617 564 3671 argumenta
576 3622 627 3673 quae
639 3610 740 3672 probent
752 3609 862 3660 Ecclesiae
878 3615 1008 3672 competere
1019 3608 1095 3658 iorum
1121 3622 1162 3658 ex-

147 3700 240 3742 ternum
258 3706 300 3741 seu
319 3693 499 3754 contentiosum,
518 3706 571 3741 cum
590 3693 708 3756 vialique
728 3695 832 3743 coactiva
846 3727 1154 3746 ..........
1200 3693 1233 3742 99

146 3777 192 3842 51.
206 3778 374 3839 Argumentum
395 3793 424 3828 ex
442 3778 565 3841 Scriptura
584 3790 652 3826 sucra
677 3801 1154 3830 ...............
1200 3777 1234 3826 29

146 3862 203 3926 511.
219 3862 387 3925 Argumentum
399 3877 427 3912 ex
440 3871 553 3927 perpetua
565 3862 689 3913 traditione
702 3872 726 3913 et
738 3863 848 3914 Ecclesia
861 3865 928 3928 praxi
946 3899 953 3914 .
979 3899 986 3914 .
1007 3931 1009 3935 ι
1013 3897 1154 3914 .....
1199 3863 1233 3912 32

146 3948 159 4013 5
171 3950 216 3998 111.
231 3949 399 4011 Argumentum
408 3962 437 3998 ox
445 3949 518 3998 variis
526 3951 571 3998 hac
583 3948 612 3998 de
623 3962 648 3998 ro
661 3947 838 3998 definitionibus
852 3980 1153 4000 ..........
1200 3945 1232 3996 ts

145 4034 212 4097 §iv
229 4035 355 4083 Diluuniur
369 4034 485 4084 nonnullae
498 4035 640 4097 objectiones
651 4067 816 4085 ......
822 4038 824 4042 ’
841 4064 1151 4085 ..........
1198 4031 1232 4080 48

112 4120 179 4168 CAP.
195 4118 236 4166 li.
252 4120 359 4167 Potestas
372 4118 482 4168 Ecclesia
503 4119 626 4168 coercitiva
643 4116 794 4180 intelligenda
806 4125 842 4167 est
862 4118 931 4167 etium
944 4115 1059 4180 deposcis
1073 4122 1165 4181 tempo·

145 4203 235 4252 ralibus
250 4210 273 4252 et
292 4203 455 4264 corporalibus
469 4234 1151 4256 .....................
1199 4201 1232 4249 bb

145 4284 189 4353 gl.
207 4288 374 4349 Argumentum
392 4302 421 4337 ex
434 4286 544 4337 Ecclesia
557 4286 648 4351 praxi.
676 4323 682 4337 .
703 4310 710 4326 ·
743 4319 1151 4338 .............
1197 4285 1228 4333 bl

145 4370 204 4435 §ll-
222 4374 390 4436 Argumentum
402 4384 431 4425 ex
445 4373 551 4426 conciliis
563 4370 713 4424 oecumcnicis
744 4402 1153 4426 .............
1199 4369 1232 4418 59
1247 4434 1255 4447 Ι
