2714 4980
473 157 476 163 .
567 123 648 174 rans
668 124 783 174 rarus.
1190 109 1232 173 lt

115 246 387 315 «connectente
401 247 547 316 noluerit
560 249 747 331 emendare,
766 248 856 336 quod
874 248 1015 316 Ecclesia
1038 266 1101 334 per
1123 244 1234 336 potes·

97 391 135 419 -·
147 369 251 430 tatem
266 385 286 430 a
301 363 430 432 Christo
442 365 504 432 sihi
513 384 708 446 concessam,
718 367 825 452 ipsum
840 361 883 431 ad
897 364 960 432 hcc
972 348 1035 449 per
1051 384 1233 461 excommn-
1258 387 1260 391 ·

113 509 131 534 ι
145 480 317 547 nicationis
341 484 535 549 sententium
558 484 753 567 compellere
773 489 907 568 potest:
927 499 998 567 que
1019 483 1153 568 quidem
1176 502 1232 569 po·

113 625 130 652 «
145 603 249 664 testas
264 607 315 666 est
329 600 444 685 utique
461 603 617 668 coactiva.
634 631 649 658 »

160 745 175 771 «
195 715 289 782 Circa
318 716 408 802 quad
440 726 491 785 est
519 718 775 799 advertendum,
798 718 984 805 quodcum
1017 720 1232 786 excommuni-

115 833 230 899 «catic
250 833 363 919 major,
381 834 504 901 nedum
528 838 841 903 excommunicatum
859 856 878 901 a
900 837 1111 921 perceptione
1128 854 1231 903 sacru·

115 957 332 1018 «mentorum
360 959 539 1032 removeat,
567 937 626 1018 sed
654 952 754 1018 etiam
778 974 797 1019 a
820 953 1047 1020 communione
1081 951 1230 1020 fidelium

116 1065 251 1149 «ipsum
275 1069 588 1135 excommunicatum
613 1067 777 1148 excludat,
798 1070 975 1165 corporalis
992 1078 1042 1136 est
1067 1069 1230 1137 achristo

117 1184 268 1249 «coactio
289 1185 436 1251 Ecclesioe
456 1185 628 1271 permissa3
645 1205 720 1252 cum
735 1187 832 1252 etiam
855 1184 1033 1252 secundum
1053 1187 1144 1271 leges
1167 1187 1229 1252 im·

117 1301 281 1384 «periales
302 1303 433 1386 gravius
452 1309 629 1387 reputetur
645 1303 733 1370 inter
752 1304 897 1371 homines
920 1305 1125 1383 conversari,
1145 1306 1230 1389 ipso-

118 1436 282 1504 «rumque
297 1419 419 1503 privari
433 1418 605 1505 suffragiis,
623 1440 721 1506 quam
736 1420 778 1487 ab
797 1420 982 1489 hominibus
1002 1421 1160 1505 separari,
1182 1439 1232 1488 sc-

118 1563 131 1590 a
143 1535 255 1620 quitur
265 1540 463 1619 potestatem
477 1537 666 1618 coactivam,
675 1557 741 1604 non
751 1538 793 1605 ab
803 1540 1003 1624 imperatore
1012 1547 1158 1621 terreno,
1170 1539 1229 1608 sed

117 1650 273 1736 «abipso
290 1651 418 1718 Christo
435 1653 535 1719 fuisse
555 1652 758 1738 originaliter
772 1654 949 1722 Ecclesiam
968 1663 1188 1722 consecutam.
1209 1686 1224 1713 »

158 1796 172 1824 α
184 1769 352 1835 Praeterea
368 1770 407 1835 Β.
430 1771 549 1837 Petrus
572 1779 646 1856 post
662 1773 883 1838 ascensionem
903 1773 1043 1851 Domini,
1061 1773 1095 1837 in
1117 1790 1229 1858 perso·

118 1900 216 1951 «nam
232 1885 360 1951 Ananim
384 1894 419 1953 et
442 1888 582 1972 Saphirae
605 1889 717 1956 uxoris
737 1907 813 1967 snm,
841 1888 909 1954 sinc
931 1889 1089 1972 imperiali
1102 1907 1229 1956 conces·

117 2002 229 2067 «mone
248 2000 365 2087 aliqua,
380 2002 439 2069 hac
454 2022 532 2069 usus
547 2012 598 2070 est
613 2011 775 2089 potestate
794 2025 801 2070 :
817 2005 851 2068 iu
867 2023 957 2089 qnos,
973 2003 1102 2090 quiade
1121 2007 1228 2090 pretio

116 2120 210 2203 «agri
235 2121 307 2186 Deo
332 2120 442 2186 oblato
460 2119 707 2199 fraudaverant,
729 2121 842 2187 mortis
869 2121 1062 2187 sententiam
1086 2123 1228 2207 promul·

117 2237 227 2320 «gavit
245 2257 252 2304 :
267 2254 339 2321 qum
358 2235 491 2322 quidem
505 2237 667 2304 sententia
681 2258 747 2304 non
761 2236 919 2323 processit
935 2236 979 2305 de
994 2239 1140 2322 ipsorum
1151 2258 1224 2307 con·

117 2383 129 2409 a
138 2352 253 2439 jugum
271 2352 452 2421 voluntate.
474 2385 488 2412 »

156 2472 269 2539 «item
290 2472 329 2538 B.
345 2473 466 2539 Paulus
482 2473 617 2540 Elimam
635 2491 777 2558 magum,
797 2472 945 2559 Sergium
962 2473 1103 2541 Paulum
1119 2493 1137 2540 a
1157 2473 1225 2543 lide

117 2596 344 2674 «querentem
367 2588 553 2669 abducere,
572 2588 614 2655 ad
630 2598 762 2674 tempus
779 2591 855 2656 luce
882 2590 1043 2685 corporali
1067 2591 1220 2676 privavit.

117 2705 236 2773 «Itium
253 2724 382 2792 quoque
405 2706 638 2774 fornicatorem
654 2706 855 2792 Corinthium
877 2708 1033 2773 incarnis
1053 2708 1224 2777 interitum

118 2822 277 2889 «tradidit
291 2830 421 2902 satanae,
440 2831 478 2889 ut
496 2823 568 2909 ejus
584 2823 717 2907 spiritus
733 2823 841 2889 salvus
857 2832 954 2890 esset.
976 2853 991 2880 a

155 2942 279 3007 «Item
314 2940 485 3007 Corinthiis
520 2939 667 3007 scribens
692 2939 781 3006 idem
815 2941 980 3025 apostolus
1002 2940 1110 3009 dixit:
1142 2944 1226 3025 octa

118 3060 260 3122 «morast
282 3062 322 3123 Ia
340 3064 428 3140 oirqc
448 3061 703 3138 adcurrentem,
723 3077 764 3121 aa
789 3063 823 3121 ia
844 3059 992 3122 elautae
1010 3066 1040 3123 et
1059 3065 1093 3123 ia
1112 3064 1225 3143 spiritu

118 3180 401 3241 «mommtodtairi
419 3178 457 3242 Ιιι
474 3193 539 3260 quo
554 3176 631 3242 satis
648 3193 803 3260 expresse
827 3176 1005 3242 coactivam
1027 3183 1225 3260 potestatem

119 3293 310 3378 «supposuit
325 3312 360 3359 se
376 3291 509 3359 habere.
531 3321 546 3348 »

156 3415 272 3496 «item
296 3413 440 3478 scribens
464 3411 587 3478 eisdem
603 3412 680 3478 alibi
703 3411 815 3478 dixit:
850 3416 943 3478 Arma
969 3418 1090 3479 militia
1113 3423 1225 3482 nostru

120 3539 292 3627 «consuat
310 3533 459 3611 carnalia,
487 3533 540 3595 sed
561 3537 699 3613 potentio
720 3535 793 3612 Dec,
826 3534 860 3595 id
880 3538 925 3595 est
941 3536 964 3594 'u
990 3535 1050 3595 Deo
1074 3553 1227 3613 emmetra,-

120 3651 368 3714 «assentationem
388 3654 588 3713 munitionum
612 3652 739 3713 coasilia
761 3652 927 3730 destruens,
956 3657 985 3735 et
1010 3670 1122 3714 omnem
1145 3653 1225 3714 mul·

120 3769 301 3831 «titudinem
329 3768 520 3829 extollentem
550 3786 581 3829 ae
610 3768 754 3830 adversus
783 3771 937 3830 seleutiam
961 3770 1028 3830 Dei.
1055 3768 1097 3832 Et
1118 3768 1225 3852 sequi·

120 3887 224 3949 mur:
259 3886 300 3947 Ia
332 3890 477 3965 prompta
512 3884 651 3946 iubentes
688 3885 793 3947 alcisci
827 3903 941 3947 caraem
978 3884 1220 3952 inobedientiam.

123 3999 191 4065 «lix
211 3999 333 4086 quibus
353 4006 444 4085 patet
430 4000 618 4091 t‚Paulum
645 4020 711 4066 non
732 4000 807 4067 ah
798 4007 1007 4086 imperatore,
1031 3998 1091 4065 sed
1112 4021 1131 4066 a
1151 4002 1224 4068 Deo

124 4114 290 4185 habanisse
325 4125 523 4203 potestatem
554 4119 652 4185 etiam
682 4119 877 4186 coactivam·
871 4115 989 4203 ,cujus
1024 4121 1237 4191 contrarium

127 4232 321 4322 blasphemi
334 4243 536 4321 presumunt
550 4234 662 4305 dicere
680 4234 905 4321 supmdicti.»
1189 4240 1199 4250 ’
