2714 4980
185 331 226 394 56
528 345 716 395 raacraros
737 346 783 395 na
803 347 951 396 rupiana.

182 467 376 557 gatdictum
392 470 539 538 libellum
554 470 664 536 Basilii
682 470 809 538 diaconi
829 471 961 560 (labbe,
980 480 1060 540 torn.
1082 477 1114 551 3,
1135 474 1196 540 ool.
1218 476 1300 553 976,

183 588 264 657 edii.
286 585 430 674 Veneti,
452 589 509 675 qui
526 588 616 655 hisce
631 591 814 657 carceribus
833 591 875 658 ab
894 591 993 676 impio
1009 592 1169 677 Episcopo
1184 592 1306 660 Nesto·

182 707 231 776 rio
251 705 406 774 detrusus
423 706 545 787 fuerat,
569 716 605 774 et
622 707 703 794 quid
716 709 777 774 sihi
795 709 1003 775 tolerandum
1028 708 1131 776 fuerit
1153 717 1301 777 enarrat.

183 825 285 891 Usum
299 826 439 891 carceris
452 823 592 908 probant
603 826 737 911 insuper
749 825 816 892 haec
832 827 863 891 S.
880 827 1028 912 Gregorii
1043 826 1148 912 Magni
1170 827 1277 893 verba
1293 849 1301 893 ε

184 945 221 1008 Si
234 960 304 1006 uero
320 949 393 1006 sunt
407 945 506 1023 liberi,
523 946 687 1008 inclusione
705 947 800 1026 elipno
818 947 1014 1028 districtaque
1024 953 1095 1010 sunt
1110 951 1143 1009 in
1155 950 1306 1028 paeniten-

186 1064 260 1124 tiam
280 1062 438 1142 reiiqencli
455 1059 490 1147 (l.
513 1062 534 1127 6
557 1061 779 1146 epistolarum,
801 1079 854 1146 ep.
875 1059 944 1147 65).
966 1066 1007 1127 Et
1024 1066 1102 1144 ileo,
1124 1067 1203 1146 quia¹
1221 1069 1307 1129 tenu

183 1181 328 1262 sacircoris
344 1183 502 1262 iniquiter,
516 1181 657 1245 districta
676 1187 765 1263 atque
779 1183 886 1246 subtili
898 1187 1127 1265 inuestipatione
1142 1183 1307 1265 querenda

184 1304 273 1380 atque
289 1299 447 1380 plectentia
465 1305 521 1379 est,
540 1299 596 1361 lmc
615 1301 671 1363 tibi
685 1305 865 1363 anctoritate
879 1304 1081 1383 precipimus,
1103 1307 1139 1364 ut
1158 1301 1308 1383 nipilanti

183 1416 285 1479 studio
297 1421 328 1479 et
341 1417 484 1496 diliqenti
497 1421 617 1481 omnim
630 1436 705 1480 cura
717 1423 876 1500 perquiras
888 1440 904 1498 ,·
918 1424 947 1480 et
960 1424 987 1481 si
997 1436 1056 1499 qua
1072 1418 1186 1482 inalieia
1198 1436 1310 1500 appre-

185 1533 313 1597 llemlere
327 1533 417 1616 liujus
430 1539 477 1598 rei
487 1539 633 1618 potueris,
648 1541 762 1600 eumin
773 1538 941 1600 custodiam
956 1538 1139 1630 districtam,
1157 1554 1311 1618 quousque

184 1653 271 1715 nobis
288 1656 451 1732 renunties,
474 1655 594 1735 realiqas
604 1677 620 1734 ;
636 1660 672 1716 ut
690 1656 821 1736 qrmliter
836 1631 1088 1718 immanissimum
1107 1657 1226 1735 [minus
1242 1655 1312 1719 ‹lis-

185 1772 248 1833 cuti
265 1770 369 1833 debeot
382 1789 418 1832 ac
432 1776 551 1853 puniri,
573 1773 737 1835 deliberare
750 1778 900 1856 possimus
924 1770 1147 1859 (epistolarum
1164 1768 1222 1835 lib.
1250 1771 1307 1850 to,

187 1884 325 1969 episti,
344 1886 438 1974 juxta
453 1888 532 1954 edit.
549 1888 747 1974 Benedici).

232 2005 397 2071 Probatur
423 2009 469 2072 3⁰.
494 2010 546 2070 Ee
560 2013 715 2089 cirporum
729 2027 829 2091 pena,
849 2027 937 2090 mmm
959 2009 997 2070 ab
1019 2011 1227 2089 antiquissimo
1246 2025 1312 2071 mcc

187 2127 321 2188 Ecclesia
335 2124 473 2206 inslipere
487 2128 578 2189 solita
593 2129 664 2207 fuit.
676 2125 867 2190 —Sanctus
878 2123 1075 2208 Augustinus
1084 2123 1313 2191 Marcellinum

188 2240 358 2306 tribunum
373 2239 545 2320 hortando,
567 2245 605 2306 ut
618 2240 813 2307 verberibus
829 2239 1008 2318 dumtaxat,
1027 2258 1093 2304 non
1106 2257 1186 2305 raro
1201 2236 1313 2305 durio

189 2356 281 2424 ribus
295 2357 467 2422 tormentis
485 2357 520 2422 in
542 2359 726 2423 Donatistas
749 2355 999 2436 animadvertat,
1023 2355 1158 2422 adnotat
1182 2356 1313 2423 solitam

190 2473 290 2541 fuisse
311 2473 490 2540 verberum
504 2494 635 2559 poenam
657 2475 699 2539 ab
715 2474 880 2558 Episcopis
896 2472 1046 2539 adhiberi
1062 2494 1069 2538 :
1083 2476 1166 2553 Noli,
1187 2474 1307 2560 inquit,

186 2596 313 2679 perclere
329 2601 490 2676 paternam
505 2596 706 2675 diliqerttiom,
732 2612 821 2674 quam
840 2599 873 2655 in
897 2597 964 2674 ipsa
987 2597 1147 2673 iniquitate
1165 2598 1307 2672 seruasti,

192 2714 310 2796 quondo
334 2718 486 2775 tantorum
509 2714 650 2775 scelerum
674 2713 884 2792 consessionem
907 2729 967 2774 non
994 2711 1170 2773 extendente
1196 2712 1307 2790 eculeo,

192 2849 252 2894 non
274 2802 460 2894 sulcantibus
486 2831 619 2912 unqulis,
647 2847 707 2891 non
730 2830 884 2891 urentibus
911 2828 1054 2906 flammis,
1081 2830 1133 2891 sed
1154 2832 1312 2909 oirpomlm

193 2951 362 3014 uerberibus
388 2955 495 3011 eruisti
516 2970 526 3010 :
550 2953 603 3029 qui
619 2948 724 3010 molus
746 2950 930 3010 coercitionis
947 2953 977 3009 et
997 2950 1186 3027 amoqistris
1201 2948 1312 3009 libero·

195 3071 269 3132 lium
289 3073 414 3146 ortium,
442 3074 471 3130 et
495 3069 533 3129 ob
558 3072 633 3149 ipsis
650 3068 844 3149 parentibus,
871 3074 901 3129 et
927 3084 1004 3147 scope
1021 3070 1112 3128 etiam
1130 3070 1163 3127 in
1183 3067 1313 3146 judiciis

195 3186 269 3247 solet
292 3185 330 3246 ab
349 3186 503 3265 Episcopis
520 3183 669 3248 adbiberi.
688 3181 799 3268 (Epist.
820 3183 894 3259 132,
912 3200 945 3245 n.
970 3184 1001 3258 2,
1017 3179 1110 3265 juxta
1134 3179 1311 3246 editionem

195 3297 379 3384 Benedici.)
399 3300 438 3364 In
457 3301 535 3364 actis
558 3298 589 3362 S.
616 3298 742 3363 Caesarii
761 3296 956 3363 Arelatensis
971 3296 1135 3381 Episcopi,
1152 3297 1194 3362 ab
1212 3297 1313 3380 ipsius

196 3415 356 3500 discipulo
370 3415 531 3502 Cypriano
547 3416 757 3499 conscriptis:
781 3417 900 3482 Solebat
917 3421 967 3478 uir
981 3422 1101 3478 sanctus
1124 3416 1158 3477 il
1176 3421 1313 3479 accurate

197 3540 363 3615 obseruare,
383 3542 419 3598 ut
435 3554 518 3599 nuno
542 3554 582 3597 ee
606 3536 671 3597 illis
693 3539 745 3614 qui
766 3538 827 3616 ipsi
845 3535 1005 3614 parebant,
1028 3536 1056 3594 si
1075 3551 1134 3616 pro
1155 3534 1246 3614 culpa
1260 3551 1315 3596 sim

198 3657 378 3738 slopellomli
392 3661 499 3734 essmt,
521 3655 651 3735 amplius
667 3656 794 3734 tripinto
807 3670 911 3715 nouem
930 3651 1038 3712 ictibus
1059 3652 1250 3730 ferirentur,·
1270 3653 1316 3712 ita

68 3815 74 3826 ·
201 3782 310 3853 tumen,
333 3781 368 3837 ut
385 3778 414 3835 si
435 3776 501 3854 quis
515 3776 548 3834 in
562 3776 651 3853 praui
665 3771 753 3851 culpa
766 3774 841 3831 esset
856 3767 1063 3849 deprenensus,
1074 3769 1265 3847 permitteret
1281 3773 1316 3830 ut

197 3899 266 3974 post
299 3893 363 3954 alies
390 3907 502 3972 paucos
535 3887 691 3969 copularet
725 3890 844 3947 iterum.
879 3882 961 3969 (Vita
991 3886 1025 3949 S.
1054 3886 1182 3945 Caesarii
1211 3883 1311 3962 Arei„

201 4006 291 4094 apud
306 4006 443 4084 Surium,
463 4001 506 4070 ad
518 4003 606 4070 diem
618 4005 658 4070 27
676 3998 831 4086 augusti.)

245 4123 337 4192 Anno
361 4126 436 4202 506,
458 4121 626 4189 concilium
646 4119 845 4235 Agpthense,
867 4136 989 4183 canone
1009 4120 1051 4183 38
1070 4137 1078 4181 ι
1096 4118 1246 4181 Clerieum
1262 4124 1318 4180 aut

202 4243 376 4306 monachum
395 4245 459 4303 sine
479 4240 729 4301 commendatitiis
752 4253 872 4317 aequm,
893 4239 921 4296 si
940 4235 1094 4296 uerborum
1116 4236 1318 4314 increpatione

202 4381 263 4426 non
275 4361 457 4437 emendum,
478 4362 570 4421 etium
583 4357 751 4420 emtoribus
771 4357 932 4417 statuimus
945 4354 1080 4415 coerceri.

248 4476 339 4542 Anno
362 4478 437 4553 567,
458 4472 630 4540 concilium
645 4473 842 4549 turonense,
860 4487 982 4535 canone
999 4470 1041 4533 20
1055 4489 1063 4533 :
1080 4471 1142 4549 Qut
1154 4485 1195 4531 eu
1209 4472 1318 4551 septem
