2714 4980
451 376 456 384 .
561 335 779 385 remansura.
1158 318 1223 383 275

108 475 252 547 cumque
269 461 343 546 ipsa¹
355 459 491 528 habitet.
508 459 641 526 Constat
654 479 696 525 ex
709 459 782 543 lege
797 457 995 525 Justiuiauea
1010 461 1084 525 Filii
1101 458 1167 546 (Ὦ,
1188 458 1222 524 ff,

109 583 150 643 ad
165 576 338 662 municip),
364 580 398 642 in
418 577 492 663 jure
515 576 670 642 canonico
689 576 816 663 (utpote
833 576 867 640 in
888 574 949 640 hoc
968 596 1033 641 nou
1052 573 1225 660 contrario)

109 695 175 761 tim
191 695 373 761 obtinente.
391 697 425 759 2⁰
441 696 563 768 Hares,
579 694 607 758 si
622 692 834 758 conveniatur
850 711 891 756 ea
909 710 1048 776 persona
1067 692 1226 771 defuncti,

109 819 145 880 et
162 830 227 894 per
239 806 433 876 defunctum
448 811 554 893 ipsum
567 807 727 895 judicium
739 808 840 873 fuerit
853 806 920 893 jam
936 809 1102 891 inceptum
1120 831 1128 874 :
1148 817 1228 874 tuno

109 928 198 992 enim
216 927 321 993 haercs
336 925 578 992 conveniendus
601 933 652 990 est
673 926 707 989 iu
724 943 762 990 eo
782 926 855 989 loco
877 924 935 989 ubi
954 924 1128 991 defunctus
1154 945 1232 991 con·

111 1049 310 1120 tentasset,
331 1042 458 1107 etiamsi
480 1041 550 1123 ipse
570 1038 788 1124 jurisdictioni
801 1039 867 1104 loci
881 1040 966 1104 illius
981 1040 1148 1126 subjectus
1165 1058 1231 1108 nou

111 1158 164 1224 sit.
200 1157 335 1225 Constat
361 1154 502 1241 ex'lege
530 1158 730 1223 Justiuiauea
753 1160 786 1221 Is
810 1162 863 1238 aaa·
890 1160 990 1220 Roma
1016 1157 1094 1244 (34,
1134 1157 1166 1225 ff.
1193 1163 1232 1224 do

111 1272 243 1359 India).

156 1393 215 1458 lv.
242 1394 396 1472 Quomodo
416 1397 628 1470 constituatur,
653 1397 683 1454 et
709 1393 770 1470 sori
793 1398 1017 1472 competentiam
1044 1395 1232 1472 determinet,

113 1510 414 1590 quast-domicilium.
436 1540 482 1555 -
504 1509 708 1590 Frequenter
739 1507 896 1590 contingit
918 1513 956 1572 ut
978 1508 1012 1572 iu
1035 1509 1142 1593 aliquo
1162 1511 1236 1576 loco

114 1623 288 1707 degentes,
310 1623 510 1689 domicilium
532 1623 663 1706 proprie
687 1622 810 1688 dictum
832 1623 877 1688 ibi
898 1642 961 1688 nou
981 1625 1163 1708 acquirant,
1178 1626 1238 1693 scd

116 1739 290 1807 dumtaxat
310 1738 626 1825 quasi-domicilium.
645 1741 695 1804 De
711 1758 776 1823 qua
794 1738 948 1804 domicilii
969 1741 1078 1823 specie
1103 1745 1238 1825 quaetio

115 1859 243 1941 pariter
260 1859 414 1936 occurrit,
433 1856 595 1941 quomodo
614 1864 842 1938 comparetur,
868 1863 902 1922 ct
921 1875 1076 1942 quosnam
1103 1858 1240 1924 effectus

115 1973 226 2059 quoad
242 1974 307 2040 fori
319 1974 574 2057 competentiam
589 1991 699 2039 secum
716 1973 835 2039 trahat.

163 2095 194 2156 l.
222 2089 394 2171 Quomodo
429 2097 640 2174 comparetur
677 2089 992 2173 quasidomicilium.
1017 2125 1063 2182 ·ss
1086 2116 1105 2155 n
1127 2093 1240 2180 Quasi·

116 2207 347 2273 «domicilium
371 2207 508 2272 sortitur
528 2207 645 2292 aliquis
665 2207 699 2271 iu
721 2205 794 2272 loco
813 2207 880 2285 illo,
903 2207 939 2271 in
958 2227 1025 2293 quo
1039 2210 1156 2287 auimo,
1173 2228 1237 2274 non

117 2349 136 2387 a
150 2332 333 2410 perpetuo,
356 2324 415 2390 sed
430 2343 491 2407 per
508 2345 639 2402 annum,
656 2325 711 2390 vel
729 2325 898 2410 majorem,
917 2328 971 2391 vel
986 2328 1101 2393 saltem
1118 2327 1242 2394 notabi-

117 2464 136 2502 n
147 2441 218 2506 lem
239 2441 316 2505 anni
328 2446 466 2524 partem,
487 2439 709 2506 commorandi
726 2439 827 2524 degit.
844 2443 921 2507 Tale
941 2441 1107 2507 habentia
1122 2442 1241 2527 suades

119 2581 137 2620 a
152 2558 247 2624 micis
263 2556 409 2635 studiosi,
427 2558 462 2621 in
478 2557 551 2623 loco
571 2558 740 2640 legationis
761 2558 871 2641 legati,
886 2559 920 2624 iu
933 2559 1063 2643 oppidis
1080 2561 1194 2627 famuli
1207 2568 1241 2628 et

120 2673 291 2751 «ancillae,
311 2674 345 2736 in
363 2672 550 2738 civitatibus
564 2674 782 2756 negotiatores
797 2672 824 2737 si
833 2671 992 2739 officinam
1002 2681 1059 2738 aut
1072 2675 1242 2741 tabernam

123 2814 138 2850 a
152 2789 279 2856 ibidem
289 2789 529 2853 constituerunt
545 2788 600 2853 vel
619 2788 858 2869 conduxerunt,
873 2790 979 2855 animo
990 2809 1051 2874 per
1063 2792 1243 2858 notabilem

121 2906 234 2972 canni
251 2912 380 2988 partem
393 2904 440 2968 ibi
452 2904 685 2971 commorandi.
707 2929 722 2967 n
743 2905 1056 2994 (Schmalzgrueher¹
1080 2908 1113 2972 iu
1140 2909 1193 2973 tit.
1221 2912 1241 2973 2

123 3023 265 3101 decret,
280 3042 315 3086 n.
341 3018 406 3106 16.)
500 3084 502 3089 .

165 3145 199 3206 2.
225 3139 382 3221 Quanam
397 3138 439 3202 sit
452 3134 711 3222 quasi-domicilii
726 3139 775 3205 vis
792 3137 835 3204 ad
850 3138 1136 3206 determinandum
1155 3161 1243 3208 com·

126 3263 293 3338 petentem
323 3253 444 3320 lorum.
468 3291 516 3306 -
536 3260 652 3334 Primo,
679 3278 697 3317 n
724 3253 860 3320 effectus
892 3255 1151 3340 quasidomicilii
1178 3266 1240 3339 est,

128 3371 247 3460 «quod
262 3371 325 3436 hoc
343 3369 512 3449 habentes,
531 3369 675 3454 quandiu
690 3369 814 3436 ibidem
831 3371 986 3452 existunt,
1004 3380 1180 3440 teneantur
1196 3376 1244 3443 le-

129 3489 264 3575 ngibus,
275 3487 405 3552 statutis
418 3493 453 3551 et
468 3484 759 3551 consuetudinibus
774 3487 858 3551 illius
869 3487 951 3572 loci;
971 3487 1007 3553 id
1019 3490 1107 3554 enim
1121 3489 1245 3556 honum

128 3605 326 3692 «publicum
339 3603 403 3668 loci
419 3601 653 3687 cujuscumque
671 3603 783 3683 exigit,
808 3623 850 3669 ue
877 3604 952 3669 alias
973 3604 1066 3683 ordo,
1094 3608 1185 3691 quies
1211 3616 1245 3673 et

123 3722 301 3809 «partium
323 3720 534 3787 consonantia
557 3719 737 3785 tollatur.»
765 3719 1080 3807 (schmalzgrucber,
1103 3723 1177 3790 loco
1201 3727 1245 3791 ci-

119 3835 216 3925 tuto.)

162 3958 323 4035 Secmadc,
353 3977 370 4017 a
395 3953 569 4038 acquirunt
595 3953 648 4038 jus
671 3954 832 4038 parochias
853 3961 888 4020 ct
909 3953 1033 4020 subditi
1055 3956 1085 4020 ei
1107 3956 1191 4022 fiunt
1212 3959 1246 4025 iu

120 4098 137 4132 n
149 4075 230 4142 lom
246 4079 400 4155 exterum
417 4072 462 4137 ita
475 4079 513 4136 ut
527 4080 729 4138 sacramenta
749 4093 815 4137 nou
832 4073 935 4138 solum
956 4072 1166 4154 ponitentiae,
1187 4077 1246 4144 sed

116 4213 139 4255 a
154 4191 260 4258 etiam
279 4187 386 4253 omnia
402 4187 463 4253 alia
476 4188 624 4270 recipere
650 4187 774 4271 possint
794 4187 835 4253 ab
863 4189 1020 4271 Episcopo
1039 4190 1090 4254 vel
1104 4193 1246 4274 parocho

116 4328 138 4370 ι
151 4308 245 4374 illius
263 4304 339 4376 loci,
361 4311 502 4387 excepto
521 4311 723 4369 sacramento
747 4303 868 4369 ordinis
887 4324 894 4371 :
914 4323 1021 4388 neque
1037 4324 1119 4388 opus
1134 4319 1184 4375 est
1204 4312 1247 4376 li.

121 4448 142 4490 n
157 4424 270 4492 centia
280 4422 382 4488 tacita
396 4421 450 4487 vel
467 4439 620 4505 expressa
634 4420 767 4505 parochi
785 4422 840 4488 vel
862 4421 1013 4505 llpiscopi
1036 4422 1245 4516 domicilii...;
