2714 4980
113 321 179 387 316
459 322 646 385 amaremus
668 337 713 384 nn
734 335 883 386 sumans.

116 485 133 523 a
152 470 340 528 tamennon
353 461 493 546 probant
504 482 513 545 3
524 468 624 546 prout
634 466 726 545 patet
735 481 777 527 ex
785 462 892 545 capite
903 467 995 527 Bona
1009 466 1065 543 23,
1077 465 1208 548 etcopitc

115 601 133 639 a
153 582 227 643 Cum
245 581 372 642 dilectas
386 579 440 655 32,
461 580 605 642 deliteat.
627 599 644 639 1

157 694 308 776 Qumsmo
331 696 618 775 5·.-(›1umaim
633 696 785 776 modendi
810 697 939 759 babeam
965 702 1055 760 testea
1075 699 1133 759 sibi
1155 701 1213 780 ipa

111 812 336 874 1111111111-
346 808 476 891 Duplex
496 807 724 892 distinguenda
754 810 967 875 contrarietas
993 833 1000 875 :
1031 811 1163 876 testium
1183 811 1214 876 ad

111 927 269 1004 invicem,
288 932 322 992 et
337 925 432 991 testis
449 944 523 990 cum
543 927 660 1009 seipso.

156 1045 183 1109 Ι.
209 1047 305 1108 Cosas
327 1048 550 1106 contrarietatis
572 1049 691 1107 testium
716 1045 758 1108 ad
779 1043 1017 1109 inuicem-Si
1040 1043 1131 1128 quod
1150 1043 1218 1111 affit-

112 1166 201 1226 mant
222 1159 322 1244 aliqui
343 1165 459 1237 testes,
489 1166 611 1242 negent
638 1158 705 1238 alii,
732 1158 969 1225 attendendum
992 1166 1045 1224 est
1070 1168 1219 1226 antestes

111 1279 156 1343 sic
177 1275 219 1342 ad
242 1275 380 1341 invicem
402 1277 554 1341 contrarii
578 1275 730 1359 producti
750 1277 815 1342 sint
838 1275 882 1342 ab
908 1275 1049 1356 eodem,
1076 1297 1119 1343 an
1139 1298 1158 1344 a
1180 1277 1219 1342 di·

112 1393 225 1458 versis.

156 1514 192 1574 Sa·
202 1515 305 1591 prius,
326 1505 427 1574 debet
442 1506 544 1593 judex
560 1528 734 1576 numerum
755 1516 789 1575 et
801 1509 993 1595 qualitatem
1006 1511 1142 1578 testium
1156 1529 1219 1598 per·

112 1623 269 1711 pendere.
294 1626 333 1690 ln
350 1625 452 1690 causis
465 1631 576 1690 tamen
589 1625 821 1702 criminalibus,
840 1645 912 1692 cum
928 1627 1143 1711 requirantur
1155 1645 1220 1712 pro

112 1740 259 1808 bationes
273 1725 465 1818 clarissimae,
484 1740 621 1806 eliditur
638 1742 856 1808 testimonium
869 1740 1108 1826 deponentium
1120 1750 1221 1809 contra

112 1857 235 1936 ileum,
258 1858 284 1922 si
308 1858 381 1937 alii,
396 1859 459 1922 etsi
475 1877 613 1924 numero
631 1854 816 1941 pauciores,
837 1859 1037 1952 contrarium
1053 1859 1219 1944 deponant.

113 1994 130 2032 a
146 1974 217 2037 Non
238 1980 478 2056 potestantem
501 1973 613 2056 negari
634 1972 697 2059 (ait
718 1971 1017 2055 Sabmalzgrueber,
1044 1973 1079 2037 in
1097 1973 1149 2039 tit.
1169 1975 1219 2049 10,

113 2113 130 2151 a
146 2089 255 2157 libain
272 2089 412 2168 decret,
435 2109 468 2153 n.
495 2087 594 2173 107),
611 2088 740 2174 quodsi
757 2097 827 2154 tres
842 2086 1008 2172 deponant
1022 2087 1065 2155 de
1086 2089 1219 2166 crimine,

115 2229 132 2267 a
148 2205 216 2272 duo
230 2213 339 2271 autem
350 2207 439 2271 omni
450 2206 642 2290 exceptione
657 2203 799 2290 majores
813 2222 873 2288 pra
890 2204 968 2282 lieo,
983 2205 1133 2287 priorum
1145 2202 1223 2270 testi

114 2332 130 2382 a
151 2322 293 2389 monium
310 2322 513 2389 debilitetur.
530 2343 547 2383 1

109 2476 113 2482 -
157 2441 192 2502 St
199 2443 367 2519 posteriue,
385 2435 421 2502 id
440 2445 509 2515 est,
529 2440 557 2503 si
575 2437 616 2504 ab
635 2444 747 2505 actore
763 2457 821 2504 seu
835 2444 1025 2521 promotore
1041 2435 1145 2503 fiscali
1156 2454 1222 2521 pro

113 2550 206 2617 ducti
229 2551 292 2616 sint
315 2553 372 2639 qai
394 2552 573 2630 affirmant,
604 2560 639 2619 et
664 2574 682 2619 a
709 2554 777 2619 ileo
800 2553 855 2639 qui
876 2560 1016 2636 negant,
1042 2561 1079 2619 et
1103 2552 1223 2638 quiden

113 2669 228 2754 aequali
242 2686 395 2747 numero,
415 2669 516 2735 debet
528 2668 649 2754 jadex,
667 2670 793 2736 ceteris
811 2670 960 2755 paribus,
980 2667 1121 2736 credere
1134 2667 1224 2754 depo

110 2786 263 2852 uentibus
276 2787 309 2850 in
324 2785 471 2852 favorem
485 2786 560 2870 Rei3
579 2787 654 2870 quia
669 2803 786 2870 nempe
805 2787 899 2851 istius
921 2805 1017 2852 causa
1036 2793 1090 2852 est
1104 2784 1221 2871 dejure

113 2900 323 2969 favorabilior
342 2902 458 2989 (capite
474 2906 525 2967 Ea
541 2905 653 2966 titteris
667 2905 700 2981 3,
713 2905 750 2966 de
764 2900 918 2986 Probat).
935 2902 980 2967 lta
994 2909 1109 2968 tamen
1123 2899 1223 2986 regala

115 3020 340 3103 exceptionem
369 3019 493 3102 patitur
513 3017 621 3103 quoad
644 3037 756 3084 causm
780 3022 950 3100 specialiter
968 3019 1163 3100 socratitas,
1183 3015 1223 3080 uti

115 3143 192 3201 sunt
217 3153 320 3200 cause
350 3135 566 3212 matrimonii,
602 3134 704 3215 dotis,
732 3134 893 3202 libertatis
922 3134 1093 3213 Ecclesia,
1118 3150 1223 3218 paupe

36 3327 38 3330 y
116 3269 202 3332 rum,
222 3260 287 3317 etc.

160 3370 203 3434 ΙΙ.
229 3373 323 3434 Casas
334 3374 418 3432 testis
432 3371 490 3432 atti
502 3375 562 3452 ipat
576 3368 844 3433 contraria-Vel
854 3367 915 3433 sibi
930 3365 1131 3434 contradicit
1141 3362 1223 3434 aab

117 3490 288 3570 antequam
310 3482 444 3549 recedat
464 3482 619 3567 ajudice,
638 3484 692 3549 rel
710 3491 836 3567 postea.
854 3488 890 3550 St
901 3489 999 3566 priua
1018 3481 1171 3549 standum
1182 3486 1223 3545 eet

117 3600 288 3684 posteriori
306 3599 402 3665 testis
422 3597 635 3683 depositioni3
660 3599 735 3684 quia
757 3597 846 3684 quod
870 3600 905 3663 in
926 3599 1129 3666 contrarium
1153 3596 1223 3664 dixit

112 3716 319 3783 censendum
337 3723 388 3781 est
402 3715 465 3799 ipsi
479 3735 520 3781 ex
533 3715 772 3781 inadvertentia
788 3713 963 3792 excidisse,
979 3735 1054 3781 cum
1074 3714 1157 3782 illud
1170 3719 1222 3780 aa

116 3836 176 3899 tim
197 3834 348 3916 corrigat.
371 3837 407 3898 si
422 3837 588 3914 portemus,
613 3830 939 3915 subdistinguendum
968 3838 1046 3896 est:
1078 3829 1223 3898 1111111

115 3948 311 4034 depositioni
324 3965 390 4014 sua
407 3945 601 4012 contradicit
616 3951 788 4030 injudicio,
805 3964 881 4011 cum
897 3964 1015 4030 nempe
1035 3946 1080 4013 ad
1094 3945 1223 4032 judicem

121 4064 265 4150 (notabili
279 4063 452 4149 interjecto
467 4059 651 4145 intervalla)
669 4061 778 4141 redit,
799 4061 853 4128 111
868 4069 959 4125 extra
966 4066 1132 4145 Jadtctam.

163 4182 194 4246 Si
214 4189 304 4244 extra
319 4184 489 4264 matum,
513 4176 699 4244 adhibenda
725 4180 833 4262 potius
859 4182 908 4244 est
936 4176 1021 4247 fides
1044 4175 1225 4265 depositioni

120 4297 212 4362 testis
229 4295 396 4381 injudicio
409 4295 556 4380 prolatae.

165 4411 243 4478 sita
247 4415 367 4494 judicto
381 4411 524 4497 priorem
541 4428 631 4481 snam
650 4411 886 4496 depositionem
911 4419 1033 4490 mutet,
1059 4409 1225 4479 videndun
