2714 4980
206 325 271 390 438
553 341 741 390 rmcraros
763 340 808 388 ns
829 339 978 388 runicus.

209 469 330 550 woodo
346 472 617 532 exommunicatur
638 472 775 532 Viccrics
792 469 962 548 generalis?
984 503 1029 515 -
1056 469 1086 531 1.
1113 466 1148 530 si
1169 466 1266 532 fuerit
1280 468 1312 533 ab

203 584 274 666 ipso
288 582 417 648 Vicario
440 583 584 667 generali
606 585 819 662 constitutus,
846 582 954 648 statim
973 601 1012 648 ac
1026 583 1056 648 is
1069 583 1314 649 excommunica·

202 706 269 777 tur,
288 706 393 765 cessat
407 699 575 765 substituti
586 699 784 784 jurisdictio.
812 700 944 765 Constat
960 718 1002 764 ex
1016 697 1184 765 decretali
1197 703 1315 763 Eorum

203 813 253 900 (dc
263 816 368 896 Officio
387 818 512 895 Vtaartt,
532 815 565 879 in
581 813 627 899 6).
647 815 688 881 Et
702 813 835 900 quidem
851 821 967 893 cessat,
985 833 1052 879 non
1074 821 1210 880 tantum
1223 814 1315 899 quom

203 947 315 995 causas
333 928 442 995 adhuc
460 931 615 1014 integras,
634 928 693 996 sed
714 932 811 996 etiam
827 929 935 1015 quoad
953 948 1067 1002 causas
1079 927 1151 1014 jam
1170 931 1313 1014 inceptat.

246 1046 336 1110 Mi
352 1065 431 1111 vero
453 1044 494 1110 ab
517 1047 674 1130 Episcopo
700 1047 897 1113 constitutus
911 1047 962 1125 sit,
982 1064 1206 1129 perseverare
1230 1046 1315 1130 ipsius

198 1158 384 1246 jurisdictio
399 1161 561 1227 censenda
576 1168 636 1227 est.

245 1279 277 1343 3.
298 1277 470 1362 ipsiusmet
480 1278 766 1363 Vicariigeneralis
778 1277 960 1365 jurisdictio
973 1286 1093 1357 cassat,
1108 1279 1212 1346 etiam
1222 1277 1314 1366 qnoal

200 1411 311 1459 causas
320 1401 455 1477 coeptas,
466 1393 598 1479 quando
609 1395 787 1479 Episcopus
801 1394 864 1460 fuit
874 1396 1189 1474 excommunicatus,
1199 1415 1315 1481 suspen

199 1527 264 1588 sus,
284 1511 337 1576 vel
355 1508 551 1576 interdictus
567 1511 724 1598 (intellige
741 1531 815 1577 cum
835 1510 1112 1598 denuntiatione),
1132 1514 1220 1579 sicut
1233 1515 1315 1579 edam

199 1625 330 1711 quando
351 1635 402 1693 est
425 1626 494 1693 vita
516 1627 661 1693 functus.
679 1629 720 1694 Et
736 1635 974 1714 consequenter
991 1636 1099 1694 cessat
1113 1636 1195 1695 tunc
1208 1631 1315 1714 pariter

196 1739 379 1827 jurisdictio
392 1742 572 1822 substituti,
592 1763 798 1831 quocumque
820 1743 917 1811 modo
931 1743 1033 1809 fuerit
1047 1747 1260 1812 constitutus.

243 1859 276 1923 4.
303 1859 341 1924 In
361 1858 421 1924 hoc
442 1867 552 1926 autem
573 1861 699 1927 aliaest
718 1861 861 1928 conditio
876 1861 1018 1946 delegati
1038 1863 1208 1928 aVicario
1232 1882 1314 1948 gene

198 1974 269 2040 nali.
283 1975 315 2040 Is
329 1976 425 2057 enim,
449 1979 726 2045 excommunicato
749 1978 933 2062 delegante,
951 1982 1061 2043 servat
1080 1996 1178 2044 suam
1199 1977 1315 2065 jurisdi

199 2092 340 2158 ctionem
365 2091 474 2178 quoad
505 2112 616 2160 causas
643 2093 709 2179 jam
736 2095 892 2178 inceptas,
917 2094 996 2160 licet
1021 2114 1088 2160 non
1114 2097 1201 2161 item
1223 2094 1315 2181 quoad

200 2205 306 2272 adhuc
324 2207 477 2292 integras.
495 2208 592 2290 Quod
611 2208 787 2277 discrimen
809 2209 886 2276 iude
907 2212 1070 2295 provenit,
1089 2210 1184 2297 quod
1200 2212 1315 2296 delego

199 2330 253 2388 tus
267 2340 333 2388 non
346 2323 561 2391 haheatidem
576 2346 650 2392 cum
664 2325 836 2412 delegante
846 2327 1000 2393 tribunal.
1016 2327 1102 2394 Vide
1115 2332 1314 2414 questionem

200 2437 376 2506 discussam
389 2440 478 2524 apud
493 2443 691 2508 Leurenium
709 2443 756 2531 (cte
775 2447 904 2507 Viccrtis
922 2447 1037 2526 Epist„
1059 2464 1091 2510 c.
1108 2447 1141 2524 3,
1159 2464 1193 2531 q.
1214 2442 1294 2530 202).

244 2559 396 2640 Qnmsrro
415 2559 483 2623 35³.
500 2592 547 2606 -
557 2561 606 2622 Aa
614 2565 712 2640 possit
727 2561 835 2640 absque
852 2561 975 2642 speciali
986 2562 1154 2635 mandato:
1182 2563 1217 2625 1⁰
1228 2579 1314 2643 copem

194 2674 342 2760 porcellos
356 2681 392 2737 ut
406 2676 467 2737 sibi
486 2675 658 2757 adjungant
671 2682 888 2757 cooperatores;
904 2677 939 2739 2⁰
948 2675 1094 2758 parociis
1112 2681 1263 2759 imperitis
1274 2695 1313 2739 ot·

205 2799 327 2875 signore
340 2795 470 2854 vicarios
485 2811 536 2854 scu
544 2794 730 2875 coadjutores
737 2816 753 2872 ,·
767 2795 802 2858 3ο
816 2797 994 2856 constituere
1003 2811 1190 2858 oecortomum
1200 2800 1233 2859 io
1244 2798 1313 2858 bote

201 2911 270 2989 ficto
292 2911 444 2972 amante?
465 2946 510 2958 -
533 2906 728 2991 Respondeo
749 2909 792 2975 ad
809 2907 1043 2975 Iaffirmatire.
1065 2911 1152 2975 Nam
1173 2913 1237 2977 etsi
1258 2910 1311 2976 Tri

185 3023 337 3091 dentina
360 3022 506 3109 synodus
527 3023 616 3111 (sess.
646 3026 700 3102 at,
723 3045 752 3089 c.
776 3021 808 3107 4)
832 3026 1011 3090 committat
1035 3026 1211 3112 Episcopis
1236 3032 1311 3092 otios

204 3150 346 3224 tortpcom
371 3144 547 3224 Apostolicoe
575 3143 663 3205 Sectis
688 3144 844 3223 delegatis,
861 3148 901 3206 ut
920 3147 1037 3226 cogant
1061 3148 1215 3210 rectores
1234 3161 1310 3229 paro

203 3256 359 3337 chiarum,
381 3256 543 3342 explendo
558 3257 685 3322 muneri
700 3274 759 3323 suo
775 3257 926 3341 impares,
945 3257 988 3323 ad
1014 3257 1077 3324 sibi
1100 3254 1309 3346 adjungendos

203 3381 443 3458 cooperatores,
459 3370 548 3440 idem
561 3381 672 3439 tamen
687 3373 798 3438 facere
810 3379 964 3457 poterant
977 3375 1132 3460 Episcopi
1147 3381 1188 3441 cte
1195 3384 1309 3462 jmeor·

203 3493 324 3557 dicaris
346 3498 422 3556 ante
446 3489 566 3556 dictam
590 3488 763 3574 synodum.
784 3489 881 3572 Quod
899 3497 1002 3575 patet,
1019 3489 1116 3575 juxta
1141 3492 1307 3560 doctrinam

203 3610 355 3695 Fagnani,
370 3609 492 3692 exipsa
506 3607 788 3691 particularium·
804 3627 877 3673 cum
892 3627 962 3673 eam
980 3615 1061 3674 tunc
1081 3607 1232 3695 modus
1244 3605 1306 3692 adji-

203 3744 281 3793 cere
302 3726 415 3802 soleat,
431 3742 505 3789 cum
530 3723 679 3808 Episcopi
691 3723 758 3809 jam
775 3723 812 3790 id
837 3723 958 3789 habent
979 3742 1021 3788 ex
1041 3722 1118 3808 jure
1144 3724 1303 3797 cromam,

204 3841 293 3928 quod
311 3841 388 3924 ipsis
406 3841 540 3924 mamper
555 3847 710 3924 tanquam
730 3838 1028 3924 Sedislpostolicae
1050 3838 1216 3926 delegatis
1238 3855 1305 3907 com

203 3957 354 4024 mittitur.
373 3957 445 4022 Jam
462 3975 542 4022 vero
556 3957 662 4022 omnia
680 3974 753 4042 quaa
773 3962 884 4040 potest
905 3955 1085 4040 Episcopus
1098 3955 1304 4042 jurisdictione

203 4073 383 4153 ordinaria,
406 4072 523 4141 eadam
548 4080 657 4157 potest
683 4083 719 4141 et
745 4075 889 4141 vicarius
910 4074 1089 4158 generalis,
1115 4073 1304 4160 exceptisiis

202 4197 264 4275 pro
288 4188 406 4276 quibus
423 4211 442 4256 a
460 4188 535 4275 jure
557 4188 701 4256 mandati
727 4189 874 4275 specialis
900 4197 1022 4256 statuta
1044 4190 1111 4258 fuit
1133 4192 1301 4259 necessitas.

204 4307 298 4372 Nullo
311 4313 420 4372 autem
433 4306 514 4392 juris
528 4312 622 4372 textu
638 4316 784 4385 cavetur,
801 4315 840 4373 ut
855 4307 1001 4372 Vican'us
1017 4308 1173 4376 mandato
1191 4304 1302 4393 speciali

205 4422 353 4508 Episcopi
362 4432 467 4508 egeat,
483 4423 526 4490 ad
540 4422 704 4509 cogendos
718 4425 889 4507 parochos,
904 4425 997 4490 oneri
1010 4425 1207 4493 sustinendo
1222 4426 1302 4507 impa-
