2714 4980
525 294 606 344 rans
627 293 742 343 ratus.
1128 278 1192 344 143

74 438 159 508 qnos
174 425 327 506 delcpctm
337 429 467 500 vocant,
480 421 614 505 plurimi
623 421 762 487 interest
778 438 925 500 noscere,
939 419 1019 506 quid
1029 419 1084 506 jus
1093 419 1195 487 cocle·

73 539 241 607 siastioum
251 538 295 608 de
305 539 347 606 ho
347 537 491 625 jusmodi
502 537 667 624 judicibus
681 539 844 605 statuerit.

619 789 645 854 1.

291 1010 361 1074 omo
374 1012 437 1072 sint,
452 1016 476 1062 st
484 1011 641 1076 camapio&
649 1012 751 1074 spectat,
763 1012 875 1076 delapsu
881 1011 994 1076 judicos.

34 1320 50 1341 ο
123 1241 154 1307 l.
176 1267 190 1305 n
211 1240 372 1324 Delegare
386 1239 552 1323 ingenere
564 1239 644 1305 nihil
658 1240 816 1324 significat
831 1240 931 1320 aliud,
946 1259 1043 1326 quam
1056 1241 1196 1307 alinmitt

81 1356 221 1422 «locum
236 1374 332 1423 suum
349 1354 559 1434 substituere,
580 1375 640 1421 seu
652 1356 739 1423 vioes
756 1375 830 1423 suas
849 1356 958 1423 eidem
978 1359 1193 1424 committere.

77 1495 92 1535 a
107 1474 149 1539 lit
162 1473 240 1538 hine
249 1476 350 1557 judex
363 1476 516 1555 delectatus
530 1474 642 1551 iserit,
657 1474 724 1558 qui,
739 1493 804 1539 non
822 1493 958 1540 munere
973 1475 1119 1558 proprio,
1136 1472 1197 1541 sed

82 1610 151 1656 «ex
166 1591 388 1658 commissione
409 1591 476 1677 (rel
496 1590 597 1675 ipsius
616 1590 709 1676 juris,
729 1592 782 1657 rel
802 1593 938 1657 alterius
954 1592 1101 1669 hominis,
1124 1608 1198 1675 pro-

80 1710 214 1793 «priam
225 1713 264 1772 et
279 1707 474 1773 ordinariam
488 1706 748 1791 jurisdictionem
763 1684 923 1793 habentis)
939 1708 1124 1774 immediate
1142 1707 1197 1775 vel

81 1847 95 1885 a
112 1825 256 1891 mediate
269 1824 365 1902 facta,
381 1823 522 1908 ideoque
538 1825 673 1891 alterius
688 1826 759 1890 vice
775 1833 810 1891 et
823 1825 1033 1904 authoritate,
1048 1824 1198 1911 jurisdio'

84 1962 98 2000 a
111 1943 232 2008 tionem
244 1941 286 2007 ab
304 1941 366 2005 isto
381 1938 566 2006 derivatam
582 1947 617 2005 ct
633 1939 816 2006 distinctam
830 1950 974 2007 exercet.
991 1963 1009 2004 »
1029 1940 1197 2028 (Schmalre

82 2059 230 2140 grueter,
247 2060 281 2124 in
298 2058 433 2123 titulum
461 2061 516 2137 29,
534 2057 613 2124 libri
640 2063 653 2124 l
681 2057 904 2138 decretalium,
926 2079 960 2123 n.
985 2056 1029 2143 l.)
1048 2056 1197 2125 «Differt

81 2180 147 2242 «1ο
170 2195 190 2240 a
207 2178 313 2259 judice
335 2178 513 2254 ordinario,·
527 2175 602 2260 quia
623 2174 677 2240 hic
701 2173 957 2261 jurisdictionem
980 2181 1114 2241 exercet
1136 2193 1196 2240 suo

82 2312 95 2349 t
103 2293 193 2379 jure,
204 2292 274 2357 sive
289 2310 332 2357 ex
343 2290 477 2376 proprio
492 2290 600 2376 aliquo
615 2290 718 2356 officio
738 2311 797 2356 seu
817 2291 1023 2376 magistratu3
1042 2294 1077 2357 2ο
1089 2290 1131 2357 ab
1147 2311 1197 2356 or·

75 2425 90 2465 t
104 2411 186 2473 citro
202 2412 470 2490 cmnpromtssorio,
487 2413 523 2472 et
540 2425 630 2472 mero
645 2415 821 2489 exacutam,-
836 2408 912 2493 quia
928 2407 983 2474 isti
999 2406 1197 2493 jurisdictio-

71 2541 88 2582 «
103 2545 183 2592 nem
197 2542 266 2590 non
281 2522 421 2607 habent3
438 2521 499 2589 sed
513 2524 569 2589 ille
588 2523 767 2607 simplicem
789 2523 958 2590 dumtaxat
971 2542 1074 2591 cause
1092 2526 1197 2610 cogni·

43 2635 86 2700 'n
106 2642 253 2719 tionem,
279 2639 332 2705 hio
363 2659 444 2706 vero
474 2638 600 2705 nudum
628 2638 831 2706 solummodo
860 2640 1094 2725 ministerium3
1116 2644 1153 2707 3⁰
1175 2660 1199 2707 a

58 2773 81 2815 <r
104 2764 232 2826 Vieora'o
256 2760 413 2840 concretu
429 2757 504 2842 quia
531 2755 582 2821 hic
611 2755 871 2841 jurisdictionem
898 2754 1031 2842 quidem
1062 2757 1197 2823 alterius

55 2889 82 2933 <‹
99 2871 364 2954 vioe‚.eamdem
376 2881 487 2938 tamen
506 2891 603 2957 qoam
621 2873 822 2939 constituens
835 2872 945 2953 habet,
962 2879 998 2938 et
1014 2874 1048 2937 in
1062 2873 1196 2958 proprio

51 3006 79 3051 r<
100 2990 207 3077 hujus
219 2989 385 3068 tribunali,
399 2997 545 3054 exercet.
562 3011 579 3050 »
598 2987 714 3076 (Idem,
734 2986 830 3068 thid,
852 3007 886 3052 n.
902 2985 948 3072 2.)

110 3113 149 3176 2.
176 3106 282 3174 Varie
293 3105 516 3190 distinguntur
531 3103 756 3189 delegatorum
767 3103 915 3189 judicum
930 3105 1076 3188 species:
1096 3107 1129 3170 1⁰
1142 3106 1196 3172 alii

44 3233 148 3295 sunt
163 3224 308 3309 delegati
325 3222 443 3309 ajune,
460 3223 516 3288 alii
533 3223 584 3304 alt¹
594 3223 734 3289 homine.
754 3224 893 3305 Dclepati
906 3243 926 3286 a
939 3228 1013 3306 jora
1033 3223 1080 3289 illi
1104 3231 1192 3305 sunt,

45 3344 192 3432 quihus
207 3360 268 3427 per
278 3343 385 3425 legem
400 3341 539 3425 aliquam
557 3339 731 3423 delegatur
746 3337 948 3424 jurisdicti03
960 3347 995 3405 et
1010 3339 1072 3406 hoc
1095 3341 1194 3409 modo

44 3450 226 3546 Episcopi
243 3458 277 3522 in
294 3457 407 3522 multis
426 3455 594 3522 constituti
611 3461 688 3520 sunt
711 3454 806 3520 Sedis
825 3455 1015 3540 Apostolicae
1036 3455 1191 3541 delegati,

43 3574 256 3660 praesertim
269 3591 332 3657 per
341 3570 529 3638 Tridentino
538 3570 683 3638 decreta.
694 3572 786 3638 licet
796 3580 938 3639 autema
951 3573 1024 3657 lege
1034 3574 1104 3657 ipsa
1113 3582 1194 3640 tunc

44 3687 329 3774 jurisdictionem
348 3688 521 3772 recipiant,
541 3689 660 3754 merito
679 3696 790 3753 tamen
811 3688 965 3755 dicuntur
985 3688 1136 3774 delegati,
1158 3697 1204 3756 et

51 3825 136 3878 non
147 3805 324 3885 Ordinarii,
340 3806 416 3890 quia
428 3823 494 3870 non
505 3805 633 3871 ratione
647 3804 752 3883 officii,
767 3804 827 3872 sed
844 3825 906 3889 per
926 3805 1060 3872 modum
1075 3807 1195 3889 specia-

52 3925 106 3995 lis
124 3923 356 3993 commissionis
367 3921 404 3988 id
421 3923 592 4007 potestatis
604 3923 659 3988 lex
673 3924 721 3989 eis
731 3923 861 3989 tribuit.
880 3927 1018 4006 Delcqatt
1028 3925 1195 3989 abdomine

58 4043 217 4121 illisunt,
234 4041 291 4127 qui
303 4041 346 4107 ab
364 4041 472 4126 aliquo
487 4038 598 4125 judice
610 4039 786 4119 ordinario,
803 4048 884 4124 puta
898 4061 917 4106 a
930 4042 1018 4124 Papa
1036 4041 1090 4106 vel
1103 4041 1196 4126 Epis·

65 4179 167 4245 copo,
189 4158 429 4243 delegationem
442 4157 615 4240 recipiunt.
629 4160 662 4222 2⁰
678 4156 738 4222 Alii
749 4162 826 4221 sunt
842 4155 984 4239 delegati
995 4160 1191 4236 universales,

69 4279 287 4361 aliispeotoics.
305 4275 437 4343 Priores
455 4273 659 4358 delegantur,
678 4273 731 4338 rel
746 4271 789 4338 ad
800 4290 913 4338 omnes
926 4273 1103 4339 universim
1120 4293 1197 4339 oau-

75 4415 136 4476 sas,
161 4395 218 4464 rel
234 4395 351 4462 saltem
371 4392 415 4461 ad
431 4410 546 4460 omnes
563 4409 677 4459 causas
694 4389 778 4457 certi
796 4390 1100 4476 generis,.quamvis
1120 4410 1197 4457 cum
