2714 4980
103 289 167 354 lta
448 305 635 352 rnncrarus
657 305 701 353 nu
723 304 872 352 spurcus.

103 432 144 498 ab
156 430 226 517 ejus
239 430 407 496 sententiis
418 427 554 495 daretur
565 427 607 494 ad
622 430 815 514 Episcopum
829 430 1017 514 appellatio.
1035 431 1140 498 Porro
1153 431 1210 497 hec

101 567 178 615 vera
193 565 263 612 esse
278 550 457 630 nequeunt,
472 546 552 628 vquin
563 546 658 610 simul
677 566 791 612 rerum
811 547 862 624 sit,
879 564 974 629 posse
988 547 1154 613 vicarium
1167 567 1212 631 ge

101 664 246 730 neralem
259 662 365 728 omnia
379 661 575 744 generaliter
590 678 660 745 quar
676 659 783 745 potest
805 663 994 746 Episcopus.
1021 664 1108 747 Ergo
1127 663 1153 727 si
1166 683 1213 728 ne

102 787 200 866 queat
215 779 361 843 Vicarius
379 778 539 861 generalis
553 777 660 862 aliqua
674 777 890 862 jurisdictioni
909 780 1087 863 episcopali
1097 798 1214 862 compe

101 897 204 963 tentia
215 913 381 972 exercere,
402 893 436 958 id
457 894 646 977 contingere
658 895 771 978 nequit
783 895 843 959 nisi
854 915 914 980 per
928 897 1013 961 viam
1026 903 1215 979 exceptionis·

102 1031 196 1078 exeo
209 1011 333 1076 scilicet
350 1009 439 1094 quod
453 1010 506 1074 vel
522 1009 576 1074 lex
593 1009 821 1088 ecclesiastica,
840 1011 893 1075 vel
905 1011 975 1094 ipse
991 1011 1168 1095 Episcopus
1181 1031 1215 1076 ex

100 1130 296 1210 generalitate
317 1123 554 1210 ¹jurisdictionis
577 1124 776 1208 episcopalis,
798 1143 859 1208 per
883 1125 1045 1210 ejusmodi
1061 1127 1215 1192 Vicarium
1247 1211 1249 1216 Ι

101 1242 304 1320 exercendae,
321 1240 442 1326 aliquid
454 1241 631 1323 exceperit.
653 1240 811 1325 Alioquin,
840 1240 1062 1307 abstrahendo
1079 1242 1121 1307 ab
1139 1242 1216 1308 hisce

100 1359 355 1435 limitationihus,
371 1377 432 1441 per
445 1375 480 1421 se
494 1365 528 1421 et
542 1358 573 1419 ri
588 1357 759 1439 ipsiusmet
771 1355 991 1440 deputationis
1006 1376 1074 1422 suae
1089 1360 1122 1423 in
1134 1360 1216 1423 Vrec·

101 1477 186 1541 rium
204 1477 383 1557 procralcm,
407 1474 529 1557 poterit
558 1471 707 1538 eamdem
733 1474 873 1551 omnino,
892 1479 925 1538 et
947 1479 1053 1539 totam
1072 1482 1217 1559 quantam

101 1591 279 1674 Episcopus
291 1588 549 1674 jurisdictionem
565 1607 731 1653 exercere.
751 1590 836 1672 Ergo
862 1608 979 1654 revera
1005 1597 1217 1675 tanquamre·

101 1708 177 1790 gula
196 1706 355 1789 generalis
372 1702 610 1768 admittendum
634 1711 694 1780 est,
718 1722 811 1787 posse
832 1723 907 1768 eum
930 1703 1098 1789 quidquid
1115 1713 1217 1789 potest

97 1823 396 1908 jurisdictionaliter
422 1821 609 1904 Episcopus,
631 1823 860 1906 exceptisque
881 1821 934 1907 jus
949 1831 1093 1906 excepta
1109 1824 1214 1900 voluit,

101 1940 156 2006 rel
170 1957 240 2023 quae
256 1938 432 2020 Episcopus
443 1936 505 2001 sibi
519 1938 712 2004 reservavit.
761 1936 771 1956 ‘

110 2107 112 2111 .
145 2059 203 2122 Est
216 2062 326 2120 autem
338 2054 439 2118 hocce
451 2053 645 2136 principium
656 2052 753 2119 valde
764 2053 1003 2121 attendendum
1016 2056 1150 2141 quando
1164 2057 1218 2140 agi

101 2184 157 2241 tur
186 2172 228 2239 de
251 2168 448 2236 dimetienda
475 2177 510 2235 et
528 2169 776 2236 determinanda
803 2173 1005 2237 vicariorum
1024 2175 1217 2257 generalium

102 2296 276 2373 potestate.
295 2285 421 2352 Indicat
444 2288 530 2350 enirn
552 2285 595 2351 ad
619 2285 779 2371 ejusmodi
799 2285 1110 2354 determinationem
1135 2297 1217 2355 recte

102 2405 247 2490 procedi,
263 2424 328 2469 non
338 2402 477 2469 dicendo
486 2407 661 2484 qaidpossit
672 2404 818 2469 Vicarius
830 2404 1002 2487 generalis,
1011 2405 1074 2472 aed
1086 2405 1218 2473 dicendo

101 2526 175 2604 qaid
189 2541 249 2585 coa
260 2525 375 2602 possit,·
386 2517 472 2584 idest
485 2518 704 2602 exceptiones,
720 2536 791 2603 quae
808 2519 842 2582 in
856 2520 928 2602 ipso
939 2521 1162 2606 episcopalem
1173 2521 1218 2607 ja·

102 2636 323 2703 risdictionem
338 2635 489 2712 limitant,
507 2634 711 2718 exponendo.

146 2747 242 2830 Quod
262 2766 341 2813 vero
370 2746 494 2811 dictum
509 2747 660 2829 generale
684 2748 877 2830 principium
898 2752 1118 2817 communiter
1134 2749 1217 2817 ado

103 2865 247 2932 ctoribus
257 2872 411 2948 tanquam
425 2870 552 2927 certum
561 2860 724 2939 tradatur,
734 2864 810 2927 satis
818 2864 944 2945 patebit
955 2884 997 2928 ex
1009 2867 1218 2951 sequentibus

101 2981 252 3046 Leurenii
271 2979 404 3044 verbis:
428 2978 602 3042 «Vicarius
622 2978 780 3065 generalis
799 2979 950 3063 Episcopi
968 2980 1050 3065 quid
1064 2984 1167 3066 possit
1183 3002 1217 3048 eo

107 3102 120 3151 t
139 3097 209 3180 ipso
235 3094 323 3180 quod
351 3093 577 3170 constituatur,
596 3094 663 3158 sive
689 3114 728 3158 ex
746 3096 778 3158 vi
793 3094 966 3160 vicariatus
984 3100 1150 3179 generalis
1165 3117 1218 3182 per

107 3214 393 3278 «commissionem
412 3209 610 3293 generaliter
634 3209 755 3275 factam
781 3213 812 3275 ei
837 3212 968 3276 collati?
996 3213 1216 3298 Respondes:

107 3328 253 3393 «Potest
276 3347 388 3393 omnes
413 3344 523 3390 causas
543 3325 586 3389 ad
602 3327 818 3410 episcopalem
838 3325 1099 3411 jurisdictionem
1123 3333 1218 3415 perii·

107 3475 120 3499 ·‹
138 3452 253 3511 nentes
268 3442 437 3527 expedire,
453 3441 741 3526 praeteritasque
756 3443 896 3525 speciale
911 3443 1103 3512 mandatum
1118 3448 1218 3532 requi·

106 3569 213 3626 «runt
245 3560 428 3648 (Garoias...
461 3556 681 3642 Pirrhing...).
712 3560 752 3623 Et
778 3560 823 3624 sic
853 3560 1000 3625 Vicarius
1023 3564 1217 3644 generaliter

105 3708 120 3735 a
135 3681 329 3746 constitutus
344 3677 630 3761 presumptionem
644 3695 705 3759 pro
722 3696 756 3742 se
771 3677 880 3754 hahet,
905 3677 994 3761 quod
1016 3697 1132 3746 omnes
1150 3698 1216 3746 cau·

106 3827 118 3851 «
135 3816 186 3863 sas
199 3793 432 3880 jurisdictionis
449 3792 637 3875 episcopalis
651 3789 807 3874 expedire
822 3793 933 3888 possit,
952 3793 1015 3858 nisi
1025 3802 1158 3862 constet
1167 3794 1215 3863 rel

105 3947 118 3970 1
139 3912 331 3983 ostendatur
337 3909 412 3995 jure
426 3911 557 3992 scripto,
573 3917 630 3974 aut
642 3917 775 3993 recepta
782 3911 947 3975 curiarum
964 3913 1213 3990 consuetudine,

105 4063 118 4087 κ
136 4033 223 4097 inter
233 4028 391 4112 speciales
402 4027 567 4093 numerari
574 4026 769 4111 (Layman...
781 4026 980 4093 Rebuffua...
998 4027 1216 4115 Pirrhing...);

107 4178 119 4202 a
139 4147 192 4213 rel
205 4145 268 4210 nisi
285 4150 410 4210 constet
426 4141 548 4226 aliquid
567 4142 608 4207 ab
627 4143 786 4227 Episcopo
802 4163 872 4210 esse
896 4163 961 4209 suae
981 4149 1139 4228 potestati
1152 4167 1217 4231 spe

106 4293 119 4318 ι
137 4263 261 4329 cialiter
274 4267 487 4326 reservatum.
505 4259 613 4339 Quare
627 4259 701 4323 siin
716 4260 822 4344 aliquo
833 4279 956 4327 canone
970 4261 1117 4344 dicatur,
1130 4262 1217 4350 quid·

106 4380 219 4462 «piam
244 4376 287 4443 ad
318 4375 467 4459 Episcopi
497 4383 693 4457 potestatem
717 4384 884 4458 spectare,
919 4377 979 4442 nisi
1010 4379 1099 4449 inter
1128 4400 1215 4447 casua
