2714 4980
141 288 183 351 36
493 299 678 350 macrinus
700 300 744 350 nu
768 299 914 350 suorum.

141 435 193 495 lca
210 427 323 518 (Exodi
339 426 392 513 23)
406 429 505 511 jubet,
524 431 720 512 injusticiam
742 433 868 509 uenerit,
889 431 981 493 stabit
1000 435 1124 512 uterquc
1140 430 1256 512 discep-

141 551 313 612 lantiumiu
328 543 600 640 mclicjmlumssu
611 550 745 642 μὲσῳτῷ
758 556 915 645 κρίτηριῳ,
936 564 1006 631 quae
1036 565 1099 612 vox
1122 544 1256 612 uidetur

138 663 282 730 indicare
298 663 416 728 atrium
430 662 465 726 in
480 680 545 747 quo
556 661 610 748 jus
623 660 753 747 dicitur)
772 683 779 729 ε
799 665 905 744 quibus
920 664 1046 742 auditis,
1065 664 1142 743 ferte
1155 668 1257 725 scaete

96 826 102 833 .
139 789 169 846 et
189 787 359 862 incorrupte
382 784 554 862 suffraqia;
572 788 602 843 et
619 783 690 844 elate
705 799 835 861 operam,
857 785 892 843 ut
908 785 1066 859 antequam
1092 779 1257 860 Episcopus

136 901 322 979 pronuntiet,
342 895 421 974 fiant
437 900 538 974 amici,
554 914 591 958 ne
606 903 694 959 encat
707 899 848 977 Episcopi
863 899 1009 957 sententia
1032 913 1121 975 super
1143 900 1255 956 terram

135 1021 240 1077 cantra
261 1033 328 1077 eam
345 1018 398 1094 qui
410 1014 536 1094 deliquit
544 1035 559 1093 ,·
577 1018 648 1095 quia
664 1014 751 1076 labat
770 1033 867 1081 seeum
886 1018 918 1076 in
939 1013 1086 1075 tribunali
1100 1011 1255 1075 Cltristum

134 1135 191 1196 Dei
205 1131 316 1210 filium,
327 1133 441 1214 judicii
454 1132 704 1212 comprobaturum
718 1138 747 1194 et
761 1136 952 1212 sepuitorem.
965 1133 1000 1194 Sl
1014 1136 1065 1211 qui
1075 1148 1144 1192 uero
1155 1148 1174 1192 a
1186 1148 1256 1212 qua·

88 1243 92 1248 ’
133 1251 217 1329 piam
232 1250 269 1311 cle
280 1249 409 1328 infamia
420 1268 479 1311 nau
492 1255 570 1311 recta
585 1248 761 1311 ambulandi
779 1251 812 1310 iu
829 1249 949 1311 domiuo
962 1252 1143 1327 arquantur,
1164 1247 1255 1308 aucli-

135 1369 175 1427 tis
189 1366 330 1427 similiter
344 1370 489 1445 utrisque,
509 1371 538 1426 et
552 1383 612 1427 uon
626 1384 665 1427 eac
678 1369 815 1446 opinione
818 1366 1031 1447 prajuelicata,
1050 1382 1142 1444 nequa
1157 1363 1253 1425 altera

134 1488 251 1544 tantum
266 1484 382 1561 audito,
405 1483 457 1545 secl
468 1487 573 1563 potius
580 1486 665 1564 juste
680 1488 821 1563 tanquam
841 1483 878 1545 ele
897 1486 962 1544 uita
980 1488 1010 1544 et
1029 1487 1124 1543 marte
1141 1485 1252 1562 sempi-

132 1605 228 1677 terna,
246 1600 369 1680 serenata
379 1604 424 1660 cst
438 1604 597 1661 sententie.
606 1647 628 1662 ..
644 1603 703 1678 Qui
717 1604 796 1661 enim
803 1602 915 1681 juslea
929 1600 1012 1662 uobis
1022 1603 1150 1680 punitus
1165 1604 1209 1660 est
1224 1603 1254 1659 et

132 1720 417 1794 recommunicatus,
437 1716 551 1778 iulema
572 1721 638 1778 uita
654 1717 824 1779 immortali
838 1723 869 1779 et
892 1717 991 1797 pluria
1010 1721 1136 1798 rejectus
1149 1721 1205 1794 est,
1224 1721 1254 1777 et

131 1834 213 1914 apud
220 1837 321 1915 justas
336 1840 366 1894 et
374 1839 443 1916 pios
454 1834 586 1910 llamiues
597 1834 794 1897 inleenoratus
807 1841 837 1897 et
852 1836 1011 1915 inplerius,
1026 1817 1055 1897 ct
1073 1834 1156 1915 apucl
1172 1851 1255 1895 eum·

131 1953 198 2014 elem
213 1954 308 2015 Deum
323 1955 484 2015 damnatus
501 1951 567 2037 (lib.
583 1955 615 2031 2,
635 1971 664 2017 c.
683 1950 751 2037 47).
768 1957 813 2018 Ne
831 1955 868 2017 alc
880 1958 961 2016 omni
971 1960 1092 2034 peccato
1107 1954 1187 2016 idem
1199 1958 1254 2035 ju-

131 2071 242 2133 dicium
251 2075 468 2151 pronuntiatio.
477 2117 499 2133 ..
513 2072 597 2134 Alias
608 2073 726 2151 quictem
736 2072 809 2132 salis
826 2075 917 2133 minis
930 2076 960 2132 et
980 2071 1153 2148 terroribus,
1176 2071 1254 2131 alios

131 2188 325 2250 mulctatione
337 2188 489 2268 larpieuuli
498 2189 694 2269 pauperibus,
710 2207 816 2250 rursus
830 2189 908 2250 alias
917 2191 1044 2269 jejuniis
1055 2191 1252 2269 comprimes:

132 2309 204 2366 item
216 2306 294 2366 alios
309 2306 348 2366 ccc
356 2306 490 2367 Ecclesia
501 2309 599 2387 ejicies
608 2324 667 2386 pro
682 2305 891 2386 mapu‘itusline
901 2312 931 2367 el
939 2310 1091 2386 pravitate
1097 2309 1252 2368 criminis:

132 2426 159 2485 si
174 2423 293 2503 quidem
309 2423 428 2486 lcauou
443 2441 527 2485 unua
541 2424 683 2486 delictum
694 2423 795 2485 eadem
808 2424 953 2505 supplicia
959 2423 1163 2504 puniebat....·
1173 2424 1252 2485 alias
1276 2507 1279 2513 y

132 2541 252 2620 quidem
262 2546 356 2601 marte
369 2541 516 2621 puniebat
527 2542 575 2603 ael
584 2544 666 2602 enai
674 2539 823 2621 affiqmclo
835 2541 884 2602 uel
895 2540 1070 2621 lapidanda,
1084 2540 1164 2601 alios
1184 2557 1254 2602 uera

133 2657 245 2718 mulcta
254 2662 386 2738 pecunia
401 2658 449 2719 uel
461 2658 642 2736 uerberibus,
660 2659 708 2719 cel
722 2658 844 2720 taliane.
854 2660 937 2738 Erpa
946 2676 998 2720 aas
1011 2674 1123 2738 quoque
1132 2658 1254 2720 aliumue

132 2773 243 2834 clelicta
258 2774 388 2834 diuersis
401 2777 499 2854 pranis
511 2774 634 2853 plectite
645 2769 713 2857 (lib.
732 2772 763 2849 2,
785 2790 818 2835 a.
834 2767 901 2854 48).

176 2888 216 2953 In
233 2888 367 2954 concilio
383 2888 512 2952 Nicaeno
523 2886 749 2951 interfuerunt
760 2904 827 2951 non
844 2886 938 2969 pauci
954 2885 1063 2950 Ariani
1079 2887 1250 2973 Episcopi:

134 3005 168 3070 hi
188 3012 298 3070 autem
321 3023 396 3070 eum
417 3003 569 3070 viderent
590 3002 651 3069 sihi
670 3004 838 3068 imminere
855 3023 874 3068 a
893 3001 1041 3087 patribus
1063 3002 1253 3069 orthodoxis

134 3120 446 3198 condemnationem,
463 3119 506 3184 sd
520 3120 763 3185 Constantinum
776 3120 1006 3202 imperatorem
1018 3138 1187 3185 recursum
1197 3120 1253 3186 ha-

134 3237 237 3303 buere
257 3234 357 3322 (quod
383 3243 417 3300 et
439 3243 535 3300 antea
557 3230 704 3300 fecerant
728 3236 919 3314 Donatista,
944 3236 1090 3320 graviter
1113 3235 1156 3302 ob
1181 3257 1253 3303 eam

53 3392 56 3396 ·
136 3372 207 3420 rem
222 3372 241 3418 a
259 3338 291 3416 S.
309 3333 486 3434 Augustino
500 3348 681 3437 increpati).
699 3353 882 3437 Imperator
896 3360 1005 3418 autem
1022 3353 1184 3437 supplices
1199 3374 1253 3421 ea·

99 3476 102 3481 ’
135 3489 211 3536 rum
234 3466 362 3533 libellos
385 3467 495 3550 legere
518 3468 639 3547 noluit,
665 3469 761 3534 immo
788 3469 923 3534 flammis
945 3467 1070 3553 injecit;
1092 3471 1253 3537 rationem

137 3585 262 3652 addens
282 3589 465 3649 memoratu
493 3582 641 3668 dignam,
667 3605 764 3672 quam
786 3585 891 3651 refert
911 3585 961 3651 his
984 3586 1092 3651 verbis
1116 3587 1254 3654 Rufinus

138 3702 232 3789 (illst.
250 3703 377 3781 Euclea,
389 3700 446 3766 lib.
463 3703 514 3780 10,
531 3708 611 3766 seat.
622 3703 737 3784 prima,
749 3721 819 3786 cap.
833 3699 883 3786 ii:
900 3731 914 3758 «ι
925 3704 1254 3770 Deusvoseonstituit

139 3816 365 3896 «sacerdotes,
383 3825 418 3883 et
429 3824 624 3901 potestatem
640 3818 732 3884 vohis
747 3809 840 3885 dedii
853 3817 898 3886 de.
909 3820 1003 3884 nobis
1021 3838 1149 3905 quoque
1164 3818 1253 3906 judi-

140 3969 154 3994 «
168 3933 279 4019 candi3
295 3943 329 4001 et
348 3933 424 3999 ideo
439 3954 497 4001 nos
511 3954 530 4000 a
546 3935 638 4001 vohis
655 3943 747 4001 recte
764 3934 963 4020 judicamur;
981 3956 1040 4003 vos
1058 3946 1170 4002 autem
1186 3956 1253 4003 non

140 4082 154 4108 ιι
167 4051 356 4147 potestisab
370 4051 552 4118 hominibus
560 4050 712 4137 judicari.
726 4055 867 4137 Propter
876 4052 964 4138 quod
978 4054 1041 4118 Dei
1053 4054 1152 4138 solius
1166 4055 1254 4120 inter

140 4200 155 4226 ι
168 4189 227 4237 uos
245 4174 415 4253 expectate
432 4159 607 4253 judicium
625 4176 660 4235 et
683 4177 791 4236 vestra
809 4169 915 4255 jurgia
937 4189 1150 4256 quacumque
1170 4173 1249 4253 sint,

140 4319 154 4347 «
168 4289 211 4356 ad
231 4286 315 4374 illud
334 4286 481 4354 divinum
501 4295 713 4354 reserventur
738 4308 884 4354 examen.
910 4291 974 4356 Vos
990 4290 1112 4356 etenim
1125 4289 1253 4357 nobisa

141 4411 241 4474 «Deo
257 4403 328 4474 dati
349 4405 426 4472 estis
448 4402 512 4491 dii3
531 4413 566 4473 et
580 4405 777 4475 conveniens
799 4425 864 4474 non
885 4414 935 4475 eat
956 4412 994 4475 ut
1009 4406 1105 4475 homo
1124 4405 1254 4493 judicet
