2714 4980
129 300 192 367 tat
463 313 650 362 amerinus
673 314 716 360 nn
739 312 888 361 sumens.

132 471 147 500 ι
163 449 201 509 ut
212 438 271 507 det
288 438 335 504 illi
347 437 519 522 specialem
535 437 576 504 ad
590 438 653 506 hoc
664 438 854 505 facultatem
869 439 903 504 in
917 437 1058 522 scriptis.
1080 466 1093 492 ι
1115 437 1236 524 (Laure-

126 559 210 638 nius,
225 557 299 623 loco
315 551 440 638 citato.)

169 680 261 742 Nota.
272 671 419 738 visitatio
430 669 578 737 dioecesis
593 681 643 738 est
656 679 749 738 certo
764 670 964 757 dabisque
979 671 1098 756 nequit
1110 670 1237 754 explere

123 791 268 858 vicarius
283 789 444 873 generalis
461 787 582 872 absque
595 790 728 872 speciali
740 788 910 873 mandato;
924 789 1001 873 quia
1018 787 1065 854 ob
1077 790 1129 853 rei
1141 790 1238 872 gravi·

120 913 235 983 tatem,
251 923 318 970 non
328 910 482 968 censetur
499 902 676 987 Episcopus
689 922 761 968 eam
782 901 967 968 concedere
982 919 1047 984 per
1060 902 1238 986 generalem

120 1025 295 1089 vicariatus
307 1018 573 1087 commissionem.

163 1137 404 1220 Qunsr1023¹.
430 1168 476 1181 -
497 1137 546 1197 Ao
565 1140 664 1216 possit
688 1138 796 1216 absque
822 1137 947 1216 spectata·
971 1121 1136 1214 modom,
1168 1139 1238 1198 circa

117 1269 290 1315 concursum
308 1267 365 1330 pro
381 1247 605 1330 parocbuttoos
629 1251 758 1310 ecclesiis
773 1250 962 1326 peccatibus,
983 1250 1019 1311 sd
1042 1249 1155 1327 facere,
1183 1267 1238 1328 pus

116 1373 214 1450 potest
223 1367 408 1447 Episcopus?
426 1398 471 1411 -
489 1391 503 1416 ι
520 1356 714 1446 Respondeo
738 1367 788 1429 1⁰:
806 1371 916 1446 potest
928 1363 1084 1430 vicarius
1093 1383 1137 1430 ex
1154 1381 1238 1446 gene

123 1511 136 1536 ι
152 1481 212 1548 rali
228 1479 452 1546 commissione
471 1480 655 1558 vicariatus,
678 1479 746 1547 sine
765 1479 896 1563 speciali
920 1477 1089 1557 mandato,
1113 1498 1237 1546 concur·

122 1628 135 1654 ι
153 1617 224 1664 sum
231 1597 387 1674 indicere,
399 1615 583 1680 proponere
597 1596 715 1673 edicta,
726 1616 865 1682 eumque
879 1615 953 1662 cum
964 1597 1237 1668 examinatoribus

122 1744 135 1769 ι
153 1713 333 1791 celebrare,
355 1731 392 1778 ac
415 1712 596 1779 successive
613 1731 654 1778 ex
677 1711 869 1795 approbatis
897 1711 1020 1794 eligere
1048 1711 1232 1798 digniorem.

121 1859 136 1886 ι
152 1829 357 1915 Regulariter
370 1829 456 1895 enim
468 1836 577 1912 potest
593 1829 739 1894 Vicarius
747 1849 789 1894 ex
801 1829 946 1912 generali
954 1831 1195 1908 commissione,
1206 1848 1234 1894 ea

122 1974 136 2000 ι
152 1963 223 2030 quae
238 1951 313 2009 sunt
325 1942 568 2029 jurisdictionis,
585 1945 646 2010 nisi
660 1946 845 2028 specialiter
866 1945 1086 2028 excipiantur,
1110 1946 1237 2031 qualiter

122 2089 137 2117 ι
152 2080 219 2126 non
234 2060 397 2144 excipitur
412 2078 600 2125 concursus.
617 2063 731 2146 Neque
748 2061 797 2127 his
808 2061 939 2127 obstant
949 2061 1053 2127 verba
1067 2055 1235 2129 Tridentini

122 2206 137 2234 ι
156 2177 250 2265 (sess.
269 2177 323 2254 24,
338 2196 367 2240 c.
387 2173 453 2260 18),
472 2178 677 2259 obEptscopo,
697 2196 748 2241 seo
762 2198 796 2241 co
808 2181 965 2259 impedito,
983 2181 1024 2242 ab
1047 2184 1116 2261 qius
1132 2181 1235 2244 Vicurio

123 2321 138 2349 ι
154 2294 299 2374 peperoli,
332 2298 404 2371 etc„
430 2290 548 2375 quibus
576 2291 661 2357 velle
684 2291 818 2358 videtur
837 2292 1024 2373 concilium,
1047 2294 1097 2359 ita
1118 2293 1234 2360 demun

124 2439 139 2467 ι
156 2429 249 2494 posse
266 2408 430 2476 Vicar'ium
449 2409 617 2475 celebrare
632 2429 768 2477 examen
780 2429 840 2494 per
856 2425 1063 2492 concursum,
1082 2412 1234 2496 siEpisco

124 2555 139 2583 ι
156 2527 266 2613 pussit
277 2523 465 2609 impeditus.
473 2525 663 2609 Respondet
671 2546 810 2612 namque
818 2529 990 2595 Garoias...
1001 2536 1038 2594 ct
1045 2529 1231 2602 namon...

125 2669 140 2697 ι
155 2641 282 2726 perillo
295 2639 477 2706 verbanon
494 2639 574 2717 tolli,
591 2640 671 2725 quin
684 2659 794 2707 coram
810 2642 938 2707 vicario
958 2644 1064 2724 possit
1083 2642 1159 2710 fieri
1174 2659 1234 2708 exa·

126 2786 140 2813 ι
157 2776 243 2836 men,
261 2757 357 2822 etiam
373 2755 531 2839 Episcopo
544 2775 609 2821 non
627 2755 799 2840 impedito;
816 2756 875 2823 sed
889 2759 994 2841 posita
1004 2777 1080 2825 esse
1096 2758 1140 2825 ad
1151 2757 1233 2825 deno

126 2902 140 2927 «
157 2873 309 2951 tandum,
331 2871 504 2937 convenire
525 2878 562 2936 ut
581 2871 622 2937 ab
640 2873 711 2955 ipso
734 2873 908 2956 Episcopo,
938 2883 1091 2941 cessante
1113 2871 1234 2960 inpedi-

127 3014 141 3043 ι
156 2993 281 3063 mento,
310 2983 368 3049 fiat
388 3002 536 3049 examen.
564 2986 683 3069 Nequit
704 2991 813 3051 tamen
833 2985 998 3053 aVicario
1021 2989 1095 3055 sine
1123 2983 1234 3072 speciali

128 3130 142 3158 «
159 3099 311 3169 mandato
326 3099 401 3167 fieri
415 3101 484 3184 ipsa
497 3100 626 3167 collatio
643 3101 830 3184 parochialis
842 3101 984 3169 indicam
1001 3111 1039 3169 et
1052 3106 1165 3172 electo
1181 3121 1234 3169 na

128 3247 143 3275 ι
157 3218 205 3302 gis
228 3217 357 3283 idoneo.
377 3241 393 3278 a

173 3361 187 3390 ι
204 3331 447 3417 Respondeas
462 3354 469 3397 :
486 3332 683 3417 praesidente
696 3335 730 3399 in
743 3354 901 3402 concursu
916 3335 1082 3422 Episcopo
1093 3357 1168 3406 curn
1177 3354 1234 3403 exa·

130 3449 383 3536 «minatoribus,
408 3456 446 3513 ut
469 3449 666 3517 interveniat
687 3451 786 3517 etiam
793 3452 942 3519 vicarius
960 3456 1139 3536 generalis,
1156 3456 1234 3538 isque

129 3592 144 3622 ι
161 3565 259 3632 etiam
273 3564 464 3646 interroget,
485 3563 606 3649 absque
621 3574 732 3631 tamen
753 3572 842 3647 voto,
863 3574 1020 3652 tanquam
1039 3585 1234 3637 assessorse

129 3709 147 3739 ι
159 3684 229 3749 lurn
244 3700 303 3747 seu
316 3680 468 3746 assistens
481 3681 653 3766 Episcopo,
668 3681 711 3750 de
723 3684 816 3768 praxi
823 3685 987 3751 communi
994 3694 1169 3770 receptum
1181 3691 1231 3751 est.

129 3829 143 3854 «
162 3795 353 3885 (Gardinalis
368 3794 411 3860 de
425 3797 521 3874 Luca,
544 3801 581 3860 cte
596 3800 740 3879 Parcet„
761 3798 911 3865 discursu
925 3803 981 3878 37,
999 3821 1034 3865 n.
1056 3805 1111 3871 13.
1132 3803 1233 3886 Pignu-

128 3943 143 3970 «
159 3913 241 3992 telli,
273 3893 353 3980 tom.
379 3916 409 3990 l,
440 3913 579 3980 consult.
610 3913 701 3999 403.)
723 3944 737 3971 ν
763 3916 813 3982 Ita
837 3916 1019 3983 Leurenius
1041 3917 1094 4004 (de
1119 3920 1231 3985 vicariis

121 4035 237 4113 Epiro,
254 4047 283 4093 c.
301 4030 379 4113 3,q.
403 4025 491 4113 169.)

166 4146 401 4228 QuAEST1024¹.
418 4125 465 4194 ὲ·
480 4150 561 4210 Num
582 4149 689 4230 absque
713 4149 836 4229 speciali
856 4150 1003 4213 mundato
1020 4156 1120 4233 possit
1132 4149 1229 4228 coufir-

121 4281 204 4327 mcre
223 4269 339 4326 statuto
356 4265 505 4345 capituli‚·
520 4270 549 4325 ct
564 4284 636 4326 oum
652 4266 713 4327 loco
735 4268 876 4346 Episcopi
899 4285 1076 4331 consensum
1100 4273 1228 4351 prostare

121 4383 245 4443 statutis
263 4381 505 4459 capitularibus?
519 4415 565 4426 -
579 4379 787 4445 Communius
801 4387 917 4445 tenent
933 4384 1109 4451 canonista
1124 4382 1158 4448 id
1174 4396 1226 4446 non
