2714 4980
571 307 652 357 rans
673 309 788 358 rmus.
1175 295 1239 359 286

125 433 200 517 gula
214 438 489 519 persequentem,
504 434 538 499 in
555 454 619 520 qun
633 436 790 502 statuitur
802 454 869 502 non
882 454 977 520 posse
996 437 1100 503 Reum
1129 451 1239 503 coram

122 548 234 633 judice
247 549 312 615 loci
326 557 513 616 contractus
527 551 703 629 conveniri,
720 552 782 617 nisi
792 550 917 619 ibidem
931 570 1075 636 praesens
1094 552 1240 637 reperia-

123 672 191 731 tur.
207 668 242 731 2ο
256 666 422 750 Excipitur
436 667 534 732 etiam
551 686 642 733 casus
660 685 725 752 quo
743 669 829 734 inter
848 668 1077 736 contrahentes
1102 687 1242 735 conven-

124 790 195 848 tum
210 782 285 861 fuit,
305 802 346 848 ne
363 783 397 847 in
414 783 488 849 loco
500 791 688 849 contractus
707 803 743 850 se
760 783 899 852 invicem
914 785 1126 851 convenirent
1141 801 1241 868 super

121 899 327 982 implimento
338 908 539 982 contractus;
556 919 631 967 nam
646 900 754 967 iorum
765 908 952 966 contractus
964 901 1176 967 constitutum
1188 905 1241 967 ast

123 1016 157 1079 in
183 1015 332 1083 favorem
360 1016 636 1101 contrahentium3
667 1017 719 1082 cui
745 1018 839 1101 proin
870 1017 1061 1083 renuntiare
1089 1023 1236 1099 possunt.

126 1130 439 1218 (Schmalzgrueher,
463 1132 498 1196 in
518 1131 650 1197 titulum
673 1135 705 1210 2,
728 1132 805 1198 libri
825 1134 856 1199 2,
869 1130 1094 1209 decretalium,
1111 1150 1145 1197 n.
1168 1131 1238 1215 43.)

123 1248 159 1312 3⁰
169 1246 389 1331 llxcipiendus
400 1249 526 1330 pariter
538 1248 592 1314 ille
611 1246 748 1324 advena,
763 1248 820 1332 qui
832 1249 941 1312 statim
949 1253 1024 1330 post
1036 1251 1239 1312 contractum

123 1380 314 1429 recessurus
328 1371 388 1442 est,
405 1372 440 1428 et
458 1362 499 1428 ab
514 1364 619 1429 altero
637 1362 850 1430 contrahente
861 1364 971 1428 statim
984 1381 1174 1429 recessurus
1182 1381 1240 1426 no·

121 1480 235 1545 scitur.
247 1481 336 1545 Tunc
350 1480 436 1545 enim
445 1480 528 1546 alter
538 1480 743 1558 contrahens,
752 1481 929 1545 nisistatim
944 1486 1059 1547 caveat
1071 1478 1113 1546 de
1126 1479 1240 1563 imple·

120 1595 211 1661 tione
240 1602 429 1663 contractus
462 1596 576 1683 (verbi
600 1597 723 1679 gratia,
751 1595 792 1661 de
815 1595 974 1663 solutione
1000 1596 1050 1661 rei
1071 1593 1238 1679 tendite),

121 1713 243 1781 merito
256 1720 409 1780 censetur
421 1714 602 1779 consentire
617 1719 655 1778 ut
672 1730 784 1778 emens
796 1729 863 1778 non
874 1713 975 1796 possit
992 1712 1034 1779 ad
1047 1713 1240 1779 solutionem

121 1829 276 1912 compelli
286 1829 348 1894 nisi
362 1849 471 1895 eoram
486 1828 657 1896 Ordinatio
673 1830 773 1912 ipsius
791 1827 953 1895 domicilii.
970 1830 1090 1895 Contra
1103 1846 1194 1907 vero,
1214 1827 1241 1892 si

120 1942 250 2011 advena
266 1964 378 2012 emens
390 1946 622 2030 aliquantisper
639 1946 674 2011 in
690 1945 766 2010 loco
781 1953 969 2012 contractus
984 1952 1242 2012 commoraturus

120 2062 173 2140 ait,
189 2061 246 2128 vel
259 2063 287 2126 si
300 2061 454 2128 venditor
466 2063 598 2145 ignoret
617 2080 695 2127 eum
708 2062 818 2127 statim
834 2080 1053 2140 recessurum,
1066 2062 1177 2127 locum
1186 2060 1242 2126 ha·

119 2175 180 2243 het
196 2160 357 2262 generalis
370 2180 482 2263 regula
500 2200 507 2244 :
528 2179 651 2262 poterit
659 2196 778 2262 nempe
790 2178 865 2244 talis
880 2186 1019 2262 emptor,
1033 2179 1061 2244 si
1075 2178 1118 2244 ad
1131 2179 1241 2245 locum

120 2301 311 2359 contractus
327 2296 447 2359 iterum
465 2293 611 2373 accedat,
625 2293 747 2359 ibidem
766 2293 846 2359 dum
870 2313 1012 2378 praesens
1037 2296 1102 2360 erit
1122 2306 1242 2361 conve

118 2409 194 2474 niri.
211 2411 262 2475 Ita
277 2412 479 2477 communius
490 2397 653 2477 doctores.
671 2408 765 2498 <vide
779 2411 1080 2495 Schmolzgrueber,
1093 2412 1128 2477 in
1141 2411 1193 2477 tit.
1205 2413 1238 2490 2,

118 2523 177 2590 lib.
197 2527 218 2590 2
233 2524 375 2606 decret,
391 2547 426 2593 n.
447 2528 488 2594 34
504 2535 542 2628 ¹et
555 2524 625 2611 43.)
1231 2538 1238 2545 ’

120 2680 123 2685 -
163 2641 305 2708 sacam
326 2645 370 2706 2·.
395 2679 442 2695 -
464 2647 638 2727 competens
652 2646 903 2726 repaloriterccc
919 2652 963 2708 est
979 2648 1162 2711 ordinarius
1184 2648 1241 2710 toci

117 2764 152 2822 tn
162 2779 221 2841 quo
232 2765 326 2822 tuitus
340 2767 575 2841 estecetrectus,
589 2766 652 2824 cisi
663 2764 740 2825 Reus
754 2763 864 2825 ibidem
876 2781 1007 2843 presens
1018 2769 1070 2828 sit.
1091 2795 1137 2808 -
1158 2762 1240 2846 Sup-

117 2873 269 2957 ponimus
286 2875 320 2939 in
336 2882 407 2942 tcto
423 2875 486 2941 hoe
508 2877 710 2960 paragrapho
729 2876 788 2942 liei
806 2875 1003 2944 domicilium
1019 2879 1240 2944 extrinsecum

117 3008 193 3056 esse
207 2991 375 3057 territorio
387 2990 636 3076 jurisdictionali
654 2993 688 3057 in
706 3010 772 3077 qno
794 2994 971 3077 contraxit-3
992 2993 1134 3078 ahoquin
1150 2993 1239 3065 nula

116 3113 205 3172 esset
226 3105 408 3185 difficultas,
431 3127 506 3174 cum
525 3115 635 3192 posset
648 3127 790 3192 semper,
810 3110 925 3174 saltem
941 3109 1066 3175 ratione
1086 3108 1239 3176 domicilii

113 3221 242 3288 ibidem
257 3224 434 3289 conveniri.
454 3225 535 3290 Cum
552 3243 631 3308 ergo
645 3225 743 3303 Reus,
761 3226 817 3310 qui
832 3232 925 3291 extra
940 3225 1092 3291 domicilii
1106 3226 1157 3292 sui
1168 3234 1239 3293 ter-

114 3340 267 3405 ritorium
283 3341 462 3420 contraxit,
486 3343 520 3407 in
539 3350 727 3408 contractus
742 3342 825 3407 loco·
833 3361 976 3425 presens
990 3361 1055 3408 non
1070 3351 1131 3422 est,
1150 3361 1238 3428 que·

114 3456 204 3521 ritur
219 3476 260 3521 an
273 3459 374 3539 possit
386 3457 593 3523 nihilominus
611 3477 720 3524 coram
742 3459 827 3525 illius
844 3459 909 3525 loci
923 3458 1095 3526 Ordinario
1118 3479 1237 3526 conve-

114 3573 201 3638 niri?
217 3573 275 3638 llst
285 3580 397 3639 autem
412 3581 501 3639 certa
517 3574 680 3658 generalis
697 3575 821 3658 regula,
837 3595 912 3641 eum
924 3576 971 3641 ibi
987 3577 1154 3643 conveniri
1171 3595 1235 3642 non

113 3708 223 3774 posse.
242 3688 377 3755 Constat
397 3710 439 3754 ex
460 3689 621 3755 decretali
640 3694 774 3755 Roseae
796 3691 846 3777 (l,
869 3693 922 3756 tit.
943 3694 974 3769 2,
996 3693 1072 3757 libri
1088 3695 1120 3770 2,
1139 3695 1173 3756 in
1187 3689 1233 3776 6),

113 3806 175 3872 ubi
194 3820 349 3889 expresse
365 3807 510 3872 sancitur
522 3807 606 3872 tales
627 3807 661 3871 in
680 3808 753 3872 loco
774 3816 961 3873 contractus
983 3809 1150 3874 conveniri
1171 3825 1237 3872 non

112 3940 223 4007 posse,
239 3928 302 3986 cist
314 3927 509 3986 inveniantur
521 3924 645 3988 ibidem.
657 3922 700 3987 Et
708 3924 755 3988 ita
762 3929 877 3988 tenent
892 3924 1108 3989 communiter
1123 3921 1238 3988 docto·

114 4056 180 4105 res.
197 4036 443 4122 Concordotjus
454 4039 633 4104 Romanum
650 4039 734 4122 (lege
760 4043 865 4103 Heres
885 4042 991 4103 abacos
1009 4043 1061 4117 19,
1081 4039 1114 4104 ff.
1131 4043 1169 4105 de
1181 4045 1238 4105 Je-

114 4155 206 4242 me).
217 4157 365 4222 Diximus
376 4165 486 4223 antem
496 4159 689 4240 repulartter,
702 4157 776 4240 quia
790 4163 824 4222 et
837 4156 906 4222 haec
921 4157 1034 4240 regula
1050 4176 1124 4223 suas
1139 4176 1236 4225 exce-

115 4275 246 4358 ptiones
258 4275 393 4359 patitur.

159 4393 358 4473 Exceptioaes
378 4393 420 4454 ccl
437 4397 616 4473 presentem
638 4393 784 4470 rcqcmm.
802 4423 847 4439 -
865 4392 896 4454 1ο
911 4388 1129 4473 Excipiendus
1143 4411 1236 4459 casus
