2714 4980
125 274 189 336 250
465 289 654 345 rnicrarus
673 295 720 343 nn
741 294 888 348 runicus.

124 430 311 483 consensu
334 411 520 499 subjiunat,
543 423 581 481 ut
603 419 701 489 ettam
725 420 825 502 possit
845 421 1101 505 moacercdc
1114 422 1214 509 najon

125 527 207 597 «tua
218 546 356 599 summa.
371 534 552 614 Exemplum
569 539 666 599 tortio
675 541 900 617 odorationis
912 544 962 602 est
974 535 1018 607 de
1030 545 1175 622 temporo
1186 538 1216 611 at

125 650 293 728 «tempus,
321 645 452 730 quando
476 666 573 715 unsa
595 649 682 717 intra
707 657 833 723 oenum
860 659 991 736 tompus
1017 655 1213 734 canaan.

124 778 228 827 «cum
243 779 400 829 consensu
419 765 562 846 partium
578 773 612 832 et
626 764 742 850 judicis
762 776 971 852 prorogatur,
989 778 1029 837 ut
1045 772 1144 837 ctiam
1160 781 1216 854 port

124 872 234 938 «illud
256 877 405 959 cognosci
426 885 461 943 et
483 877 612 944 definiri
634 883 745 964 possit.
765 887 898 966 maique
920 888 1091 967 exemplum
1104 891 1216 968 jurtdt·

123 994 258 1055 actionis
267 999 440 1073 prmooctoe
453 991 495 1058 dc
516 993 588 1061 loco
606 994 650 1063 od
669 997 777 1063 locum
793 1003 854 1078 est,
869 998 1002 1085 quondo
1019 998 1066 1071 de
1084 1017 1148 1065 uno
1160 1001 1214 1066 loco

123 1104 308 1172 «territorii
320 1104 363 1175 ad
380 1107 479 1175 alium
490 1108 637 1194 ejusdem
652 1115 820 1194 territorii,
834 1134 909 1182 cum
925 1135 1086 1187 consensu
1096 1117 1214 1200 partium

123 1220 349 1288 «transfertur
364 1222 476 1291 forum
492 1244 551 1293 seu
569 1225 738 1311 judicium.
763 1229 860 1311 Quod
880 1232 907 1299 si
928 1239 1039 1316 partes
1057 1250 1213 1316 prorogare

124 1357 141 1397 u
156 1335 256 1405 velint
267 1336 526 1423 jurisdictionem
541 1343 583 1409 ab
599 1363 665 1411 uno
686 1344 758 1413 loco
772 1344 816 1410 ad
835 1346 932 1413 alium
947 1347 1085 1413 ulterius
1103 1345 1213 1439 jurisdi-

122 1450 269 1519 nctionis
290 1472 349 1519 seu
364 1456 530 1536 territorii,
547 1467 619 1523 tum
633 1461 811 1545 requiritur
829 1480 1004 1531 consensus
1013 1461 1133 1548 judicis
1148 1463 1213 1529 illius

123 1568 223 1635 aloni.
242 1591 261 1633 r
284 1571 457 1657 (Pirrhing,
474 1575 508 1639 ia
520 1575 654 1641 titulum
669 1580 701 1656 2,
721 1577 799 1644 libri
812 1581 831 1643 2
846 1577 1073 1656 decretalium,
1089 1599 1123 1651 n.
1143 1575 1211 1660 lit.)

161 1687 197 1751 3⁰
221 1691 364 1767 (luccam
387 1697 580 1772 requirantur
601 1697 785 1759 conditiones
804 1702 840 1759 ct
853 1701 1031 1777 ρνονοφαῆο
1053 1698 1162 1761 nun.
1181 1729 1213 1751 -w

123 1805 343 1892 «Requiritur
357 1815 474 1890 primo,
495 1815 533 1873 ut
552 1808 580 1873 is
597 1808 651 1874 cui
671 1817 783 1892 partes
797 1809 961 1893 litigantes
978 1829 1014 1876 se
1036 1809 1210 1895 subjiciunt,

122 1944 139 1983 a
151 1921 270 1989 haheat
282 1923 541 2010 jurisdictionem
554 1923 801 2011 adunantiam
814 1924 956 2010 alioquin
967 1933 1081 2008 partes
1090 1945 1155 1992 nou
1164 1932 1213 1990 tan

121 2045 299 2113 «veterem
314 2039 573 2125 jurisdictionem
587 2048 802 2125 prorogarent
815 2061 874 2107 seu
890 2041 1122 2119 extenderent,
1139 2057 1214 2126 quau

121 2178 137 2217 a
152 2175 269 2225 novam
296 2154 526 2221 conferrent...
557 2155 638 2222 eum
662 2173 838 2238 prorogare
857 2155 937 2223 nihil
959 2155 1052 2231 aliud
1073 2156 1117 2223 sit
1139 2169 1214 2240 uun

120 2271 342 2350 «extendere,
355 2279 594 2356 consequenter
605 2271 662 2338 ubi
678 2272 767 2339 nulle
782 2280 832 2340 est
842 2270 1036 2358 jurisdictio,
1051 2293 1092 2341 ea
1104 2267 1223 2345 extenti

4 2387 9 2398 '
122 2408 217 2457 onon
230 2395 349 2472 potest.
441 2444 442 2448 ,

121 2551 132 2559 .
164 2508 328 2573 «scando
349 2505 515 2590 requitur,
536 2512 575 2571 nt
592 2502 696 2588 judex
714 2504 806 2590 cnjus
822 2503 1005 2591 jurisdictio
1022 2509 1212 2589 prorogatur,

120 2621 270 2690 «habeat
295 2619 553 2705 jurisdictionem
576 2620 784 2689 ordinariam.
812 2623 890 2691 Num
912 2619 1100 2705 jurisdictio
1120 2617 1214 2705 judicis

121 2763 138 2802 α
151 2737 293 2822 delegati
312 2738 356 2806 ad
373 2746 497 2807 cartam
515 2757 644 2805 unsara
662 2756 728 2804 non
743 2745 863 2822 potest,
884 2739 985 2804 etiam
1000 2738 1146 2821 partium
1158 2751 1215 2811 con

120 2876 258 2935 «semu,
271 2856 439 2942 prorogari
449 2873 508 2923 scu
520 2854 657 2925 extendi
666 2854 709 2927 de
722 2873 862 2938 persona
873 2853 915 2920 ad
926 2873 1114 2938 pomonam,
1128 2865 1214 2936 neque

120 2971 191 3040 ode
206 2991 303 3037 causa
317 2969 356 3038 ad
374 2987 504 3036 cansnm
519 2990 584 3035 non
597 2987 784 3052 expressam
800 2966 844 3056 (l)
860 2991 868 3052 ;
891 2969 1040 3054 quamvis
1051 2963 1214 3053 iurisdictio

119 3088 292 3172 «delegati
305 3086 349 3155 ad
363 3088 608 3156 universitatem
621 3103 790 3151 causum
803 3086 973 3169 prorogari
985 3086 1100 3169 possit,
1121 3099 1214 3159 secur

118 3205 230 3272 udum
248 3203 451 3289 probabilem
464 3202 670 3278 seutentiam,
687 3219 762 3268 cum
777 3199 845 3266 hec
856 3198 1042 3284 jurisdictio
1056 3197 1213 3277 Ordinatio

118 3345 135 3383 o
149 3321 379 3405 aequiparetur.
397 3318 550 3401 Quamvis
569 3325 678 3382 autem
693 3316 876 3400 prorogatio
894 3314 1129 3400 jurisdictionis
1143 3311 1212 3389 dele

119 3442 241 3518 agata,
260 3435 357 3503 ettam
370 3454 410 3500 ex
425 3434 568 3518 partiunt
583 3451 751 3509 consensu,
771 3429 879 3517 quoad
891 3431 1116 3501 substantialia
1133 3424 1214 3517 (vide.

117 3573 135 3617 a
147 3551 226 3618 lioet
244 3549 287 3617 de
306 3568 444 3634 persona
464 3549 508 3619 od
528 3568 716 3632 personum,
734 3547 847 3615 uelde
863 3546 957 3615 read
974 3565 1047 3619 rem
1060 3548 1154 3623 alium
1166 3557 1213 3609 non

117 3664 346 3751 «expressunt
361 3665 604 3750 ficri-nequeat,
627 3671 736 3750 potest
751 3673 863 3732 tamon
877 3663 951 3731 fieri
965 3663 1113 3729 extensio
1128 3650 1213 3746 quoad

116 3806 134 3845 a
147 3783 371 3861 occidentalia,
390 3781 544 3850 videlicet
566 3780 609 3848 de
630 3789 780 3865 tempure
804 3779 847 3846 ad
862 3787 1012 3863 tompus,
1030 3780 1086 3846 rel
1099 3778 1142 3845 de
1160 3777 1213 3842 loco

116 3898 189 3969 oud
205 3901 325 3978 locunt,
347 3897 460 3965 uelde
482 3898 605 3965 minore
623 3898 804 3982 quantitate
823 3894 868 3961 ad
884 3894 1053 3981 majorem.

147 4108 183 4173 (t)
198 4108 226 4159 ld
246 4108 323 4157 firmat
341 4106 451 4168 Pirrhing
469 4106 543 4167 capita
557 4106 599 4167 lo,
616 4104 676 4155 tituli
690 4103 733 4164 29,
752 4103 807 4152 libri
822 4105 834 4152 l
851 4101 1011 4161 decretalium,
1028 4101 1069 4149 ubi
1083 4099 1213 4161 deprororr·

116 4204 178 4253 tione
191 4202 267 4265 quoad
281 4199 404 4265 quemdam
415 4199 517 4261 jndicem
536 4198 665 4260 delegatum
678 4197 737 4247 iacta
756 4197 789 4245 sic
799 4195 902 4245 decernit
914 4195 1041 4256 Gregorius
1050 4194 1084 4242 lx
1098 4207 1104 4241 ε
1119 4182 1214 4241 Jnrtett

19 4290 22 4296 ’
114 4294 208 4346 arrone
219 4293 373 4358 prorooatto
383 4293 460 4344 nnita
470 4293 588 4342 noscitur
597 4291 716 4346 namuro,
727 4303 787 4341 cum
795 4288 945 4356 tnjcrmoct
957 4275 1214 4352 adducturum

113 4389 151 4441 od
164 4388 235 4440 attur
247 4400 373 4451 permar
386 4391 496 4452 meent
507 4386 659 4451 moecari.
