2714 4980
74 400 77 405 Ι
133 318 196 382 386
473 333 661 383 1111111111
682 335 727 382 nn
749 334 915 406 rnnrcus„

132 475 212 523 vero
222 459 455 524 contentiosam
466 457 724 544 jurisdictionem
732 478 889 526 exercere
896 459 1047 546 jubetur.
1065 463 1223 533 Gnmnem

119 592 172 657 -pe
195 575 242 639 ito
256 573 381 640 soleant
403 575 436 639 in
458 574 507 640 his
524 575 711 658 regionibus
726 576 875 660 Episcopi
893 575 1083 661 disponere,
1110 582 1225 649 invaluit

127 708 206 755 usus
223 696 262 757 ut
274 690 555 775 distinguerentur
571 711 632 776 per
644 691 680 757 id
697 690 787 778 quod
805 696 843 757 de
852 697 933 775 facto
950 694 1119 764 ordinarie
1133 706 1225 783 agunt,

126 825 193 871 nou
203 807 405 874 attendendo
416 806 458 874 cd
469 807 503 874 id
513 809 602 893 quod
611 813 649 874 de
655 816 728 893 jure
738 817 849 894 potest
857 819 1002 897 uterque
1013 813 1124 880 valide
1133 833 1224 900 ogere.

125 922 203 989 Esse
217 929 328 989 cutem
338 925 383 990 ita
396 923 639 1008 intelligendam
651 924 890 992 distinctionem
901 927 996 1007 hunc,
1011 929 1157 1013 rigorose
1166 950 1227 1015 pro·

124 1040 222 1107 batur
237 1062 279 1108 ex
290 1061 330 1108 eo
342 1042 440 1127 quod,
460 1043 494 1107 in
505 1042 554 1107 bis
569 1043 667 1108 etiam
676 1043 874 1126 regionibus,
891 1045 948 1128 qui
958 1043 1087 1111 dicitur
1098 1047 1226 1116 Vientina

123 1153 295 1241 generalis,
315 1158 474 1225 habeatur
487 1167 641 1244 tanquam
653 1178 752 1227 verus
761 1158 911 1224 vicarius
922 1161 1091 1243 generalis
1103 1163 1225 1230 insensu

120 1272 212 1358 juris,
224 1275 420 1359 valeantque
433 1275 534 1358 ipsius
546 1283 648 1353 actus,
665 1294 730 1339 non
746 1281 900 1359 tunquam
911 1276 997 1341 meri
1009 1275 1165 1362 delegati,
1177 1277 1224 1345 sod

120 1396 274 1474 tanquam
282 1391 412 1473 proprie
424 1389 503 1455 dieti
509 1390 627 1454 Vioarii
635 1390 814 1473 generalis:
829 1391 975 1474 itemque
984 1392 1089 1474 gestis
1096 1410 1156 1476 per
1165 1392 1227 1460 Oll-

120 1504 235 1570 cialem
248 1505 276 1569 is
296 1505 498 1570 existimetur
515 1504 672 1570 inhaerere
692 1505 794 1583 valor,
812 1505 869 1589 qui
884 1503 1094 1573 officialitatis
1110 1509 1226 1593 proprie

120 1620 227 1700 dictae,
248 1641 314 1686 non
332 1641 429 1687 merae
449 1620 619 1687 dumtaxat
636 1619 859 1704 delegationis,
880 1622 1036 1705 proprius
1051 1631 1114 1690 est.
1138 1625 1225 1692 Porro

119 1736 180 1801 nisi
190 1736 404 1805 voluntariam
418 1738 559 1818 simulet
574 1737 808 1802 contentiosum
817 1734 1084 1821 jurisdictionem
1094 1740 1224 1824 Episcopi

118 1856 299 1934 generaliter
308 1851 456 1931 haberet,
472 1855 528 1937 qui
545 1850 665 1918 dicitur
675 1852 821 1918 vicarius
837 1853 1009 1937 generalis,
1026 1863 1118 1922 esset
1131 1873 1225 1923 menn

119 1968 299 2053 delegatus,
311 1975 457 2052 utsupra
469 1967 684 2033 ostendimus:
698 1975 733 2033 et
740 1967 830 2034 idem
845 1967 1024 2034 dicendum
1034 1969 1080 2036 de
1092 1971 1222 2038 officiali.

163 2088 299 2168 Objictes.
319 2085 358 2148 In
371 2083 483 2163 Gallia,
501 2082 652 2150 Officialis
668 2083 758 2162 olim,
773 2103 839 2148 non
853 2089 982 2148 tantum
998 2083 1044 2150 de
1067 2085 1224 2154 factunm

119 2200 295 2268 exercebat
309 2200 371 2265 nisi
394 2201 628 2266 contentiosam
647 2198 917 2284 jurisdictionem,
936 2199 997 2266 sed
1024 2221 1091 2267 nec
1108 2208 1224 2288 poterut

118 2315 226 2382 valide
255 2334 411 2381 exercere
433 2316 594 2381 alteram:
620 2323 655 2381 et
673 2317 746 2381 vice
768 2333 864 2382 versa
884 2315 1033 2382 Vicsrius
1061 2319 1221 2402 generalis.

118 2435 287 2515 Respondes
312 2435 343 2496 10
362 2433 451 2517 Nego
469 2439 628 2498 assertum
646 2430 752 2498 donec
769 2432 939 2515 probetur.
963 2437 1139 2516 Respondes
1153 2434 1223 2500 i‘li

118 2547 165 2612 ita
178 2548 212 2612 in
227 2547 477 2632 aliqnadioecesi
493 2549 601 2615 Galliae
618 2566 652 2613 se
676 2566 748 2613 rem
766 2547 915 2614 habuisse
930 2548 1106 2631 probetur,
1124 2549 1223 2616 tum

119 2682 183 2748 guo
198 2686 205 2730 :
224 2670 258 2729 et
272 2664 319 2729 ibi
333 2663 480 2730 Officialis
496 2665 705 2750 vicariusque
719 2664 878 2748 generalis
893 2663 1030 2731 fuerunt
1049 2667 1135 2732 meri
1151 2664 1224 2731 delc-

119 2783 185 2864 gati
208 2779 367 2865 conced03
397 2788 432 2845 et
456 2779 592 2846 fuerunt
605 2799 705 2846 verus
718 2779 865 2845 Vicarius
889 2781 1053 2863 generalis
1071 2797 1221 2866 verusque

121 2897 270 2965 Officialis
283 2898 317 2962 in
331 2914 428 2962 sensu
440 2895 533 2982 juris,
551 2915 646 2979 nego.
661 2899 830 2978 Respoodeo
844 2882 880 2961 3'0
890 2895 1025 2962 Etiamsi
1036 2893 1223 2963 oliminuat

119 3015 213 3080 111111
230 3013 311 3100 juris
332 3012 536 3098 particularis
553 3032 594 3078 ex
608 3010 843 3078 consuetudine
856 3009 1084 3078 introductum
1104 3011 1220 3088 suiset,

121 3140 159 3197 ut
174 3131 350 3215 deputatus
363 3150 438 3196 cum
453 3131 520 3196 sola
535 3128 736 3195 contentiosa
745 3125 973 3213 jurisdictione
991 3146 1057 3210 pro
1067 3148 1150 3195 reru
1160 3123 1223 3194 0st

121 3248 192 3312 ciali
216 3246 323 3332 quoad
338 3245 420 3332 juris
441 3246 577 3312 effectus
604 3249 826 3328 reputaretur,
849 3242 1052 3309 annullatum
1072 3241 1129 3329 jus
1152 3237 1223 3308 illnd

121 3365 316 3448 particulare
340 3361 538 3428 censendum
557 3369 643 3427 esset
657 3378 719 3443 per
731 3340 837 3424 bullas
850 3358 901 3423 Pii
914 3358 1011 3440 Papae
1027 3358 1101 3437 VII,
1118 3355 1222 3444 quibu

53 3448 63 3463 ⁸
121 3481 296 3547 Galliarum
311 3479 461 3544 Ecclesiae
477 3494 589 3543 omnes
600 3493 780 3559 suppressae
789 3483 824 3540 et
834 3473 987 3540 extinctae
997 3473 1149 3553 luerunt,
1159 3488 1222 3539 cnm

121 3598 270 3665 omnibus
281 3596 411 3682 juribus
435 3593 685 3681 particularibus
706 3591 821 3658 iisdem
846 3589 1080 3657 inherentibus
1097 3583 1221 3677 (videid

120 3716 192 3782 fuse
216 3713 390 3799 probatum
418 3712 452 3777 in
464 3716 608 3776 tractatu
625 3729 697 3775 meo
724 3711 761 3772 cte
775 3711 942 3789 Principiis
955 3711 1043 3789 juris
1072 3701 1218 3786 1111111111).

120 3831 214 3897 Unde
228 3847 314 3895 nunc
327 3826 481 3904 inGallia,
492 3824 585 3911 juxte
598 3842 746 3890 normam
758 3822 841 3908 juris
856 3821 1036 3888 communis
1051 3820 1219 3904 intelligen-

118 3947 198 4013 dum
214 3954 264 4012 est
277 3944 398 4009 vicarii
421 3941 580 4027 generalis
593 3949 628 4006 et
651 3938 799 4008 Officiclis
819 3955 958 4020 munus3
984 3935 1031 4002 ita
1054 3936 1218 4002 scilieetd

118 4064 227 4151 quoad
236 4062 439 4130 essentialem
452 4079 567 4125 eorum
575 4065 771 4143 potestatem
782 4055 968 4122 nullatenus
981 4052 1216 4131 differentius

117 4182 240 4268 possint
256 4180 340 4245 sicut
355 4184 451 4244 antea
462 4177 611 4261 Episcopi
624 4174 733 4242 Galliae
747 4173 923 4258 praecipere
937 4171 995 4236 uni
1005 4176 1046 4236 ut
1058 4169 1158 4237 solum
1172 4180 1214 4233 rc

114 4296 296 4374 luntariam,
318 4293 413 4359 alteri
431 4298 469 4357 ut
486 4290 585 4358 solam
609 4289 843 4356 contentiosam
862 4290 1017 4354 exerceat
1036 4279 1211 4371 jurisdiotiu
1258 4302 1260 4327 ³

76 4418 78 4422 “
115 4430 201 4479 nem.
