2714 4980
536 345 616 394 runs
638 345 797 394 sncuuon.
826 344 829 349 ·
1158 334 1220 398 387

151 470 353 539 Pnorosmo
376 469 547 536 vla-la
563 473 695 553 {omnnia
711 473 917 554 deputationis
940 476 1054 536 Vtearu
1075 477 1224 554 paternus

100 584 156 656 uei
183 589 343 669 Offieiaiie
358 589 443 652 debet
460 606 599 670 expresse
615 590 663 652 uel
677 591 889 671 aequivalenter
906 592 979 670 diei,
997 609 1063 653 enm
1083 593 1224 672 deputari

102 708 148 770 ad
174 707 372 768 exercendam
393 706 573 785 neutraliter
582 707 826 789 jurisdictionem
852 709 1003 787 Episcopi.
1015 705 1224 790 --Sequitur

103 840 148 887 ex
168 818 445 902 precedentibus.
470 820 552 885 Nem
579 820 606 885 si
628 819 809 904 deputetur
838 819 1007 889 dumtaxat
1034 820 1075 887 nd
1101 830 1225 887 eertum

103 932 285 1020 quamdam
297 941 425 1017 partem
434 931 665 1019 jurisdictionis
679 935 878 1019 episcopalis,
890 934 956 1019 jem
967 955 1032 1000 non
1045 936 1108 1002 erit
1118 955 1226 1022 neque

105 1049 256 1115 vicarius
274 1049 443 1133 generalis,
465 1068 572 1135 neque
592 1049 760 1134 officiuim
784 1051 843 1118 sed
864 1070 973 1118 merus
992 1050 1172 1136 delegatus,
1189 1059 1227 1117 ut

103 1183 209 1249 snpra
230 1164 405 1248 probatum
427 1171 495 1230 est:
509 1184 588 1249 ergo
612 1165 752 1250 exprimi
771 1165 873 1233 debet
900 1167 1127 1253 aliquomodo
1152 1185 1226 1232 eum

104 1279 264 1365 deputari
279 1299 354 1347 aum
369 1285 566 1363 pennalitate
582 1301 640 1348 seu
658 1283 903 1348 universalitate
916 1282 1158 1368 jurisdictionis.
1176 1285 1227 1350 Su·

105 1399 150 1465 tis
165 1403 279 1465 autem
295 1397 331 1464 id
345 1400 589 1482 exprimetursi
604 1398 735 1465 dicatur
750 1400 903 1465 constitui
924 1401 958 1464 in
974 1406 1128 1465 Vitorium
1141 1420 1228 1482 qene-

105 1516 206 1579 roism
220 1533 280 1580 seu
294 1520 328 1578 in
338 1515 503 1595 officialem
516 1515 685 1599 Episcopi3
704 1516 779 1600 quia
789 1515 851 1580 illae
864 1514 1142 1583 denominationes
1156 1517 1228 1604 (per

106 1648 157 1711 ee,
175 1639 213 1696 et
224 1630 286 1695 nisi
297 1631 501 1698 eontrarium
518 1631 553 1696 in
569 1632 694 1716 reliqua
708 1631 849 1697 formula
863 1629 1092 1716 contineatur),
1108 1633 1228 1698 intelli·

107 1744 224 1831 gande
237 1747 373 1812 veniunt
386 1744 430 1810 de
442 1746 567 1813 Viosrio
582 1747 726 1830 generali
739 1754 774 1812 et
783 1744 825 1813 de
839 1746 971 1816 Officiali
985 1749 1116 1832 proprie
1131 1747 1229 1814 dictis

108 1870 144 1930 et
169 1862 206 1927 in
230 1880 329 1928 sensu
346 1862 448 1948 juris3
467 1883 505 1930 uo
527 1868 768 1947 consequenter
790 1862 831 1929 de
853 1864 982 1929 vicario
1005 1865 1150 1947 generali
1169 1883 1227 1930 seu

109 1976 248 2045 onerati
260 1997 336 2044 enm
348 1982 544 2061 paternitate
556 1976 789 2064 jurisdictionis
803 1977 972 2061 deputato.

153 2095 204 2160 Ex
215 2092 312 2160 dietis
324 2101 416 2177 patet
430 2094 574 2177 insuper,
591 2094 810 2159 necessarium
824 2114 890 2161 non
905 2113 976 2160 essa
994 2102 1032 2161 ut
1049 2094 1227 2178 Episcopus

109 2208 242 2277 diverso
266 2210 407 2276 formula
432 2218 547 2276 utatur
569 2210 604 2274 in
620 2209 850 2277 constituendo
875 2213 1004 2278 Vinaria
1026 2211 1171 2296 generali
1192 2220 1227 2277 et

110 2325 266 2410 0ffiaiuli;
282 2324 342 2392 sed
359 2332 469 2410 potest
486 2324 601 2392 eadem
624 2324 766 2391 formula
788 2334 964 2412 utrumque
987 2326 1148 2411 deputare
1164 2327 1226 2394 sub

109 2444 274 2509 oommnni
288 2442 408 2509 Viturii
420 2442 580 2527 generalis
594 2443 743 2527 nomina3
758 2451 871 2524 postes
888 2462 969 2510 vero
986 2443 1226 2510 distinctionem

107 2560 197 2625 inter
214 2566 392 2644 utrumque
409 2558 602 2637 decernere,
622 2558 841 2642 precipiendo
860 2567 1016 2626 oretenus
1034 2562 1092 2625 uni
1111 2568 1149 2626 ut
1174 2579 1226 2626 so-

107 2674 173 2742 lnm
186 2675 416 2753 voluntariam,
433 2673 531 2740 alteri
545 2680 583 2738 ut
601 2673 702 2740 solam
716 2676 949 2742 contentiosum
965 2674 1224 2760 jurisdictionem

107 2799 277 2859 exerceat.
291 2792 343 2856 De
364 2809 430 2875 quo
452 2795 618 2875 praeaepto
640 2810 706 2856 non
730 2790 865 2874 expedit
879 2792 1079 2856 mentionem
1096 2790 1170 2856 fieri
1190 2791 1225 2855 in

106 2909 177 2993 ipsu
202 2907 422 2992 deputationis
444 2907 596 2986 formula,
613 2927 656 2974 ne
677 2927 719 2973 ex
738 2926 779 2973 eo
800 2906 953 2973 videatur
975 2908 1129 2990 restringi
1151 2927 1224 2973 aon·

107 3044 207 3091 amsoe
231 3023 464 3110 jurisdictionis
485 3027 679 3105 peneratitas,
708 3031 744 3089 et
768 3024 815 3089 sio
837 3023 974 3090 dubium
997 3023 1122 3090 oriatur
1143 3042 1222 3089 num

108 3141 195 3208 torte
211 3140 390 3225 deputatus
402 3160 463 3226 pro
474 3160 566 3208 maro
580 3140 732 3226 delegato
749 3140 920 3207 habendus
935 3143 988 3209 sit.

150 3259 337 3329 Formidam
355 3268 465 3326 antem
483 3260 585 3344 ipsam
603 3259 787 3343 deputandi
805 3258 924 3326 Vinarii
942 3260 1103 3345 generalis
1121 3259 1222 3326 habes

110 3382 201 3459 purte
215 3374 250 3456 6,
271 3377 416 3442 sectione
435 3379 465 3440 1.

553 3669 686 3737 CAPUT
716 3672 775 3737 111.

318 3922 363 3968 DE
386 3919 508 3970 vtcslul
531 3918 714 3968 onustans
736 3918 1006 3968 GORSTITUTIONE.

147 4188 209 4257 iiie
227 4183 484 4274 expendendum
506 4187 615 4255 venit:
634 4188 667 4252 1ο
689 4186 761 4272 quis
778 4188 886 4253 valeat
908 4187 1061 4253 constitui
1075 4186 1223 4254 vicarius

102 4302 276 4386 stamme,
298 4325 358 4373 seu
373 4305 415 4372 de
434 4305 645 4390 qualitatibus
662 4323 681 4368 a
696 4303 773 4388 jure
790 4302 833 4368 ad
849 4303 914 4368 tale
931 4302 1070 4370 officium
1088 4305 1223 4388 requisi-

97 4411 166 4507 ᾗῇ
183 4425 219 4489 2⁰
231 4440 253 4488 a
266 4440 332 4509 qno
342 4421 445 4506 possit
457 4421 610 4488 constitui
621 4420 767 4485 Viturius
780 4419 940 4502 generalis
951 4441 960 4504 ;
973 4421 1008 4485 3⁰
1020 4427 1223 4487 anteuentur
