2716 4988
619 323 699 370 rans
721 320 836 368 ruina.
941 318 944 323 ·
1226 305 1297 367 217·

106 425 267 494 nica
293 423 356 489 hoc
379 419 573 507 precedere,
601 421 728 487 ettamsi
753 419 951 485 constituens
973 419 1007 483 in
1027 416 1181 483 mandato
1200 413 1293 503 adiri·

103 543 185 608 h
198 538 300 603 uisset
328 537 501 605 formulam
526 537 756 612 restrictiram‚
788 539 829 598 ad
851 537 1000 616 agendum
1026 542 1155 598 tactum.
1178 533 1294 599 Posset

94 673 292 737 nempe
309 654 407 719 etiam
426 661 505 718 tunc
523 659 718 736 procurator
739 650 904 716 dominum
926 648 1122 724 defendere,
1139 648 1167 713 si
1180 667 1248 725 noa
1260 648 1293 712 vi

106 765 338 843 mandati,
360 765 473 831 saltem
491 763 566 850 quia
583 762 721 848 quilibet
742 768 851 846 potest
868 759 1045 826 defendere
1063 761 1173 837 alium,
1194 759 1292 825 etiam

97 882 240 951 sine
256 878 425 958 mandato,
448 877 528 944 dum
544 876 641 942 modo
656 883 792 960 praestct
813 876 995 940 cautionem
1014 873 1056 939 de
1068 874 1215 958 judicato
1229 874 1293 943 sol·

100 995 284 1066 vendo
301 995 473 1083 (Pirrhing,
494 995 567 1060 loco
580 991 664 1078 cit).

216 1113 252 1176 4.
279 1111 478 1175 Procurator
505 1107 702 1192 generaliter
720 1106 914 1172 constitutus
931 1108 973 1169 oct
991 1110 1121 1186 περσεία,
1146 1122 1212 1169 non
1235 1098 1314 1169 ad?

114 1227 245 1294 dito
257 1228 422 1308 judicialia
437 1233 467 1289 et
483 1226 740 1308 carrajadtctotto‚
756 1229 908 1286 censetur
929 1221 1025 1286 etiam
1041 1220 1234 1284 constitutus
1249 1218 1294 1285 ad

114 1345 158 1407 1
168 1341 261 1416 iter,
273 1340 320 1404 ito
334 1347 372 1404 nt
382 1357 480 1423 agere
491 1346 525 1405 et
536 1336 717 1405 defendere
730 1336 840 1421 possit,
857 1335 1002 1418 exceptis
1014 1334 1117 1399 causis
1132 1351 1204 1419 qnae
1223 1352 1294 1416 spe·

122 1456 257 1521 ciale
267 1454 456 1520 mandatum
470 1456 652 1538 requirunt.
666 1454 716 1518 Sic
731 1453 816 1518 enim
833 1450 982 1516 decrevit
996 1449 1179 1514 Bonifacius
1194 1450 1290 1515 VIII:

128 1577 238 1652 Qut
250 1573 431 1654 generaliter
447 1577 641 1635 constituitur
655 1574 696 1634 acl
709 1576 828 1651 negotia
841 1575 1033 1652 procurator,
1052 1587 1141 1648 apere
1154 1586 1191 1629 ac
1204 1585 1294 1649 expc-

129 1692 237 1750 riri
256 1695 377 1769 potest,
392 1693 525 1770 exceptis
542 1689 590 1751 Itis
606 1689 723 1750 casibus
744 1692 797 1768 qui
819 1689 995 1749 mandatum
1017 1689 1144 1764 erigant
1167 1683 1293 1765 speciale

138 1800 260 1887 (cap.
283 1804 315 1878 5,
336 1802 424 1866 tituli
446 1806 497 1880 19,
511 1801 586 1867 libri
608 1806 636 1878 l,
656 1799 689 1865 in
709 1799 754 1885 6).
774 1801 867 1866 Ratio
882 1808 931 1865 est
947 1799 1020 1883 quia
1035 1806 1114 1861 tunc
1130 1817 1293 1879 vcxaepo-

134 1923 254 1981 ta'cm
278 1926 432 1985 censetur
448 1917 591 1983 adhibita
606 1939 624 1983 a
637 1919 856 1982 constituente
873 1917 906 1980 in
922 1934 1019 1980 sensu
1035 1914 1118 1996 lato;
1136 1913 1230 1977 etsie
1244 1913 1294 1977 in-

132 2032 389 2099 cluditetiam
406 2034 491 2098 lites.
703 2020 706 2025 ’
855 2112 859 2118 ,

225 2153 254 2215 5.
281 2150 480 2216 Procurator
506 2150 704 2232 generaliter
717 2151 922 2224 consumtus,
945 2165 1010 2211 non
1029 2153 1183 2211 censetur
1198 2143 1294 2210 datus

129 2263 222 2328 ad
238 2283 351 2331 causas
375 2265 557 2329 criminales
572 2264 724 2347 agendas,
743 2265 804 2329 nisi
821 2264 857 2330 id
873 2263 1058 2346 specialiter
1079 2262 1291 2346 exprimatur,

128 2387 234 2446 ant
244 2379 307 2445 nisi
323 2379 366 2446 de
389 2381 522 2445 crimine
547 2379 710 2464 agendum
724 2388 810 2446 esset
827 2380 997 2445 dumtaxat
1016 2378 1165 2454 civiliter,
1181 2383 1216 2442 et
1228 2394 1295 2443 non

133 2493 401 2560 criminaliter.
433 2493 605 2579 (Pirrhing,
631 2495 664 2557 tn
689 2494 821 2558 titulum
841 2497 896 2571 38,
924 2491 1001 2557 libri
1024 2495 1036 2556 1
1067 2489 1292 2566 decretalium,

132 2618 214 2674 n.
233 2608 303 2694 60.)

224 2729 255 2792 6.
293 2726 393 2793 Casus
411 2729 446 2792 in
467 2728 586 2813 quibus
611 2735 805 2813 procurator
834 2724 959 2810 indiget
985 2725 1118 2809 speciali
1143 2719 1295 2789 mandato

141 2851 416 2909 enumerantur
427 2851 497 2910 tres
508 2845 541 2909 in
550 2846 657 2927 capite
667 2849 727 2925 (tat
735 2848 776 2908 cat
786 2847 934 2926 agendam
947 2843 991 2929 (t,
1001 2842 1088 2907 tituli
1103 2845 1154 2917 19,
1168 2839 1246 2906 libri
1262 2841 1291 2918 l,

140 2950 214 3023 in
226 2958 258 3044 6)
274 2981 283 3024 τ
302 2963 603 3044 Procuratarqueqac
617 2964 725 3044 absque
738 2963 860 3044 speciali
877 2964 1233 3041 mandatojaramcatum
1247 2957 1297 3021 dc-

146 3078 268 3157 darc,
290 3083 456 3158 transigere
473 3080 521 3140 vet
536 3084 649 3159 pacisci
665 3086 845 3160 coeperest,
864 3084 926 3141 atsi
938 3083 966 3138 ei
985 3078 1125 3138 bonoram
1139 3076 1296 3168 vetrariae

155 3195 405 3257 ndmmtrotto
425 3195 516 3256 tibere
532 3200 574 3257 stt
588 3215 733 3259 coacmsc.
767 3195 878 3261 Glossa
894 3194 1076 3258 incitatum
1090 3198 1189 3274 caput
1204 3187 1297 3256 addit

161 3308 290 3390 plnres
303 3308 384 3375 alios
390 3328 494 3385 casus,
504 3328 622 3392 nempe
634 3332 641 3376 :
662 3332 679 3372 a
691 3311 799 3374 Necin
812 3310 973 3393 Integrnm
983 3307 1222 3373 restitutionem
1236 3323 1296 3391 pro

186 3425 318 3491 «altero
337 3430 494 3507 petere...
512 3427 597 3495 Item
620 3427 654 3491 in
678 3445 773 3492 causa
790 3427 934 3509 suspecti
956 3425 1116 3491 tutoris...
1134 3424 1218 3489 Item
1239 3421 1297 3490 uhi

189 3548 289 3607 «runt
301 3540 371 3607 duo
385 3550 616 3626 procuratores
630 3544 773 3609 omnium
789 3562 900 3609 rerum
914 3541 1049 3627 alicujus
1076 3562 1084 3607 :
1111 3549 1188 3607 tunc
1209 3539 1296 3606 enim

187 3675 276 3724 «non
298 3664 410 3744 potest
435 3676 520 3723 unus
544 3657 586 3724 ab
608 3658 671 3725 allo
694 3661 762 3726 sine
786 3659 916 3744 spectati
939 3657 1093 3724 mandato
1118 3659 1292 3742 erigere...

183 3775 294 3844 «Item
321 3773 366 3841 de
387 3773 603 3841 interdicto...
625 3777 709 3841 Item
730 3777 764 3840 in
780 3776 1067 3859 acceptilatione...
1088 3778 1173 3841 Item
1190 3775 1224 3839 in
1244 3791 1297 3841 re-

176 3893 408 3974 «scaporum
419 3891 688 3974 impetratione...
700 3892 925 3957 Itemincausa
935 3888 1296 3957 matrimoniali...1tem

171 4006 393 4077 ‘secundnm
403 4007 562 4092 quosdam
581 4009 614 4072 in
630 4014 708 4073 voto
721 4008 978 4073 transmarino...
997 4008 1083 4072 Item
1098 4007 1131 4071 in
1149 4023 1297 4073 consum·

162 4133 184 4173 s‘
202 4134 345 4208 prorum
373 4124 664 4191 instrumentorum
689 4123 969 4206 exemplatione...
989 4125 1073 4188 ltem
1095 4122 1130 4186 in
1153 4120 1202 4187 his
1224 4139 1296 4207 que

152 4247 174 4288 ‘¹
200 4240 316 4309 Sedes
336 4239 521 4324 apostolica
541 4239 603 4306 sibi
622 4239 805 4322 specialiter
834 4239 1055 4304 reservavit...
1075 4240 1159 4305 Item
1174 4239 1209 4304 in
1222 4257 1298 4305 cou-

146 4361 173 4402 “
197 4353 375 4424 trahendo
390 4357 635 4421 matrimonio...
654 4357 736 4421 item
758 4356 790 4421 in
808 4356 1010 4421 absolutione
1026 4353 1168 4438 petenda
1183 4354 1226 4421 ab
1241 4373 1298 4423 ex·
