2714 4980
138 273 203 335 226
497 288 684 335 rmorsrus
705 289 750 334 nn
771 290 921 341 sumens.

135 419 255 496 enecatio
269 416 510 495 mnmveispcat
521 415 658 494 debeam,
678 417 831 480 ordinere.
847 419 912 480 Pro
924 434 984 497 qua
995 414 1108 477 ratiti
1113 415 1250 493 μαψ--

133 548 211 609 mus,
225 536 370 611 quatenus
385 533 576 594 aem-Fausto
589 533 669 612 loqui
685 534 808 610 debean·
823 536 872 594 cui
886 529 925 616 (si
939 525 1080 612 columi)
1094 531 1249 591 comtum.

132 647 256 724 salceio,
282 650 456 708 monasterii
471 648 652 725 peaercliter
667 647 773 709 debeas
787 652 906 728 nepotis
919 647 1137 709 commendare.
1154 645 1266 724 sapw-

130 762 178 830 ait
194 734 275 824 caira
281 781 341 842 pro
350 781 446 847 porco
465 764 647 825 incommodo
660 781 680 824 c
693 768 822 843 strepitu
834 781 994 824 causarum
1008 779 1111 824 servos
1123 761 1180 823 Des
1191 774 1244 821 etse

128 880 254 956 quain.
271 876 393 962 (Capite
408 876 514 954 unico,
529 877 616 942 tituli
626 879 681 954 39,
698 877 776 942 libri
792 881 804 942 l
830 872 1070 959 decretalium.)

174 997 210 1055 7.>
231 990 313 1055 Gum
333 997 444 1059 tamen
474 989 640 1074 prodicta.
653 991 828 1057 decretalis
852 989 990 1056 suadeat
1017 995 1160 1065 tantum,
1186 1005 1246 1052 non

125 1112 236 1174 autem
251 1106 395 1188 rigorose
410 1107 588 1189 precipiat,
608 1115 645 1173 ut
660 1108 694 1172 in
707 1114 954 1190 procuratorem
967 1103 1246 1171 suum-:eommuni-

123 1225 210 1289 tates
222 1219 378 1304 religiosa
392 1229 587 1289 extraneum
597 1231 779 1307 assumant3
793 1223 860 1288 imo
871 1240 945 1287 cum
959 1240 1025 1285 nou
1038 1219 1245 1304 italoquctur

122 1334 274 1416 laudatus
293 1336 447 1403 Pontifex
467 1337 529 1402 nisi
547 1338 581 1401 in
606 1357 683 1403 casu
701 1345 795 1421 parvi
810 1340 998 1417 incommodi,
1018 1355 1060 1401 ex
1085 1341 1252 1418 assumpto

122 1461 279 1523 extraneo
299 1455 427 1534 orituri,
451 1456 599 1540 sequitur
622 1456 762 1521 vetitum
788 1474 865 1520 non.
880 1473 950 1520 esse
972 1451 1191 1519 conuentibus
1212 1458 1266 1522 ei:

121 1571 339 1649 monasteriis,
358 1571 538 1655 prasertim
550 1572 578 1636 si
589 1571 740 1637 notabilis
758 1570 836 1636 inde
857 1571 934 1654 ipsis
954 1574 1095 1652 exurgat
1112 1567 1258 1647 nuncu.

121 1683 307 1768 religiosum
322 1705 383 1769 pro
398 1686 455 1751 tuli
466 1685 568 1753 officio
581 1684 753 1769 deputare.
769 1684 866 1767 Quod
874 1691 1186 1769 pratereaaartum
1197 1680 1262 1746 n,

120 1798 211 1867 ciunt
222 1799 317 1863 multi
334 1797 415 1882 juris
431 1800 516 1865 sacri
529 1806 640 1864 textus
654 1818 668 1860 ·:
691 1799 856 1864 scribebat
879 1798 987 1864 Priori
1013 1805 1048 1862 et
1075 1793 1254 1864 Fratribus

119 1912 151 1977 S.
165 1913 347 1991 Trinitatis,
373 1932 457 1977 anno
480 1915 575 1992 1180,
597 1914 761 1996 Eugenius
776 1914 851 1979 111:
868 1916 996 1994 Insuper
1011 1917 1186 1989 statuimus,
1204 1919 1258 1974 ut!

119 2028 207 2095 liccat
221 2031 306 2093 cobis
317 2034 350 2092 ia
365 2035 466 2091 censis
476 2033 616 2093 Ecclesiae
626 2037 732 2092 cestra
744 2033 825 2110 ferre
839 2033 1064 2107 testimouium
1085 2027 1235 2090 domando

117 2163 196 2207 caus
211 2164 251 2206 ea
266 2146 350 2207 uobis
361 2147 409 2207 oei
419 2147 480 2208 duo
494 2148 536 2208 cd
552 2146 704 2226 nuendum
721 2151 751 2207 et
763 2146 1226 2227 respondenduminstituaatue:

117 2280 243 2342 quocum
259 2266 462 2325 testiowaium
473 2267 613 2325 incautis
623 2264 772 2342 inquibus
782 2268 897 2323 actores
912 2263 960 2323 oet
972 2261 1158 2340 responsales
1169 2260 1236 2320 atat?

5 2403 8 2408 ⁸
116 2381 252 2445 instituti
265 2379 422 2440 acadebet
434 2380 569 2441 admitti.
590 2376 643 2483 ((1ὅ
653 2381 781 2458 Insuper
800 2378 851 2454 16,
870 2379 907 2438 de
926 2371 1090 2458 Postibus.)

160 2491 252 2557 Anno
273 2493 369 2568 1200,
389 2492 597 2558 Innocentius
612 2492 660 2557 ΠΙ
676 2491 887 2569 decernebat,
903 2488 1025 2575 injuste
1042 2510 1061 2554 a
1077 2487 1233 2574 judicibus·

117 2626 183 2677 non
196 2607 299 2691 recipi
316 2606 359 2673 ad
375 2606 536 2691 agendum
551 2615 585 2672 et
598 2605 863 2691 respondendum
874 2625 935 2690 pro
948 2607 1089 2690 negotiis
1097 2607 1162 2672 suis
1172 2602 1222 2669 liti·

117 2724 213 2807 glosis
224 2723 392 2809 cujusdam
410 2723 542 2791 Ordinis
553 2725 694 2808 religiosi
707 2723 837 2789 fratres.
864 2722 911 2810 (G.
930 2727 1007 2787 Cam
1023 2725 1165 2806 deputati
1179 2720 1218 2793 tc,

117 2839 207 2911 tituli
226 2841 258 2918 1,
277 2838 355 2906 libri
371 2841 391 2904 2
408 2835 549 2921 decret.)
1157 2896 1160 2901 ,

163 2954 324 3021 Consonat
338 2953 509 3020 concilium
523 2953 703 3036 agathense
717 2953 762 3018 ita
774 2961 942 3020 statuens:
959 2956 1112 3018 Similiter
1122 2951 1220 3017 ut-aut·

119 3071 172 3134 lus.
189 3091 303 3152 eorum,
330 3073 445 3151 id.est,·
472 3058 695 3150 monadorum,
721 3073 850 3150 forensis
878 3075 991 3151 nepotis·
1016 3050 1164 3152 susceptor
1183 3067 1218 3130 cci

118 3194 256 3255 mactae
266 3193 392 3267 eaistct,
409 3193 471 3251 nisi
479 3190 558 3268 quoa
571 3192 746 3250 mormsterii
760 3192 896 3268 exposcit.
906 3189 1044 3266 utilitas,
1054 3189 1166 3252 Accae
1173 3185 1229 3248 su-

117 3303 312 3373 ailtilomiaus
325 3308 500 3384 imperante.
521 3301 662 3388 (Conone
677 3303 816 3365 umecta
831 3303 886 3378 35,
906 3300 1095 3384 questionis
1112 3303 1141 3379 1,
1157 3317 1216 3364 cau·

116 3437 160 3484 sae
181 3416 248 3502 16.)
265 3417 482 3485 confirmatur
496 3418 632 3502 insuper
642 3417 996 3483 constantimultcrum
1013 3416 1164 3483 ordinum
1177 3432 1230 3481 re·

116 3535 303 3618 ligiosorum
322 3537 425 3620 praxi,
445 3536 512 3620 qui,
532 3554 599 3601 non
615 3541 799 3612 extraneos,
819 3533 879 3600 sed
894 3534 953 3599 sui
973 3534 1097 3601 ordinis
1115 3535 1216 3600 fratres

117 3657 346 3735 procuratores
368 3652 580 3717 constituunt.
605 3650 726 3717 Contra
742 3651 807 3716 ⁴hos
828 3658 939 3716 autem
958 3669 1025 3716 non
1050 3646 1230 3716 admittitur'

115 3766 266 3850 exceptio
298 3765 573 3844 stromatibus,
609 3785 651 3831 ex
681 3785 720 3831 eo
748 3766 818 3831 solo
850 3765 947 3832 titulo
977 3763 1068 3851 quod
1095 3756 1216 3848 religiosi

115 3883 189 3949 sint.
795 3867 798 3875 '
1147 3905 1151 3911 ·

158 4002 190 4066 8.
214 3996 467 4063 «Communitas
489 3997 673 4064 necessario
696 3996 800 4062 debet
823 3998 1022 4062 constituere
1048 3995 1213 4082 syndicum·

116 4115 231 4181 «oum
246 4115 334 4181 enim
351 4131 411 4196 per
427 4114 566 4198 seipsam
582 4133 644 4178 nec
659 4115 833 4178 convenire
851 4133 912 4179 nec
931 4113 1100 4178 conveniri
1118 4108 1210 4196 pouit

115 4253 133 4295 a
148 4229 369 4307 necessarium
383 4231 513 4303 omuino
524 4236 579 4296 est
597 4230 755 4296 constitui
769 4231 909 4315 aliquem
922 4229 979 4314 qui
993 4229 1097 4312 ipsam
1111 4213 1212 4310 repra·

114 4353 266 4425 «sentet,
281 4352 316 4412 et
334 4345 405 4430 ejus
423 4364 535 4411 causas
551 4344 723 4429 injudicio
742 4353 971 4430 persequatur,
990 4346 1071 4412 etis
1091 4352 1139 4411 est
1150 4356 1208 4425 syr
