2714 4980
12 4528 36 4871 l

520 343 600 393 rans
623 344 737 392 rmus.
1150 331 1189 396 5³

70 489 137 552 pere
150 490 216 535 naas
226 475 288 552 finiit
303 468 411 558 (ibid,
422 489 455 535 n.
466 467 511 555 8).
524 469 557 535 st
567 488 645 554 ergo
656 470 817 555 probetur
829 492 847 537 a
861 472 1052 557 pauitantia
1061 469 1192 555 publiea

70 586 303 672 inseparabiles
324 587 426 654 fuisse
449 589 559 673 plures
579 589 765 672 corporales
784 596 819 655 et
842 587 1040 674 temporales
1060 601 1186 674 panas,

69 702 335 771 concludendum
349 705 413 770 erit
432 705 616 785 Ecclesiam,
639 705 719 773 dum
734 706 794 772 sibi
807 705 860 792 jus
875 705 1043 771 tribuebat
1062 704 1105 772 ad
1120 723 1192 790 pm·

69 821 240 887 nitentiam
257 821 420 906 publicam
439 822 592 907 cogendi,
610 823 670 888 hoo
685 824 758 907 ipso
776 823 837 889 sibi
851 824 947 889 simul
963 823 1115 889 tribuisse
1131 841 1192 907 per

69 955 184 1022 pmuas
207 941 395 1022 corporales
413 947 448 1006 et
467 942 665 1024 temporales
689 939 862 1008 coercendi
887 948 1094 1026 potestatem.
1118 941 1191 1007 lam

70 1071 147 1121 reru
162 1053 260 1121 facile
273 1053 489 1122 demonstrari
500 1064 608 1142 potest
619 1059 844 1142 poenitentiam
857 1057 1022 1141 publicam
1033 1056 1096 1122 sibi
1107 1058 1193 1122 inse·

70 1170 261 1253 parabiliter
282 1191 425 1239 annexos
443 1173 593 1240 habuisse
613 1175 725 1258 plnres
746 1174 891 1253 effectus,
915 1175 971 1259 qui
988 1193 1092 1258 poena
1108 1181 1192 1239 tem·

71 1287 200 1372 penales
226 1296 261 1354 et
276 1291 476 1375 corporales
502 1292 635 1375 proprie
663 1290 758 1356 dicta
782 1291 929 1357 fuerunt.
953 1288 1192 1356 Poenitentibus

72 1423 187 1488 nempe
201 1423 268 1470 uon
286 1404 465 1490 conjugatis
481 1407 740 1473 interdicebatur
754 1407 789 1472 in
811 1415 1011 1490 perpetuum
1026 1406 1192 1472 matrimo-

72 1520 178 1586 nium:
200 1519 380 1605 conjugatis
394 1541 476 1587 vero
489 1523 684 1588 matrimonii
699 1541 786 1589 usus.
804 1524 889 1589 Item
905 1522 1057 1588 omnibus
1069 1523 1103 1587 in
1116 1540 1192 1606 per-

71 1646 208 1720 petuum
218 1638 478 1707 interdicebatur
490 1639 660 1725 quodlibet
675 1641 829 1706 saeculare
841 1659 958 1706 munus
971 1660 1029 1706 sen
1039 1639 1188 1716 officium,

71 1754 176 1822 veluti
191 1757 305 1822 militia
319 1757 448 1837 bellica,
468 1759 689 1836 mercimonia,
708 1759 854 1825 forenses
871 1777 991 1837 causae,
1008 1758 1132 1844 judicia
1147 1759 1192 1824 ci·

69 1872 145 1938 vilia
159 1878 197 1938 et
207 1872 404 1958 hujusmodi.
420 1875 508 1956 Quas
522 1883 612 1941 certe
627 1894 740 1958 poenas
753 1877 937 1960 corporales
950 1884 984 1941 et
997 1876 1192 1960 temporales

64 1987 169 2055 fuisse
198 2007 295 2055 nemo
317 1989 440 2056 inficias
462 1991 533 2056 ibit.
552 1990 649 2073 Quod
673 1998 783 2056 autem
804 2000 893 2058 certo
914 2010 1046 2056 annexa
1069 1990 1193 2057 fuerint

59 2106 271 2187 paenitentia
286 2106 435 2193 publicae,
455 2107 553 2173 fateri
564 2114 695 2174 coactus
711 2112 762 2173 est
777 2109 930 2186 Marinus,
945 2109 1021 2174 licet
1037 2108 1110 2193 (pro
1125 2106 1192 2192 gal-

58 2219 182 2288 licanis
201 2224 267 2288 suis
284 2223 501 2310 opinionibus)
518 2245 584 2290 non
599 2244 716 2309 parum
740 2224 783 2291 de
800 2225 863 2292 hoc
876 2225 1129 2309 obstupescens:
1145 2223 1193 2288 sic

57 2356 140 2406 rem
148 2340 185 2405 in
195 2339 313 2407 thesim
321 2341 389 2424 ipse
401 2344 511 2426 posuit
523 2365 531 2408 ε
545 2346 665 2408 militiae
677 2351 707 2407 et
718 2351 904 2426 nepotianum
914 2346 1101 2408 surcularium
1110 2361 1194 2406 euer-

56 2464 188 2538 cirtam
208 2464 395 2524 matrimonii
410 2467 443 2525 in
457 2467 626 2545 conjunctis
638 2482 736 2541 usum,
759 2468 792 2526 in
807 2482 868 2527 nou
881 2467 1048 2545 conjupatis
1059 2467 1193 2525 contrae-

58 2584 146 2657 tum
157 2579 279 2659 patbliee
293 2597 474 2660 quacumque
489 2581 526 2643 de
552 2598 642 2642 eausa
654 2583 908 2662 pauitantibus...
928 2600 948 2643 a
966 2582 1071 2643 saeculo
1086 2585 1193 2660 quarto

55 2696 110 2758 ud
128 2701 267 2759 octauum
285 2698 448 2760 interdieta
466 2699 560 2778 fuisse
581 2694 629 2781 (de
643 2700 835 2762 Sacramenta
849 2701 975 2776 Paruit,
994 2697 1017 2762 l.
1038 2699 1069 2773 5,
1093 2714 1121 2760 c.
1135 2697 1189 2772 nt,

55 2826 144 2896 pag.
161 2814 241 2891 307,
258 2811 338 2879 edit.
360 2812 521 2898 Bruxel.).

112 2911 1193 3016 DequibusPoenitentiaepublicaeeffectibusalibidisserenssicha-

57 3042 149 3114 lret:
168 3051 318 3132 stupenda
334 3051 391 3112 illa
405 3054 594 3115 Punitentioe
605 3053 761 3133 adjuncta,
780 3051 961 3132 multiplicia
974 3051 1092 3130 quidem
1106 3056 1187 3130 arnt,

58 3169 121 3231 sed
136 3171 170 3231 in
180 3168 240 3230 dua
253 3173 354 3249 capita
366 3169 457 3248 facile
467 3170 570 3249 collipi
578 3175 716 3249 possunt.
732 3170 824 3231 Prius
839 3175 883 3230 est
896 3171 1083 3230 matrimonii
1094 3169 1193 3248 qrraud

64 3289 169 3346 taram
182 3288 294 3347 attinet
306 3290 453 3366 perpetua
468 3291 630 3367 separatio,
650 3291 679 3347 et
694 3291 811 3347 mortno
826 3289 947 3367 conjunc
964 3304 1001 3349 ne
1014 3287 1110 3348 altero
1127 3304 1192 3350 ma

66 3405 213 3464 trinacria
218 3404 392 3482 junpantur
405 3421 506 3464 seuam
517 3404 700 3465 interdictio.
716 3405 880 3480 Posterius,
894 3421 913 3463 a
926 3404 1040 3464 militia
1054 3404 1192 3466 seculari

66 3522 119 3579 cai
128 3525 220 3581 autea
233 3519 392 3598 vacabant,
406 3519 458 3582 tae
472 3526 516 3582 est
529 3521 567 3582 ab
582 3520 677 3599 officio
691 3521 839 3583 saeculari.
848 3568 854 3582 .
863 3568 884 3599 .‚
900 3527 936 3582 ut
946 3522 1059 3584 militia
1071 3522 1187 3601 bellica,

58 3640 274 3725 ,uurdmonim
297 3639 429 3717 forenses
447 3657 554 3715 eausa,
572 3641 692 3720 judicia
707 3640 811 3701 ciuilia
827 3645 856 3701 et
870 3642 1025 3721 ejusmodi,
1047 3646 1192 3722 perpetua

72 3758 207 3831 mutto,
221 3772 283 3816 non
296 3759 414 3816 tantum
426 3775 458 3816 ea
472 3759 880 3836 temporequopoenitentiam
890 3757 1029 3835 caedant.
1046 3759 1117 3818 Hac
1130 3760 1192 3820 nisi

78 3871 277 3933 murmurans
293 3873 526 3934 auctoritatibus
539 3873 827 3949 demonstrarentur,
839 3872 1030 3934 incredibilia
1045 3873 1146 3952 plane,
1161 3878 1190 3934 et

79 3992 177 4049 netto
191 3988 377 4051 uiderentur.
401 3989 461 4052 Sed
483 3992 661 4051 testimoniis
682 3990 757 4051 odeo
771 3989 969 4066 euidentibus,
988 3989 1191 4068 frequentibus

83 4108 106 4163 ri
116 4110 250 4185 sanastis
263 4106 443 4184 fulciuntur,
468 4112 503 4168 ut
517 4107 604 4169 nulla
617 4108 665 4168 uel
682 4111 855 4169 tenuissima
873 4106 1070 4168 dubitationis
1084 4109 1191 4171 umbra

86 4234 223 4298 aureae
242 4225 341 4302 possit
357 4218 465 4306 (ibid,
485 4240 557 4305 cap.
575 4223 626 4300 18,
647 4239 720 4304 pag.
742 4217 833 4304 301).
852 4220 1108 4287 Emonumentis
1120 4241 1190 4307 qua

88 4328 196 4402 llodno
215 4336 314 4401 etiam
332 4355 403 4404 rem
426 4340 555 4405 omniuo
570 4344 693 4405 certam
708 4337 829 4415 iecere,
848 4355 950 4403 unum
972 4346 1029 4405 aut
1050 4340 1190 4409 alterum

91 4441 252 4533 dumtaxat,
273 4453 457 4536 speciminis
470 4456 581 4540 gratia
598 4454 811 4525 adducemus.
830 4453 922 4524 luno
937 4458 1002 4525 385
1017 4455 1060 4523 ad
1081 4457 1191 4527 llime·
