2714 4980
547 304 627 353 rsus
648 306 808 355 sueonos.
1176 297 1238 359 373

118 441 208 498 esset
219 432 386 516 appellare
398 430 564 497 abeodem
578 430 620 498 ad
636 433 807 518 eumdem3
822 453 859 499 ac
873 431 1010 518 proinde
1018 441 1105 501 esset
1116 453 1180 499 non
1189 453 1242 517 ap

116 548 257 632 pellace,
279 566 353 613 cum
366 545 410 613 de
425 549 650 632 appellationis
669 551 808 615 essentia
823 550 875 627 sit,
901 556 939 615 nt
956 549 1014 614 liat
1035 549 1077 614 ad
1096 548 1241 634 judicem
1295 526 1310 555 ⁰

118 662 292 729 diversum
310 684 329 729 a
344 664 448 748 priori
463 663 551 730 etilli
566 667 779 749 superiorem.
802 665 895 732 Idem
910 673 1071 749 praterea
1087 683 1239 749 expresse

115 777 313 846 decernitur
328 780 362 844 in
381 780 487 863 capite
503 783 534 858 2,
561 781 647 846 tituli
663 782 696 858 4,
722 781 798 846 libri
820 783 849 860 1,
869 783 903 846 in
919 787 1023 859 sexto,
1041 782 1090 847 his
1109 780 1234 846 verbis:

115 899 187 961 Nou
197 901 342 977 potam
354 897 442 958 iiiam
456 899 707 976 emsaetcdinom,
727 903 960 978 quantocumque
971 904 1100 980 tompore
1113 900 1150 960 de
1161 901 1241 978 sacto

115 1019 281 1089 croatam,
295 1030 452 1076 consonam
466 1019 592 1092 rationi,
614 1015 693 1094 quad
706 1016 744 1077 ab
755 1015 881 1093 officiali
895 1011 1035 1095 Episcopi
1049 1016 1091 1077 ad
1107 1016 1239 1077 eamdem

114 1131 297 1211 Episcopum
306 1131 407 1192 calcat
420 1130 571 1210 appellari
582 1148 592 1191 :
607 1148 644 1192 ac
657 1132 696 1193 ab
709 1132 809 1192 codem
820 1132 862 1193 ad
873 1135 1014 1211 seipsum,
1030 1149 1096 1192 com
1108 1134 1150 1192 sit
1160 1132 1239 1193 idem

113 1247 305 1308 auditorium
321 1250 487 1326 utriusque,
503 1247 668 1326 appellatio
681 1250 859 1327 interposita
875 1248 1025 1309 videatur.
1044 1242 1140 1324 Quod
1150 1244 1239 1325 prin-

114 1358 249 1442 cipium,
268 1357 335 1443 jam
346 1376 445 1443 supra
462 1359 540 1423 satis
557 1358 732 1436 firmatum,
752 1367 787 1424 et
797 1359 995 1424 unanimiter
1013 1379 1032 1424 a
1051 1357 1238 1424 doctoribus

113 1481 299 1557 receptum,
321 1473 396 1539 ideo
411 1473 580 1539 dumtaxat
596 1473 648 1537 hic
668 1492 870 1553 revocamus,
885 1473 1017 1539 utillud
1031 1473 1234 1557 applicando,

113 1591 270 1658 nonnulla
296 1608 383 1656 nuuc
406 1592 514 1675 magni
534 1592 689 1657 momenti
704 1589 850 1676 ejusdem
874 1592 1073 1657 consectaria
1096 1588 1237 1657 deduca-

113 1724 200 1773 mus.
223 1705 331 1783 Unde,

158 1825 195 1886 20
211 1822 345 1889 Certum
360 1831 410 1890 est
426 1842 491 1888 non
512 1825 623 1890 valere
645 1824 742 1889 ullam
759 1825 794 1889 in
812 1823 1007 1889 contrariam
1029 1821 1237 1888 consuetudi·

111 1955 202 2014 nem,
219 1939 427 2022 quantumvis
442 1939 573 2023 antiqua
587 1940 638 2004 sit.
652 1939 733 2004 Satis
749 1944 841 2022 patet
853 1959 894 2003 ex
907 1936 1005 2004 modo
1012 1940 1110 2002 citata
1125 1938 1236 2004 decre

111 2053 170 2120 tali
187 2057 258 2119 Non
277 2060 442 2135 potamus:
457 2055 492 2118 in
513 2072 577 2137 qua
603 2061 747 2131 notetur,
774 2055 819 2118 ait
829 2054 1018 2130 Leurenius‚
1037 2052 1156 2137 «quod
1170 2072 1234 2117 non

114 2169 254 2235 «valeat
270 2169 472 2235 consuetudo
483 2171 722 2235 immemorialis
741 2169 926 2254 appellandi
942 2170 1096 2235 aVicario
1108 2168 1150 2234 ad
1164 2170 1235 2252 lipi-

113 2310 131 2347 «
147 2304 300 2371 scopum;
312 2307 353 2354 eo
365 2286 452 2373 quod
465 2287 669 2354 consuetudo
679 2306 750 2372 quae
761 2296 812 2353 est
821 2295 934 2353 contra
946 2287 1159 2352 substantiam
1170 2287 1230 2362 rei,

113 2401 190 2468 ade
204 2402 279 2487 jure
290 2403 494 2486 impossibilis
508 2408 606 2488 atque
622 2403 851 2469 irrationabilis
859 2401 999 2487 judicari
1009 2401 1110 2492 debet
1126 2423 1132 2466 :
1150 2403 1233 2467 ratio

112 2544 129 2583 a
144 2539 228 2586 vero
236 2539 274 2585 ac
286 2521 387 2586 veluti
395 2520 574 2586 substantia
586 2512 811 2604 appellationis
818 2520 852 2583 in
860 2538 899 2585 eo
913 2520 1077 2595 consistat,
1091 2516 1180 2603 quod
1191 2519 1232 2582 sit

112 2634 307 2716 «adolium,
320 2655 459 2720 eumque
469 2635 625 2721 maiorem
632 2634 776 2720 judicem
786 2635 984 2718 provocatio.
994 2634 1171 2716 Episcopus
1180 2653 1233 2698 an-

112 2776 129 2813 «
142 2760 215 2819 tem
222 2752 357 2838 ejusque
369 2753 515 2821 vicarius
530 2772 588 2818 seu
601 2750 749 2843 Officialis
763 2751 949 2834 principalis
962 2769 1064 2815 unum
1073 2748 1228 2832 idemque

111 2894 127 2929 a
142 2869 290 2934 tribunal
307 2868 443 2948 habent,
468 2866 616 2953 adeoque
634 2875 794 2952 repugnat
810 2867 851 2931 ab
873 2866 934 2931 hoc
953 2864 995 2932 ad
1013 2867 1103 2930 illum
1119 2866 1231 2949 appel·

111 2985 216 3051 clare
227 3005 245 3045 u
263 2984 312 3071 (de
326 2990 456 3049 Victoriis
472 2988 588 3067 Epiro,
605 3003 676 3067 cap.
695 2986 726 3060 2,
749 2985 883 3067 quaestio
901 2979 966 3066 74).

152 3104 190 3167 3⁰
208 3099 343 3165 Etiamsi
358 3105 468 3182 partes
486 3101 686 3165 consentiant
703 3105 741 3163 ut
761 3098 818 3163 fiat
837 3117 856 3162 a
874 3098 1000 3163 vicario
1021 3096 1165 3180 generali
1186 3097 1228 3162 ad

108 3218 307 3303 Episcopum
327 3216 511 3299 appellatio,
530 3234 597 3280 non
612 3214 736 3280 valebit
753 3215 829 3280 talis
852 3214 1036 3297 appellatio,
1063 3221 1097 3279 et
1118 3213 1229 3279 irritus

108 3335 173 3400 erit
195 3348 366 3417 processus
379 3330 455 3396 inde
470 3336 618 3414 secutus3
640 3330 729 3415 qnod
743 3331 864 3395 invicte
878 3330 1027 3414 seqnitur
1040 3348 1081 3393 ex
1092 3329 1161 3411 ipsa
1175 3347 1228 3412 ap-

106 3448 292 3535 pellationis
303 3449 466 3515 nullitate.
486 3444 581 3512 Unde
593 3446 716 3512 frustra
735 3447 913 3529 Episcopus
923 3446 1023 3510 talem
1043 3444 1229 3529 appellatio-

106 3586 185 3632 nem
195 3566 370 3648 reciperet,
385 3581 577 3648 causamque
586 3563 831 3648 ipsejndicaret,
847 3564 902 3628 vel
914 3562 1009 3627 alteri
1016 3560 1225 3646 judicandam

107 3681 349 3764 committeret;
371 3680 445 3766 quia
458 3679 527 3744 hac
541 3678 646 3745 omnia
660 3679 750 3744 nulla
765 3685 875 3744 essent
889 3685 988 3762 atque
1007 3678 1112 3742 irrita.
1130 3675 1223 3762 (vide

106 3797 316 3874 Lemnium,
330 3796 402 3862 loco
416 3797 525 3874 citato,
544 3801 579 3860 et
601 3800 751 3861 auctores
767 3793 809 3860 ab
821 3795 892 3878 ipso
904 3790 1089 3875 adductos.)

150 3915 188 3978 4⁰
203 3913 407 3978 Praemissum
427 3918 538 3977 autem
556 3912 791 3976 consectarium
814 3910 860 3973 ita
877 3906 1075 3986 extenditur,
1090 3913 1156 3972 out
1167 3925 1225 3972 ne-

109 4053 126 4088 «
143 4026 280 4114 quidem
294 4025 393 4094 detur
408 4027 582 4112 appellatio
593 4025 665 4092 talis
675 4027 709 4091 in
724 4023 966 4110 requirentibus
981 4024 1119 4107 speciale
1133 4042 1223 4090 man·

105 4117 125 4208 ¹a
141 4145 269 4221 datum,
297 4143 377 4211 dum
403 4164 441 4210 ea
463 4144 559 4209 simul
581 4162 654 4209 cum
680 4148 841 4225 potestate
865 4138 1028 4206 ordinaria
1059 4140 1223 4209 commissa

109 4287 125 4323 a
142 4269 230 4327 sunt.
241 4284 257 4322 a
277 4261 477 4347 (Lausonius
492 4259 564 4325 loco
581 4257 704 4342 citatoss
