2714 4980
164 98 225 162 iit
503 111 691 161 mecaenas
712 115 758 161 ne
779 116 926 164 runicus.

156 240 190 304 in
208 256 274 324 quo
289 238 335 303 sic
353 234 510 302 habetur:
526 256 593 300 cam
615 242 909 322 omnint'delepotca
929 260 951 305 a
971 244 1116 326 persepe
1135 262 1265 311 naamam

156 356 257 419 caleat
271 356 329 417 olii
339 354 517 435 delepore...
541 354 608 419 «Et
625 355 709 420 ratio
725 362 775 421 est
793 356 1019 443 (cisrenanis,
1041 378 1074 426 r.
1094 363 1263 444 Delepotro,

156 488 215 536 an.
237 467 302 555 16),
321 470 395 554 quia
409 470 436 534 si
449 470 588 554 quilibet
605 469 774 555 delegatus
788 491 933 539 caussam
946 475 1043 541 alteri
1053 476 1266 563 subdelegare

154 593 301 671 «posset,
312 586 364 651 hic
376 587 474 651 etiam
484 593 593 669 posset
602 587 722 653 iterum
735 587 887 673 delegare
899 593 1008 670 tertio,
1018 598 1053 658 et
1063 593 1128 659 iste
1138 601 1263 678 quomo,

150 705 213 766 cet
228 702 273 766 sic
285 701 420 766 daretur
432 719 603 784 processus
617 703 650 767 in
663 702 835 782 infinitum,
851 723 922 790 ques
937 706 1078 773 infinitas
1090 707 1197 793 ajune
1211 728 1265 775 ex-

154 837 292 904 npresse
307 817 513 902 reprobatur,
529 819 634 902 capite
644 823 719 884 Cam
729 826 763 884 ira
777 825 883 885 maltis
896 821 939 909 (2,
952 826 989 887 de
1002 828 1180 908 Recepta,
1191 827 1224 891 in
1234 824 1264 911 6)

152 935 240 1001 eibi:
257 955 323 998 cam
338 940 372 998 io
383 937 487 997 multis
493 940 577 1017 juris
592 939 732 998 articulis
745 938 885 1015 infinitas
902 942 1111 1021 reprobetur.»
1188 931 1191 935 ’

190 1052 337 1118 Diximus
351 1054 542 1134 reputante,
560 1052 635 1135 quia
653 1054 868 1119 communiter
882 1075 901 1120 a
917 1053 1110 1123 doctoribus
1122 1057 1264 1125 admitti·

144 1175 212 1244 tur,
227 1186 322 1253 posse
338 1165 522 1250 delegatum
538 1167 580 1232 ab
597 1165 768 1234 Ordinatio
781 1168 935 1236 inferiore
948 1175 990 1236 ad
1003 1177 1262 1241 universalitatem

143 1304 312 1360 caesaram,
336 1281 562 1365 subdelegare.
581 1282 659 1363 Quae
680 1284 828 1367 exceptio
850 1284 1007 1351 fundatur
1026 1286 1087 1354 hac
1111 1291 1259 1356 ratione:

143 1396 330 1482 delegatum
343 1415 460 1480 nempe
473 1395 515 1460 ad
530 1398 807 1464 universalitatem
818 1419 999 1480 causarum,
1014 1420 1085 1468 esse
1098 1404 1261 1489 quasi-Or-

143 1512 314 1593 dinarium
336 1521 371 1578 et
389 1512 561 1578 ordinario
579 1513 612 1578 in
633 1512 693 1579 hac
716 1533 753 1580 re
779 1517 981 1600 aequiparari.
1004 1518 1119 1585 Valere
1151 1529 1259 1587 antem

140 1628 228 1696 illam
238 1629 462 1712 exceptionem
470 1627 549 1693 dicit
558 1627 860 1714 Schmalzgrueber‚
871 1635 978 1696 saltem
986 1635 1025 1697 de
1034 1639 1255 1701 cmaoetmtr'ae.

139 1747 182 1813 Et
204 1746 297 1814 addit
316 1747 416 1811 talem
433 1745 619 1830 delegatum
634 1764 729 1830 posse
751 1749 846 1814 alteri
861 1751 1079 1829 committere,
1097 1770 1166 1839 non
1189 1754 1258 1838 qni·

139 1863 216 1931 dem
236 1871 339 1929 totam
361 1882 451 1928 suam
470 1868 677 1946 potestatem,
693 1861 754 1928 sed
774 1883 872 1929 unam
893 1865 947 1930 vel
968 1866 1106 1932 alteram
1128 1887 1256 1935 causam

140 1981 281 2068 (intitul.
300 1983 354 2058 29,
369 1980 470 2045 libril
492 1978 630 2057 decret,
647 1999 680 2044 n.
700 1977 765 2063 ll).
782 1980 994 2046 Nihilominus
1004 1980 1092 2048 dicto
1103 1986 1254 2069 exceptio

138 2094 217 2162 mihi
227 2116 292 2164 non
305 2095 520 2161 videtursctis
531 2094 654 2160 firmari
666 2115 727 2178 per
738 2095 895 2162 adductas
904 2097 1058 2162 rationes.
1069 2100 1152 2165 Nam
1166 2099 1253 2186 qnod

136 2215 416 2293 maoisidelepotas
427 2232 446 2275 o
453 2217 591 2293 principe
600 2232 721 2275 cuasam
733 2215 833 2275 valeat
843 2215 901 2275 olii
913 2210 1062 2295 derepere,
1077 2223 1129 2281 est
1140 2217 1252 2300 regula
1351 2272 1353 2277 .

137 2331 247 2392 certe:
265 2323 355 2409 quod
368 2343 448 2389 vero
463 2324 504 2389 ab
520 2322 581 2389 hac
599 2324 713 2408 regula
729 2324 911 2407 excipiatur
925 2323 1096 2408 delegatus
1110 2326 1155 2393 ab
1178 2329 1251 2412 Epi·
1344 2365 1351 2375 ·

135 2460 234 2528 scopo
248 2440 292 2507 ad
304 2441 579 2506 universalitatem
593 2459 771 2519 causarum,
782 2441 921 2505 innuunt
932 2439 1064 2526 quidem
1079 2444 1250 2511 canonino
1336 2470 1348 2500 ÷

135 2578 178 2626 ex
194 2556 387 2645 quibusdam
398 2556 479 2641 juris
494 2556 595 2622 civilis
606 2557 740 2622 Romani
754 2555 910 2636 textibus,
927 2574 993 2623 non
1009 2566 1121 2624 autem
1131 2578 1175 2625 ex
1184 2561 1250 2626 ulla
1313 2608 1345 2621 -

133 2676 209 2760 lege
223 2673 450 2741 ecclesiastica.
469 2671 565 2737 Unde
583 2680 656 2737 tuto
677 2691 743 2736 nou
758 2671 891 2738 videtur
907 2692 1005 2758 agere
1023 2673 1197 2760 delegatus
1208 2676 1248 2745 ab
1322 2698 1342 2727 ⁴

136 2791 309 2860 ordinario
327 2788 563 2873 non-principe,
582 2789 709 2854 etiamsi
731 2786 773 2853 ad
789 2789 973 2856 universale
996 2791 1130 2875 aliqum
1149 2811 1251 2876 mnus
1267 2805 1341 2852 ι

134 2909 304 2974 causarum
326 2905 582 2971 commissionem
602 2904 776 2988 acceperit,
795 2906 822 2970 si
840 2906 935 2972 elteri
956 2904 1173 2993 subdeleget3
1190 2900 1338 2975 nisij

134 3032 227 3091 certo
240 3026 366 3089 constet
380 3020 423 3088 de
439 3022 582 3104 legitima
595 3018 703 3105 quoad
716 3019 883 3104 regionem
897 3020 1146 3089 consuetudine.

178 3139 210 3203 5.
236 3134 331 3218 Quod
346 3143 457 3201 autem
469 3136 569 3218 possit
582 3133 775 3199 ordinarius
789 3134 1020 3220 non-princeps
1035 3143 1195 3217 atemere,
1211 3146 1333 3204 nt:-

130 3272 192 3341 per
202 3272 296 3321 suum
306 3226 493 3335 delegatum
503 3269 600 3315 causa
616 3251 775 3316 committi
787 3257 888 3336 queat
906 3251 1017 3330 tertio,
1032 3269 1101 3316 nou
1117 3252 1335 3339 quiden-:¹

130 3372 259 3438 nomine
272 3368 424 3452 delegati,
437 3364 496 3432 sed
505 3373 622 3431 comice
634 3369 805 3445 ordinarii,
818 3363 1090 3434 videturomnino
1105 3377 1329 3437 cea-tuma

129 3487 195 3556 Sed
207 3493 287 3553 tunc
299 3485 362 3551 iste
376 3484 495 3550 tertius
514 3501 579 3547 non
597 3482 660 3547 erit
681 3485 900 3564 undelepotas,
920 3480 979 3547 sed
995 3480 1104 3565 potius
1121 3483 1330 3571 delego*-

126 3615 181 3674 tns
199 3628 207 3692 ;
227 3610 342 3688 utpote
364 3590 619 3668 commissionem
633 3600 803 3683 accipiens,
827 3616 894 3664 non
910 3619 928 3663 a
944 3596 1108 3684 delegato,
1132 3601 1195 3669 sed
1210 3602 1325 3668 elz>

124 3724 194 3808 ipso
206 3719 390 3789 Ordinatio.
