2714 4980
524 319 605 368 raus
626 321 785 369 securus.
1169 303 1229 368 tet

162 441 320 527 liquibus
330 440 535 511 documentis
547 445 627 510 satis
640 446 815 530 colligitur,
831 441 1148 511 reverainmoribus
1158 444 1236 508 olim

116 558 233 638 fuime,
243 565 282 625 ut
287 559 405 625 notarii
413 556 555 627 officium
565 567 758 628 exercerent
771 560 892 639 clerici,
900 562 1001 626 etiam
1010 560 1044 625 in
1058 559 1238 625 marisam

116 675 237 754 sumti,
256 684 293 742 et
303 675 404 741 etiam
421 677 455 743 iu
466 683 609 763 utroque
623 677 673 764 (ut
687 674 834 761 videtur)
846 677 931 744 1060.

163 793 200 856 3⁰
214 791 396 857 Etiamnum
405 793 566 876 generalis
574 800 626 860 est
640 792 856 871 cousuetudo,
873 799 911 859 ut
922 793 1031 859 clerici
1041 809 1102 876 pro
1112 791 1239 857 actibus

116 906 322 973 auctoritatis
336 907 561 975 ecclesiastice
585 910 706 975 notarii
729 927 788 974 seu
804 909 988 974 cancellarii
1010 925 1129 973 munus
1145 906 1238 973 obire

116 1021 256 1106 possint.
286 1023 526 1089 «Innocentius
554 1025 612 1102 ΙΠ,
638 1025 801 1090 Romanus
826 1023 1003 1102 Pontifex,
1032 1024 1081 1088 uti
1102 1043 1145 1089 ex
1167 1022 1240 1108 epi·

121 1168 138 1195 «
156 1124 242 1206 stbla
257 1141 331 1218 129,
348 1139 425 1206 libri
442 1141 496 1219 14,
512 1146 651 1218 constat,
670 1139 841 1206 interdixit
851 1143 1047 1224 presbyteris
1059 1143 1196 1203 diocesis
1208 1148 1239 1204 et

121 1285 137 1309 α
154 1257 346 1321 noeoeane
362 1255 571 1322 tabellionem
589 1274 699 1340 agere,
721 1274 759 1321 ea
776 1254 819 1322 de
838 1274 933 1321 causa
946 1254 1035 1340 quod
1050 1255 1239 1320 conculcato

121 1399 137 1425 «
152 1369 278 1437 bonore
293 1370 417 1437 ordinis
430 1373 649 1450 ecclesiastici,
667 1372 764 1437 curiae
776 1372 922 1438 saeculari
930 1371 1179 1449 famularentur,
1189 1389 1240 1437 se·

123 1517 138 1543 «
156 1505 223 1572 que
241 1487 384 1572 profanis
397 1490 535 1573 negotiis
552 1490 685 1554 nimium
700 1489 932 1555 immiscerent.
952 1489 1116 1554 Ceterum
1134 1487 1242 1554 Lude-

123 1632 138 1657 «
155 1602 222 1668 vici
237 1603 434 1668 Thomussini
450 1604 513 1670 riri
531 1602 707 1670 doctissimi
718 1605 881 1670 sententia
894 1613 945 1670 eat
964 1604 1069 1691 (parte
1087 1608 1117 1682 t,
1131 1603 1189 1670 lib.
1206 1607 1238 1682 2,

122 1749 138 1775 «
154 1738 187 1786 0.
209 1719 746 1806 1666666660666606106101100),
757 1739 799 1785 66
812 1719 1055 1806 hodiequidem
1065 1718 1244 1788 minoribus

122 1865 137 1890 a
158 1835 290 1902 clericis
309 1834 345 1902 id
365 1837 510 1902 muneris
525 1854 596 1901 esse
613 1835 844 1921 interdictum;
863 1834 1023 1921 quidquid
1043 1842 1156 1901 contra
1169 1852 1243 1900 sen-

122 1980 137 2009 «
155 1951 240 2017 tiant
257 1959 293 2018 et
304 1951 451 2018 scribant
470 1971 629 2017 canonum
651 1951 865 2036 interpretem
881 1951 981 2018 immo
1005 1970 1047 2016 ne
1063 1949 1242 2036 majoribus

123 2096 137 2123 ι
155 2065 302 2153 quidem,
319 2068 447 2154 quoties
465 2075 582 2153 agatur
604 2066 647 2134 de
666 2069 890 2133 instrumentis
913 2066 1083 2133 dumtaxat
1096 2066 1244 2151 Episcopi

123 2215 138 2240 «
156 2184 282 2250 curiam
298 2192 334 2250 et
361 2187 491 2269 negotia
517 2183 777 2269 mspicieutibus.
795 2184 894 2249 Certe
914 2182 1011 2269 hujus
1024 2183 1074 2251 rei
1094 2182 1245 2265 exemplo

126 2301 250 2386 «apud
275 2303 374 2369 Italos
400 2309 513 2367 nostru
538 2319 668 2387 quoque
696 2307 894 2384 tempestate
920 2300 1053 2364 minime
1069 2297 1240 2365 desunt.»

122 2419 359 2507 (nantarius,
390 2423 596 2501 inmunitates
619 2421 712 2482 medic·
739 2423 809 2498 eoi,
835 2423 916 2483 tom.
940 2420 969 2496 i,
991 2416 1155 2483 dissertat.
1190 2418 1242 2494 12,

118 2552 202 2621 pag.
225 2537 302 2615 666,
320 2533 400 2600 edit.
413 2533 590 2600 Mediolani
617 2531 729 2618 1738.)
749 2535 844 2617 Ergo,
865 2540 951 2598 teste
976 2533 1076 2599 citato
1096 2538 1242 2611 anatona,

120 2652 301 2718 minimis
315 2652 408 2718 Italia
417 2650 538 2717 desunt
551 2650 700 2734 exempla
715 2649 908 2716 clericorum
924 2651 1067 2715 notarios
1081 2650 1245 2733 agentium

113 2769 161 2834 -in
183 2768 391 2835 amiciendis
411 2766 737 2851 instrumentisque
759 2765 881 2831 curiam
900 2771 935 2830 et
949 2766 1079 2849 negotia
1099 2766 1247 2850 Episcopi

123 2885 316 2969 respiciunt.

171 2999 278 3086 Atque
300 2997 389 3064 idem
406 2999 532 3064 licitum
555 2995 714 3064 affirmant
739 3015 804 3062 606
832 2995 927 3080 pauci
946 2996 1132 3074 canonista,
1161 2997 1249 3067 inter

124 3133 211 3202 quos
229 3114 275 3180 sic
289 3115 473 3180 Piosecius:
501 3115 616 3181 «licet
640 3112 765 3179 clericis
786 3110 986 3194 prohibitum
1000 3112 1043 3176 sit
1055 3112 1247 3179 exercitium

132 3263 147 3287 a
163 3231 396 3298 tabellionatus
410 3231 527 3318 (capite
540 3237 636 3311 Sicut,
652 3251 689 3294 oc
703 3232 804 3292 cleriei
819 3231 868 3292 cel
888 3226 1049 3313 manmit),
1062 3227 1126 3295 boc
1136 3235 1248 3297 temen

133 3347 360 3433 «intelligitur
378 3347 420 3415 de
443 3349 598 3415 exercitio
619 3349 652 3413 in
667 3347 797 3434 judiciis
815 3349 981 3428 laicorum,
1002 3368 1068 3414 606
1090 3357 1201 3416 autem
1214 3349 1249 3415 in

135 3493 149 3519 «
166 3463 289 3548 judicio
298 3462 415 3550 judicis
426 3465 667 3533 ecclesiastici.»
686 3465 1008 3552 (maximumopus,
1027 3485 1060 3551 p.
1078 3469 1109 3545 2,
1128 3484 1199 3550 cap.
1213 3468 1246 3543 i,

127 3601 163 3646 6.
176 3585 188 3646 l
199 3585 306 3665 l,pag.
320 3583 396 3660 aad,
409 3578 1106 3666 6616166661613.)(1116106166016660166
1121 3587 1246 3659 auctor,

127 3706 284 3782 unquam
308 3697 369 3764 sibi
383 3701 417 3762 16
435 3697 497 3765 606
513 3699 762 3774 consentientes,
779 3697 915 3781 glossam
929 3706 964 3762 et
978 3697 1175 3763 canonistam
1185 3699 1251 3762 lio-

128 3815 297 3879 stiensem.
317 3813 464 3895 Quorum
488 3813 632 3896 vestigiis
646 3811 806 3878 inherens
828 3812 1007 3885 Monacelli,
1031 3812 1077 3877 ita
1102 3810 1248 3877 disserit:

132 3958 147 3985 «ι
165 3930 209 3995 lit
231 3929 307 3994 hinc
327 3926 364 3994 tit
382 3928 601 4015 qnodclerici,
623 3929 741 4013 quibus
757 3936 808 3993 est
823 3927 1033 3994 interdictum
1046 3927 1185 3994 officium
1202 3935 1252 3994 ta-

133 4074 148 4100 «
164 4044 370 4121 bellionatus,
391 4043 597 4111 nibilominus
611 4041 802 4109 adoliicium
817 4043 1017 4108 cancellariae
1036 4045 1133 4109 curiae
1151 4044 1255 4108 cocle-

133 4190 146 4215 «
161 4161 296 4227 siauicae
306 4161 428 4244 possint
437 4162 574 4245 assumi;
589 4161 684 4225 monti
699 4161 814 4245 passim
833 4168 1042 4225 assumuntur
1054 4161 1087 4225 in
1105 4159 1254 4253 omnibus

132 4306 148 4333 «ι
171 4277 241 4341 lere
257 4275 355 4341 curiis
374 4276 595 4343 ecclesiasticis
611 4277 704 4360 regni
718 4276 932 4359 Neapolitani,
951 4277 1008 4343 ubi
1019 4283 1254 4344 0060610660-

123 4420 148 4455 n
165 4397 258 4475 01066·
270 4400 409 4473 actuum·
423 4399 459 4458 et
471 4390 573 4459 tradit
588 4391 806 4470 Piasccius...,
821 4410 969 4462 asserens
985 4392 1087 4484 magis
1098 4392 1254 4485 expetire
