2714 4980
461 314 541 366 rans
563 312 721 366 sucorum.
1084 304 1149 370 435

31 461 128 527 posse
143 443 304 510 Vicarium
322 443 518 527 generalem,
537 444 598 509 nisi
622 463 663 509 ex
687 442 815 527 speciali
833 442 1056 511 commissione
1078 447 1153 531 Epi-

31 560 139 643 scopi3
161 566 299 642 excepto
310 578 388 625 casu
404 559 453 647 (ut
466 558 566 644 aliqui
579 556 717 644 addunt)
734 576 799 644 quo
815 559 994 644 Episcopus
1009 560 1149 629 abesset.

34 674 129 762 (Vide
149 676 356 755 beurenium,
373 679 411 740 de
430 681 560 741 Visoriis
573 680 690 758 Epire,
710 696 739 740 o.
761 679 793 753 3,
812 694 844 761 q.
861 675 950 762 iai.)

75 792 230 874 Qonsrro
252 794 319 858 25².
343 829 389 841 --
411 795 459 856 Aa
467 797 564 874 possit
575 794 683 873 obspuc
694 794 817 874 speciali
831 795 974 857 madata
988 801 1154 860 consentire

32 916 67 971 ct
95 912 197 972 clerici
221 912 342 991 litipeat
362 915 397 973 ira
418 912 481 972 olio
502 911 648 972 tribunali
673 909 867 972 ecclesiastico
893 929 983 990 quom
1009 916 1083 975 suo?
1109 949 1157 963 -·

36 1022 262 1108 «Respondeo
283 1046 291 1090 ι
311 1043 385 1090 cum
399 1027 487 1107 Papo
508 1024 625 1110 (capite
645 1024 847 1105 significasti,
873 1028 910 1089 aie
923 1030 1000 1090 Foro
1015 1028 1153 1114 compet.)

36 1139 272 1225 «prohibuerit
289 1142 415 1207 clericis
433 1140 660 1206 consentirem
672 1138 818 1224 judicem
829 1161 895 1206 non
909 1160 1014 1222 suum,
1033 1143 1156 1229 absque
1231 1197 1243 1219 ,

37 1258 199 1325 «beentis
214 1259 339 1342 proprii
353 1259 513 1342 Episcopi,
527 1257 610 1323 hanc
626 1258 791 1323 licentiam
809 1260 952 1324 nonnisi
967 1259 1010 1326 de
1025 1263 1167 1345 speciali-

38 1378 291 1442 «commissione
306 1376 457 1460 Episcopi
471 1375 652 1441 concedere
672 1383 781 1459 potest
805 1377 993 1443 vicarius...
1013 1378 1110 1460 Quod
1132 1379 1158 1445 si

36 1513 150 1559 «sero
175 1500 330 1576 ageretur
352 1491 394 1558 da
414 1491 526 1577 judice
549 1491 652 1570 laico,
680 1491 857 1578 nequidem
883 1495 953 1577 ipse
980 1496 1159 1581 Episcopus

34 1632 50 1673 a
62 1607 248 1675 concedere
260 1607 385 1675 valeret
401 1608 484 1673 hunc
500 1609 675 1674 licentiam.
697 1610 771 1673 Puri
786 1608 856 1675 fere
872 1609 970 1676 modo
1000 1613 1068 1677 sine
1085 1632 1159 1697 spe·

32 1725 141 1790 aciuli
155 1722 319 1802 mandato,
339 1725 485 1790 Vioarius
504 1725 656 1808 Episcopi
673 1723 866 1808 suffraganei
884 1725 1067 1793 concedere
1091 1747 1157 1793 non

28 1847 187 1926 «potest,
204 1848 242 1906 ut
259 1841 530 1924 Metropolitanus
551 1849 724 1924 cognoscat
751 1838 795 1905 de
819 1844 952 1925 negotio
974 1843 1155 1929 principali,

25 1980 44 2020 r<
57 1958 180 2024 omisso
194 1958 331 2023 articulo
348 1957 582 2040 appellationis,
600 1956 774 2023 abeodem
792 1958 920 2022 Vicario
935 1957 980 2024 ad
993 1962 1159 2044 Metropo-

23 2097 42 2136 «
56 2075 200 2141 litonum
216 2073 428 2157 interpositae.
454 2098 470 2134 a
499 2073 699 2160 (Leurenius,
718 2073 791 2139 loco
806 2073 878 2153 cit,
899 2093 932 2160 q.
960 2079 1036 2155 178,
1052 2076 1088 2142 id
1102 2077 1159 2144 fir·

19 2208 121 2256 mans
136 2190 236 2255 variis
253 2187 529 2273 auetoritatibus.)

68 2307 226 2388 Qnssmo
248 2307 315 2372 26¹.
340 2341 386 2354 ·-
407 2309 456 2371 Aa
465 2311 564 2388 possit
579 2308 688 2387 oospaa
701 2309 826 2390 speciali
846 2311 1001 2389 marato,
1023 2313 1158 2376 claustro

20 2425 208 2487 monialium
224 2426 414 2504 ingrediendi
436 2425 589 2486 licentiam
606 2425 785 2487 cmaoadere?
809 2458 855 2474 —-
876 2424 1156 2508 Respondendum

20 2538 232 2605 affirmative.
262 2540 417 2621 Quamvis
438 2539 525 2605 enim
551 2539 777 2606 Tsidentiuum
799 2542 888 2628 (sess.
907 2546 962 2620 25,
980 2564 1009 2609 c.
1026 2542 1077 2630 5),
1094 2547 1157 2612 sub

19 2675 127 2740 poena
154 2656 491 2722 excommunicationis
517 2656 586 2740 ipso
608 2656 696 2722 facto
714 2657 919 2724 incurrendae
949 2660 1156 2743 prohibuerit

18 2774 209 2856 ingressum
223 2775 257 2838 in
269 2772 356 2839 dicta
369 2773 522 2851 claustra,
538 2773 606 2838 sine
617 2777 758 2854 Episcopi
775 2777 823 2836 coi
833 2782 997 2856 superioris
1009 2776 1150 2858 licentia,

18 2888 56 2955 in
69 2889 205 2973 scriptis
226 2889 376 2964 obtenta,
399 2891 465 2954 imo
485 2897 520 2954 et
539 2889 683 2954 noluerit
707 2908 800 2972 posse
823 2889 866 2956 ab
889 2891 1049 2976 Episcopo
1070 2893 1154 2960 hanc

16 3004 189 3078 licentiam
215 3004 350 3071 concedi
369 3006 429 3069 nisi
445 3006 479 3069 in
500 3004 627 3070 casibus
648 3007 847 3084 necessariis,
872 3026 937 3072 non
959 3013 1068 3074 tamen
1090 3028 1153 3092 per

18 3123 86 3190 boc
101 3119 266 3188 vicarium
284 3122 471 3205 generalem
490 3122 629 3188 exclusit
655 3143 662 3186 :
692 3145 709 3184 «
732 3123 813 3187 Cum
831 3124 978 3189 Vican'us
1000 3125 1152 3211 Episcopi

20 3239 188 3305 edicatur
198 3257 290 3322 aeque
303 3244 439 3319 asperior
452 3257 490 3302 sc
506 3236 685 3322 Episcopus
704 3237 808 3324 (juxta
825 3224 1150 3308 Archidiuconumin

20 3362 160 3439 «caput
174 3359 318 3434 Romano,
335 3358 373 3418 de
389 3356 523 3435 Appen,
541 3354 575 3417 in
592 3350 638 3437 6).
655 3353 720 3420 Sed
738 3373 844 3440 neque
860 3359 967 3440 ipsum
980 3358 1064 3424 illud
1076 3379 1150 3427 ver·

19 3495 39 3536 (ι
52 3473 138 3539 brim
154 3475 319 3553 Episcopus
335 3468 482 3536 excludit
497 3469 676 3549 vicariam,
702 3469 797 3554 juxta
817 3471 905 3538 dicta
923 3475 1049 3541 anobis
1062 3494 1148 3563 sepe

20 3590 170 3656 colias.»
189 3588 391 3674 (beurenius,
409 3591 446 3652 de
461 3592 591 3652 Vicoriis
606 3593 724 3670 Episc.‚
744 3609 775 3655 c.
798 3594 831 3668 3,
853 3609 886 3676 q.
908 3591 999 3678 181.)

67 3707 223 3790 Qnssrm
245 3709 312 3772 27⁶.
329 3709 561 3787 -Anrecepio
579 3709 694 3787 reputo,
713 3727 773 3771 aon
786 3728 875 3790 posse
890 3714 1042 3776 Vicoriom
1060 3734 1147 3795 peae-

15 3828 119 3891 roem
135 3842 241 3886 cossas
260 3825 432 3886 criminales
446 3825 554 3903 absque
579 3825 702 3904 speciali
721 3825 866 3887 mundato
889 3845 1069 3909 copaosoere,
1087 3834 1147 3894 oli-

16 3961 96 4026 quas
115 3927 301 4023 exceptiones
318 3943 484 4021 patiatur?
512 3973 558 3986 ·-
589 3940 715 4004 Tenent
739 3941 888 4010 nonnulli
910 3941 1061 4010 doctores
1080 3965 1146 4012 non

15 4058 147 4144 requiri
162 4057 300 4141 speoisle
315 4055 529 4122 mandatum:
554 4058 586 4119 1⁰
605 4056 633 4120 si
654 4056 801 4120 Vicarius
821 4059 981 4140 generalis
1004 4061 1147 4147 inquirat

16 4185 54 4243 et
67 4181 243 4258 cognoscat
256 4172 298 4239 de
313 4172 456 4251 delictis,
479 4191 543 4237 non
558 4179 596 4236 ut
611 4173 680 4255 ipse
695 4191 732 4237 ea
747 4173 872 4255 puniat,
891 4173 950 4240 sed
962 4182 999 4242 ut
1015 4176 1058 4242 ad
1071 4178 1148 4263 Epi-

16 4311 158 4378 scopum
171 4291 313 4374 reierst3
327 4293 362 4355 2⁰
373 4290 400 4354 si
411 4288 447 4354 id
465 4288 573 4367 faciat,
593 4307 660 4352 non
678 4286 721 4353 ad
736 4289 947 4372 puniendum,
962 4292 1022 4360 sed
1035 4301 1073 4361 ut
1089 4294 1147 4364 de·

15 4412 205 4496 linquentes
221 4427 255 4473 se
275 4408 457 4491 corrigant;
487 4408 522 4470 3⁰
547 4404 575 4470 si
600 4404 642 4471 de
668 4405 813 4488 delictis,
834 4428 899 4474 non
921 4411 1143 4497 criminaliter,
