2714 4980
117 290 181 352 206
452 302 640 353 moranus
661 304 707 350 ns
728 301 878 350 runicus.

115 428 210 495 nobis
230 445 324 511 posse
346 432 513 493 auctorem
531 426 705 512 quemdam
723 425 831 510 magni
849 424 1002 502 nomina,
1024 424 1081 508 qni
1102 423 1206 507 putarit

108 551 181 628 jara
192 551 257 625 ipsc
269 548 408 606 cacoatm
424 542 627 626 presbyteris
649 561 838 608 concessum
853 549 889 605 ar
905 560 937 604 sc
950 543 1112 604 adramiae
1125 545 1157 602 ta
1170 544 1209 603 tri

117 661 274 723 boantibus
286 660 492 721 ecciesiasticis
506 660 596 721 iibere
608 661 747 721 exibeant
760 656 878 743 (capite
896 657 1023 722 scilicet
1041 657 1208 735 sacriora,

116 778 154 839 cic
165 771 377 858 Postataado);
392 772 548 858 additque
566 773 664 839 fuisse
678 774 764 839 illam
777 773 917 856 Fagnani
933 772 1144 838 sententiam.
1164 770 1213 836 Sed

118 888 280 978 quomodo
293 907 409 957 verum
423 890 465 955 sit
479 889 539 956 hoc
553 897 729 973 utrumque
745 895 917 967 assertum,
930 906 991 972 ego
1005 888 1104 972 plane
1115 886 1213 953 videre

119 1023 185 1071 non
198 1005 300 1087 potui.

163 1123 245 1187 itam
257 1127 365 1202 priora
384 1120 474 1186 dicto
488 1122 593 1205 capite
609 1125 685 1185 Cam
699 1125 872 1200 sacerdotis,
887 1119 931 1185 de
944 1119 1144 1204 presbytero
1158 1118 1219 1185 dici

119 1242 186 1317 tur,
201 1257 302 1301 aaa...
318 1237 380 1318 ipsi
394 1239 510 1299 licitam
522 1243 567 1299 ert
576 1239 746 1318 postuma·
760 1243 796 1302 et
811 1241 939 1300 certum
953 1243 1004 1301 est
1024 1236 1111 1301 hanc
1126 1235 1221 1318 proli·

120 1351 277 1417 bitioncm
303 1371 322 1415 a
346 1351 517 1416 canonmtis
544 1359 737 1416 communiter
759 1352 897 1434 intelligi
920 1351 1029 1436 quoad
1057 1359 1222 1435 utrumque

121 1467 245 1546 iorum,
262 1472 414 1550 utsupra
431 1466 656 1533 indicavimus.
675 1469 821 1551 Excepto
835 1485 952 1551 nempe
971 1468 1136 1535 Hostieusi
1153 1465 1226 1553 (cun
1270 1519 1272 1525 .

119 1583 316 1666 paucissimis
328 1583 415 1650 forte
433 1580 528 1668 aliis),
549 1561 664 1649 tenent
679 1582 831 1650 doctores
845 1584 1006 1667 perhanc
1020 1590 1153 1649 textum
1167 1601 1228 1666 pro

119 1695 225 1762 hiberi
238 1697 426 1764 sacerdotes
443 1698 485 1764 ab
501 1697 685 1764 exercenda
699 1698 889 1776 advocatia,
909 1705 1001 1762 ctiam
1023 1717 1128 1762 coram
1150 1700 1228 1763 ecca·

119 1819 240 1878 siastico
249 1819 363 1898 jaciicc.
390 1814 485 1881 Unde
503 1835 568 1881 non
590 1815 724 1881 videtur
741 1815 939 1883 contrarium
962 1821 1054 1879 recte
1082 1822 1229 1898 tanquam

119 1935 247 1997 certum
257 1931 369 1995 asseri.
380 1935 524 2012 Socanda,
539 1931 662 1997 nedum
675 1934 845 2023 Fagnanus
854 1930 971 1995 sentiat
982 1927 1072 2013 quod
1084 1928 1231 2012 supponit

119 2029 234 2111 auctor
252 2044 373 2130 dequo
395 2045 569 2130 loquimur,
587 2046 716 2110 omnino
732 2045 916 2127 oppositum
933 2051 1026 2109 tenet
1047 2051 1083 2108 et
1100 2063 1145 2109 ex
1164 2061 1230 2127 pro

120 2161 207 2227 fesso
216 2159 324 2227 docet.
336 2162 562 2227 Commentans
571 2162 657 2226 enim
666 2161 801 2226 citatum
813 2158 1231 2243 oaputCamsaccrdotr'r,sic

122 2276 251 2359 arguit:
272 2277 426 2360 «Regula
443 2284 503 2353 cst,
522 2274 684 2341 sacerdoti
701 2294 766 2340 non
783 2293 853 2340 csse
871 2275 995 2340 licitum
1017 2273 1231 2341 advocationis

125 2390 295 2459 «officiam
305 2411 460 2458 exercere
474 2411 533 2457 seu
546 2393 725 2474 pastinare,
742 2400 781 2457 ut
796 2391 849 2456 hic
865 2410 1068 2475 expressum.
1086 2393 1129 2458 nt
1141 2390 1231 2457 habet

126 2508 264 2573 «locum
294 2507 364 2574 haec
386 2509 501 2592 regula
527 2509 626 2574 etiam
652 2509 686 2574 in
709 2509 782 2574 foro
811 2508 1040 2575 ecclesiastico.
1069 2509 1152 2573 Nam
1178 2505 1231 2573 etsi

126 2645 144 2686 c
157 2624 344 2690 Hostiensis.
353 2673 375 2689 ..
391 2625 511 2689 sentiat
523 2624 689 2691 sacerdoti
701 2644 771 2691 esse
784 2625 932 2689 illicitum
943 2624 1111 2706 postulare
1124 2625 1158 2688 in
1168 2623 1230 2689 iota

127 2740 304 2804 «saecumri
314 2738 494 2818 dumtaxat,
506 2758 572 2805 non
585 2748 695 2805 autem
709 2741 744 2804 in
757 2740 831 2807 foro
844 2740 1073 2818 ecclesiastico,
1090 2739 1155 2805 nisi
1167 2755 1230 2804 cun

128 2855 367 2937 «perceptione
391 2854 515 2938 salarii,
532 2862 643 2919 tamen
667 2853 738 2939 ejus
760 2855 867 2938 opinio
885 2854 928 2919 ab
950 2854 1090 2938 antiquis
1112 2862 1150 2919 et
1173 2873 1230 2919 mo·

126 2993 144 3033 c
159 2970 269 3037 dernis
291 2970 479 3038 doctoribus
505 2971 717 3036 communiter
741 2969 951 3054 reprobatur.
969 2992 986 3031 a
1004 2971 1046 3037 Et
1069 2977 1230 3055 postquam

125 3087 221 3152 variis
235 3087 413 3151 rationibus
427 3084 569 3150 ostendit
579 3084 697 3151 merito
712 3084 880 3168 reprobari
892 3083 1083 3168 praedictam
1096 3086 1231 3150 Hosticu-

126 3202 168 3266 sis
181 3202 382 3285 opinionem,
400 3201 445 3265 sic
460 3199 551 3266 addit
566 3222 573 3264 :
593 3203 710 3266 «Tene
724 3201 824 3283 igitur
836 3200 1051 3266 differentiam
1066 3220 1138 3267 esse
1154 3203 1232 3265 inter

129 3320 278 3380 «clericos
293 3324 328 3380 et
345 3319 521 3379 sacerdotes.
540 3317 621 3381 Nam
644 3316 755 3383 clerici
775 3317 872 3381 etiam
890 3317 924 3380 in
937 3317 1049 3394 sacris,
1068 3324 1104 3383 et
1118 3313 1232 3383 benefi-

131 3455 149 3496 a
163 3433 247 3510 ciati,
264 3432 297 3495 in
310 3429 383 3497 ioro
395 3430 543 3497 Ecclesiae
563 3439 699 3515 possunt
713 3449 781 3496 esse
799 3430 992 3496 advocati...
1011 3431 1078 3497 Sed
1091 3429 1232 3498 sacerdo

131 3568 148 3610 a
160 3547 248 3613 tibus
262 3546 324 3613 hoc
339 3564 406 3610 non
420 3546 509 3624 licet,
520 3546 619 3612 etiam
633 3565 743 3612 coram
756 3545 867 3630 judice
882 3547 1114 3628 ecclesiastico,
1133 3546 1233 3613 nisiin

131 3686 148 3727 c
162 3671 302 3748 quatuor
316 3661 442 3727 casibus
456 3661 507 3727 hio
522 3664 692 3744 expressis.
710 3683 727 3723 a

176 3783 230 3845 10⁰
254 3781 303 3845 De
319 3778 474 3844 brevibus
491 3785 601 3844 autem
618 3778 806 3857 Pontificiis,
825 3779 943 3864 quibus
956 3778 1123 3846 sacerdoti
1142 3779 1235 3847 iacul-

128 3904 178 3962 tas
197 3893 388 3961 conceditur
410 3893 613 3961 advocatiam
630 3897 664 3958 in
679 3901 820 3979 utroque
836 3895 908 3960 ioro
930 3895 1125 3975 exercendi,
1145 3899 1236 3980 prout

128 4015 282 4073 exercent
300 4004 450 4071 advocati
472 4006 546 4069 laici
571 4005 718 4090 (excepta
738 4013 848 4071 tamen
868 4026 964 4071 causa
983 4007 1172 4094 sanguinis),
1193 4016 1237 4073 te·

128 4129 233 4188 statur
241 4120 435 4187 Benedictus
449 4121 532 4198 XIV,
546 4128 580 4186 et
595 4139 671 4186 raro
686 4121 721 4186 id
736 4121 882 4200 concedi,
901 4129 936 4188 et
949 4122 1055 4188 solere
1071 4123 1239 4191 dumtaxat

128 4257 250 4320 eoasque
275 4241 478 4301 advocationis
503 4245 667 4302 accercitum
688 4243 783 4303 cidem
803 4246 959 4322 permitti,
981 4261 1131 4323 ponasque
1150 4249 1238 4305 certos

130 4356 337 4418 ecclesiasticos
360 4356 475 4417 reditas
496 4358 530 4417 ira
548 4373 709 4436 cataracta
728 4361 984 4433 attestationem,
1002 4362 1057 4419 cat
1070 4340 1238 4435 beneficam
