2714 4980
550 374 554 379 ,
574 311 654 363 sons
675 311 789 365 rums.
1191 293 1234 393 ¹til

121 439 329 509 universales
343 441 502 507 iucem
523 458 531 508 t
548 439 597 507 sio
611 459 731 526 nempe
743 437 895 509 decernit
912 437 1122 507 Innocentius
1134 435 1185 509 111
1196 435 1241 509 nd

123 555 370 626 vercellensem
383 555 579 643 Episcopum
592 555 757 625 scribens:

172 700 189 733 ι
200 674 293 744 Licet
305 692 348 741 ex
366 678 520 757 snscopto
533 672 700 741 servitutis
714 669 817 739 officio
831 670 931 739 umus
947 667 1140 739 omnibusin
1150 665 1243 756 justi·

128 789 202 859 «ns
215 789 397 869 debitores,
413 790 461 857 sic
470 795 583 859 brnen
594 789 630 857 in
643 786 719 875 jure
729 808 788 857 suo
802 808 861 857 nos
877 786 1072 876 quibudam
1088 787 1243 869 wnucnit

128 937 143 964 ι
156 906 352 993 providere,
368 925 411 975 ue
425 906 496 973 aliis
512 905 664 992 injurium
679 906 790 975 fucere
803 904 992 989 videamur3
1009 922 1064 984 ne,
1082 901 1174 989 quod
1187 902 1242 973 ab

127 1027 209 1105 «sit,
224 1024 303 1095 iude
314 1031 463 1093 sumatur
476 1024 612 1092 mawria
622 1022 780 1103 scandali,
801 1021 891 1093 unde
901 1019 1040 1107 provido
1053 1019 1155 1089 debet
1167 1038 1243 1087 con·

128 1171 142 1197 ι
157 1141 356 1209 sideratione
371 1139 491 1209 sedari.
505 1139 554 1207 lix
565 1140 781 1209 insinuatione
793 1157 871 1211 sane
885 1137 1084 1207 dilectorum
1098 1135 1241 1207 filiorum

127 1256 328 1325 «cumulum
360 1256 539 1325 communis
564 1256 783 1323 vercellensis
810 1273 872 1323 nos
898 1253 1030 1323 noueris
1057 1253 1238 1338 accepisse,

126 1372 246 1460 -quod
264 1392 338 1441 cum
354 1371 398 1441 de
410 1373 543 1458 singulis
560 1373 800 1459 questionibus,
818 1390 891 1459 que
904 1378 1001 1438 motae
1019 1370 1151 1437 tuemur
1168 1388 1242 1437 con·

127 1498 208 1559 «tra
239 1508 297 1561 cos
323 1508 432 1557 corum
464 1488 652 1559 consulibus
671 1487 824 1575 J‘ustitie,
849 1487 943 1575 juxte
967 1484 1239 1553 consuetudinem

128 1604 371 1692 «approbatam
394 1605 495 1673 velint
519 1605 654 1674 cuilibet
675 1604 891 1692 conquerenti
908 1603 1042 1690 justitiae
1062 1601 1241 1687 plenitudi-

126 1753 142 1779 κ
156 1740 237 1791 nem
250 1721 418 1803 exhibere,
434 1721 511 1791 laici
532 1720 664 1808 quidum
690 1730 729 1789 ut
747 1740 863 1790 eorum
878 1719 1137 1808 jurisdictionem
1162 1738 1240 1789 ern·

127 1867 142 1894 ι
157 1845 268 1919 cuent,
284 1847 321 1907 ct
337 1839 476 1924 fatigent
489 1856 545 1907 eos
554 1839 720 1907 laboribus
734 1846 769 1906 ct
783 1838 934 1924 expensis
945 1855 1045 1923 mper
1055 1835 1155 1904 rebus
1164 1855 1239 1923 que

128 1983 144 2010 ι
156 1953 318 2041 judicium
340 1954 593 2025 ecclesiasticum
607 1975 674 2025 non
692 1955 876 2041 requirunt,
893 1954 1021 2021 litteras
1039 1951 1239 2038 Apostolious

129 2073 351 2157 «impetrant3
368 2077 402 2138 et
414 2071 473 2150 sic,
487 2068 872 2157 preterjmisdictionem
882 2069 1051 2137 consulum
1062 2086 1160 2154 quum
1169 2085 1238 2137 mo·

130 2196 303 2266 «ruerant,
327 2206 385 2257 eos
398 2185 1112 2278 oogr1ntmultipliciterlobornre.llolentcs
1134 2184 1236 2270 igitur

129 2304 332 2375 «siccorum
345 2305 480 2375 utilitati
498 2305 681 2385 consudere,
696 2324 740 2375 ne
752 2305 914 2391 putamur
927 2301 1086 2391 justitiam
1097 2301 1236 2370 oliorum

131 2421 321 2508 «deperire,
338 2421 531 2492 mmdsmus
545 2430 718 2509 quatenus,
734 2421 764 2490 si
780 2421 913 2511 quando
922 2440 943 2489 n
952 2420 1042 2489 luicis
1048 2418 1237 2489 vercellen·

132 2538 244 2610 obus
266 2540 405 2620 litteras,
423 2558 524 2626 super
545 2539 645 2609 mus
664 2540 830 2627 precipue
855 2558 927 2626 que
947 2537 1057 2609 forum
1079 2535 1235 2607 sucum

133 2658 361 2743 scontingunt,
378 2655 869 2744 uSededpostolicncontigerit
878 2656 1058 2742 impetrari,
1074 2653 1236 2723 decernes

129 2774 353 2844 «auctoritate
371 2781 483 2843 nostre
500 2774 608 2843 irritas
628 2781 665 2844 et
685 2774 807 2856 unum,
826 2771 1006 2843 dummodo
1029 2770 1180 2839 consules
1197 2775 1235 2839 ct

125 2891 337 2959 ·Gommunc
355 2889 398 2959 de
419 2910 456 2959 se
480 2890 757 2978 conquerentibus
780 2888 955 2978 injudicio
976 2885 1124 2957 seculeni
1143 2883 1235 2955 exbi-

120 3005 252 3076 ·bcunt
264 3005 394 3092 justitie
405 3005 693 3092 complementum.
1134 3022 1138 3029 ’

162 3153 180 3185 ι
194 3124 310 3193 licent
321 3131 432 3193 bnon
439 3123 653 3211 ipsisquisub
666 3122 789 3193 eisdem
806 3120 991 3191 consubbus
1006 3119 1116 3189 ubter
1132 3116 1234 3189 duxe-

110 3262 128 3290 ¹
144 3240 217 3308 rint
232 3237 511 3322 contendendum,
526 3242 601 3308 eise
614 3243 649 3307 in
666 3241 774 3328 uliquo
789 3240 950 3309 senserint
967 3235 1172 3324 pregnans,
1186 3216 1236 3318 sd

104 3365 242 3448 {tuam
257 3355 352 3444 (snut
364 3355 523 3425 hactenus
530 3365 697 3426 servatum
711 3354 773 3442 est)
785 3358 841 3425 vel
853 3356 897 3424 ad
911 3360 1055 3423 nostrum
1069 3353 1098 3421 si
1111 3351 1232 3421 malue-

102 3494 125 3523 s
143 3474 218 3543 rint
231 3470 432 3541 audientium
446 3473 632 3560 appellere3
652 3472 715 3541 boc
724 3474 908 3559 presertim
917 3480 1078 3558 tempore,
1092 3489 1158 3557 quo
1174 3489 1236 3555 vos

103 3611 129 3643 ι
143 3595 249 3657 cente
271 3586 409 3672 imperio
428 3587 472 3655 ud
486 3584 630 3674 jndicem
648 3590 837 3657 secularem
857 3608 1030 3657 recurrere
1048 3592 1228 3674 nequeunt,

98 3724 128 3761 ι
141 3704 240 3793 quio
256 3702 587 3788 superioribusinsun
597 3703 722 3791 justitia
736 3705 977 3791 opprimuntur.
1000 3705 1035 3772 Si
1054 3722 1133 3771 vero
1157 3720 1236 3789 con·-

104 3843 131 3877 w
142 3819 239 3889 sulcs
248 3817 382 3906 justitie
393 3826 548 3908 tanquam
560 3821 679 3889 merito
694 3823 838 3908 suspecti
855 3821 980 3891 fuerim
1001 3817 1156 3897 recusan',
1173 3835 1229 3885 co·

103 3961 132 3995 ι
143 3954 222 4007 rum
234 3935 365 4004 subibis
372 3937 589 4005 communiter
596 3938 719 4019 electis,
735 3939 779 4009 de
787 3958 883 4007 osum
894 3936 1083 4024 suspicionis
1091 3939 1227 4019 agnum
1287 3967 1289 3971 ⁴

108 4080 130 4111 ι
144 4071 224 4141 que
240 4053 268 4121 si
283 4053 423 4139 probata
440 4055 542 4123 fuerit
556 4075 626 4125 esse
642 4056 741 4144 juste,
759 4055 802 4127 ad
819 4064 865 4137 te,
882 4057 937 4123 rel
950 4053 995 4123 nd
1005 4055 1071 4121 llos
1086 4071 1149 4138 pro
1163 4051 1230 4139 jus-

108 4196 129 4229 ·
144 4170 223 4238 titia
236 4179 439 4250 recurretur,
457 4172 543 4241 sicut
555 4175 707 4258 superius
719 4181 770 4242 est
784 4189 987 4257 expressum.
1008 4198 1024 4227 υ
1042 4168 1230 4241 Notandum

102 4284 233 4357 sedulo
244 4293 297 4356 est
312 4286 434 4374 quode
450 4306 549 4360 canu
559 4288 629 4359 hec
647 4289 821 4359 decrebulis
833 4286 1006 4374 prodierit.
1017 4287 1058 4355 In
1067 4285 1230 4374 iudicium

107 4401 318 4475 uoubsntur
324 4404 517 4477 munuca
528 4406 708 4479 mommo
717 4402 1230 4498 (hemmensilercellendum,
