2714 4980
497 374 503 381 .
600 342 679 391 ruas
701 342 814 390 nutui.
1081 321 1083 325 ’
1203 326 1264 392 137

146 476 244 535 neret
260 463 572 554 pericnluminjuste
585 467 770 553 judicandi3
784 485 920 534 munera
936 475 1046 535 antem
1060 466 1095 533 id
1105 465 1268 534 inducunt

147 587 296 671 periculi.
310 587 389 652 Jur'e
400 584 509 652 divino
517 586 552 650 in
560 605 650 652 sacra
660 585 826 668 Scriptura
838 604 1008 670 express03
1019 604 1094 651 nam
1100 587 1267 651 multoties

146 722 220 769 cam
244 703 495 787 prohibitionem
518 702 640 768 iterant
662 720 760 767 sacrae
782 703 925 785 paginae:
952 706 1020 767 Non
1042 708 1171 785 occipias
1197 723 1266 766 mnr-

146 841 232 901 nern‚
251 826 423 902 pometiam
439 826 588 882 emmeant
596 821 761 900 promotes
778 826 807 882 et
825 822 999 883 subvertunt
1013 822 1104 882 cerba
1113 823 1267 901 justornm

150 935 266 1023 (Exod.
282 934 350 1021 23).
364 941 433 1002 Non
447 941 577 1018 occipias
590 955 749 1017 personam
766 954 818 998 noc
836 954 973 1015 munem,
990 941 1062 1016 qnia
1075 955 1200 998 monem
1212 955 1266 999 eco-

147 1056 501 1136 coecantocntosjndicnm
513 1051 661 1138 (Denter.
677 1049 743 1134 16).
756 1053 796 1115 Et
803 1051 916 1115 similia
922 1051 1196 1135 reperiesEccles.
1208 1054 1262 1131 20,

147 1169 219 1235 Isai.
240 1173 270 1247 t,
285 1169 407 1234 Michae.
423 1170 455 1246 3,
474 1176 508 1232 et
520 1166 607 1232 alibi.
622 1170 701 1233 iure
718 1167 852 1233 tandem
864 1169 1091 1245 ecclesiastico,
1102 1175 1140 1233 ut
1150 1165 1265 1233 videre

148 1293 197 1350 est
210 1287 245 1350 in
253 1284 497 1371 quamplurimis
508 1283 659 1348 Ecclesiae
672 1282 825 1361 decretis,
839 1301 910 1368 quae
922 1303 941 1348 a
954 1283 1102 1349 Ferraria
1123 1284 1264 1348 citantur

149 1400 192 1486 (v.
204 1404 316 1483 judan,
331 1420 365 1465 n.
383 1397 451 1483 34).

190 1520 222 1583 2.
252 1516 389 1583 «luder
403 1523 515 1583 contra
531 1515 734 1599 supradictas
754 1515 987 1598 prohibitiones
1001 1517 1161 1600 accipiens
1173 1524 1266 1582 nota·

149 1634 254 1700 «bilia
270 1652 418 1710 munera,
443 1640 558 1716 peccat
572 1633 750 1716 graviter.»
773 1632 940 1718 (Ferraris,
963 1654 996 1698 v.
1008 1636 1118 1715 judeo,
1136 1653 1170 1697 n.
1194 1631 1263 1718 35.)

149 1751 298 1837 Sequitur
319 1770 360 1816 ex
386 1767 425 1816 eo
448 1749 538 1835 quod
561 1758 773 1834 preceptum,
793 1767 857 1834 quo
884 1748 1079 1832 prohibetur
1093 1768 1265 1815 munerum

149 1868 335 1950 acceptatio,
354 1874 482 1932 certum
495 1867 547 1943 sit,
566 1872 601 1931 et
614 1867 750 1931 materia
762 1873 964 1948 supponatur
975 1866 1095 1949 gravis.

193 1989 226 2050 3.
254 1985 319 2065 Qui
337 1984 454 2066 accipit
470 2002 617 2059 munera,
637 1990 772 2048 tenetur
783 2002 823 2047 ea
840 1984 1025 2048 restituere.
1041 1985 1122 2050 Nam
1138 1983 1267 2067 litigans

154 2115 268 2167 munus
279 2100 383 2186 judici
394 2099 493 2165 datin
507 2119 583 2165 eum
597 2099 708 2178 finem,
724 2107 762 2164 ut
772 2100 804 2162 in
816 2099 962 2165 favorem
973 2102 1023 2165 sui
1031 2099 1169 2184 judicet.
1183 2101 1266 2165 Talis

150 2226 258 2285 autem
273 2224 459 2282 contractus
473 2223 535 2293 est,
553 2236 594 2280 ex
606 2214 679 2300 jure
694 2217 793 2283 etiam
803 2216 953 2294 naturali,
970 2218 1081 2283 irritus
1091 2225 1128 2284 ct
1138 2216 1264 2304 nuilus3

143 2333 236 2400 unde
244 2332 349 2419 judex
358 2335 407 2398 rei
417 2332 478 2398 sibi
487 2331 549 2397 hoc
557 2331 655 2398 modo
664 2330 748 2397 datae
762 2331 939 2397 dominium
947 2351 1013 2399 non
1022 2334 1174 2418 acqrririt3
1186 2351 1266 2418 ergo

95 2505 97 2509 ,
135 2459 217 2515 eam
234 2448 367 2516 domino
382 2449 557 2515 restituere
573 2455 717 2514 tenetur.
732 2447 829 2530 Quod
841 2449 1056 2536 insuperjure
1071 2467 1162 2516 sacro
1183 2468 1266 2533 prae·

126 2565 269 2652 cipitur
288 2564 371 2652 (cap.
384 2571 538 2632 Stctntnm
552 2567 605 2644 ll,
622 2568 829 2647 deitescriptis
843 2566 877 2629 in
888 2565 920 2651 6)
934 2566 984 2631 his
999 2567 1108 2633 verbis
1117 2588 1127 2629 :
1143 2572 1179 2633 Si
1192 2571 1266 2650 qnid

118 2692 246 2750 autem
255 2689 360 2746 contro
372 2688 614 2748 constitutionem
616 2689 796 2765 praesentem
806 2690 927 2766 recepit,
942 2686 984 2748 od
995 2689 1090 2766 ipsius
1099 2690 1265 2749 restitutio-

111 2808 209 2866 nem
223 2806 378 2880 inteprom
391 2807 537 2864 teneatur.

179 2921 222 2985 4.
248 2916 1265 3003 Arestitutioucautemreceptimunerisnouexcusaturjudex

109 3045 176 3102 ex
190 3053 237 3100 ea
246 3032 384 3110 ratione,
398 3029 488 3118 quod
497 3032 577 3098 dans
588 3053 664 3098 eum
676 3052 694 3097 a
706 3033 903 3098 restituendi
915 3032 1110 3117 obligatione
1124 3034 1261 3101 liberet:

107 3158 216 3218 llam
233 3151 270 3214 iu
285 3150 382 3214 citato
396 3151 500 3232 capite
517 3155 671 3215 Statorem
687 3151 731 3215 sio
751 3149 903 3215 additur:
922 3153 1017 3215 Nullo
1031 3171 1142 3229 eornm,
1159 3155 1266 3233 quidus

109 3272 299 3334 restituito
321 3268 459 3347 faciendo
481 3269 584 3347 fucrit,
611 3272 783 3330 remissione
802 3270 952 3330 ullatenus
970 3270 1135 3350 profutura
1155 3272 1261 3333 eidem.

111 3374 240 3451 Unde
257 3379 360 3467 judex
377 3381 614 3447 ecclesiasticus
632 3381 814 3448 censendus
832 3390 882 3448 est
901 3402 942 3448 ex
959 3384 1033 3467 iege
1048 3384 1265 3451 ecclesiastica

110 3493 296 3567 inhabilis
315 3496 358 3563 ad
375 3497 607 3583 acquirendum
628 3499 726 3564 etiam
744 3507 860 3583 sponte
883 3500 1068 3567 oblatorum
1091 3520 1264 3567 munerum

112 3615 335 3686 dominium.

180 3737 218 3799 5.
247 3728 448 3815 Excipienda
461 3739 571 3799 tamen
584 3733 710 3798 leviora
723 3736 925 3814 munuscula,
944 3755 985 3802 ex
999 3736 1116 3822 quibus
1134 3755 1200 3801 non
1212 3753 1263 3802 se-

115 3854 265 3939 quatur
285 3847 514 3933 pervertendae
531 3847 664 3933 justitiae
687 3850 888 3932 periculum:
902 3869 974 3936 quae
994 3854 1093 3917 etiam
1112 3853 1263 3935 exceptio

115 3965 165 4033 in
184 3967 291 4032 citato
307 3966 412 4048 capite
426 3970 582 4031 Stotntnm
595 3964 804 4048 exprimitur:
821 3972 891 4032 Ntst
904 3972 1009 4050 forsan
1022 3971 1202 4032 esculentum
1216 3973 1264 4033 oet

111 4086 331 4167 poculentum
351 4102 434 4146 mero
450 4085 632 4146 liberalitate
646 4085 794 4161 oblatum,
813 4087 891 4165 qnod
902 4090 1010 4166 pancos
1022 4091 1155 4148 consumi
1167 4092 1264 4168 possit

123 4202 257 4265 nmmo.
276 4198 344 4282 Ego
359 4206 470 4264 autem
485 4206 576 4281 puto,
594 4218 659 4264 non
680 4206 808 4264 tantum
823 4199 919 4265 valde
938 4198 1140 4279 indecorum,
1157 4201 1215 4267 sed
1230 4210 1264 4270 et

125 4313 447 4399 periculosissimum
465 4333 536 4379 esse
554 4314 639 4380 levia
656 4313 815 4399 ejusmodi
832 4318 1024 4384 munuscula
1041 4338 1060 4383 a
1077 4317 1187 4406 jndice
1209 4339 1264 4386 ec-

132 4431 320 4497 clesiastico
341 4431 462 4515 recipi;
490 4432 565 4517 quia
587 4431 681 4498 facile
703 4450 768 4497 non
796 4439 846 4499 est
867 4434 901 4502 in
925 4433 986 4500 hac
1009 4455 1046 4502 re
1065 4437 1261 4521 parvitatem
