2714 4980
469 315 658 366 TRACTATUS
680 319 725 366 ms
746 319 894 368 tumens.

639 577 721 653 §ll-
833 564 836 569 ’

161 838 163 843 -
188 809 224 858 tte
237 805 373 873 requisitis,
388 809 475 871 preter
486 805 666 870 competentium
680 805 744 871 iuni,
758 814 785 860 ut
795 805 869 873 judex
881 807 959 861 selide
968 807 1077 874 judicum
1089 811 1173 877 possit

166 1037 305 1104 Russus
319 1028 568 1121 i·.-utjuucu
580 1055 701 1102 cussum
711 1039 944 1122 uultdejudtect,
960 1042 1235 1126 oeconomos

124 1153 339 1219 iesu—(lum
347 1170 465 1238 nempe
477 1161 600 1238 proeter
608 1149 797 1238 supremum
807 1155 956 1222 Ecclesiae
971 1154 1131 1242 judicem,
1143 1155 1233 1236 idest,

122 1271 302 1337 Romanum
316 1268 520 1349 Pontificem,
537 1271 647 1336 ceteri
669 1289 735 1336 nou
758 1270 996 1355 plenitudinem
1010 1271 1173 1358 judicialis
1185 1292 1238 1359 po

122 1387 260 1465 testatis,
269 1385 329 1452 sed
340 1393 467 1472 purtem
477 1393 605 1454 tentum
617 1389 814 1473 acceperint,
823 1397 934 1473 potest
945 1388 1117 1457 dumtaxat
1128 1409 1238 1458 eorum

122 1504 258 1590 quisque
272 1510 379 1569 certus
394 1521 564 1570 causarum
581 1505 716 1587 species,
738 1505 794 1571 uel
809 1513 977 1573 certorum
991 1505 1171 1588 homiuum,
1189 1506 1239 1574 rel

123 1620 222 1686 certis
233 1620 266 1684 in
280 1619 358 1686 locis
369 1618 530 1706 judicare.
542 1620 687 1687 Relative
700 1621 742 1688 ed
756 1621 940 1709 hujusmodi
955 1642 1077 1703 censes,
1094 1640 1158 1708 pro
1171 1626 1240 1711 qui·

122 1736 184 1803 bus
209 1738 323 1823 uliquis
349 1737 476 1821 accepit
502 1736 720 1822 jurisdioundi
744 1747 961 1822 potestatem,
986 1738 1111 1807 dicitur
1138 1740 1238 1828 judex

121 1862 325 1939 competens;
344 1874 404 1939 pro
419 1855 545 1920 ceteris
562 1872 643 1921 vero
655 1856 890 1939 incompetens.
912 1857 944 1921 Si
959 1857 1032 1942 quis
1045 1876 1125 1942 ergo
1137 1843 1238 1943 juder

119 1972 161 2037 sit
179 1972 287 2058 quoad
302 1991 431 2038 caussam
449 1972 692 2056 incompetens,
711 1991 782 2037 eum
806 1971 916 2039 relide
931 1954 1081 2059 judicare
1101 1975 1243 2060 nequit,-

1 2082 3 2085 ”
118 2096 157 2154 ut
172 2096 275 2173 patet.
289 2088 458 2171 Quomodo
470 2096 581 2154 eutem
596 2087 738 2154 discerni
751 2097 786 2154 et
803 2087 1018 2156 determinari
1027 2091 1140 2176 possit,
1152 2091 1239 2176 quis·

118 2224 192 2269 nem
214 2206 255 2271 sit
274 2205 382 2291 quoad
397 2222 527 2271 cuusem
540 2205 681 2290 aliquem
694 2204 798 2291 Judex
816 2213 1017 2288 competens,
1039 2214 1091 2272 cst
1104 2208 1240 2292 questio

118 2321 235 2386 summi
257 2321 421 2400 momenti,
439 2339 536 2406 quum
557 2320 645 2398 fuse,
668 2339 729 2405 pro
744 2323 793 2387 rei
808 2323 978 2406 gramine,
999 2321 1085 2387 inlru
1100 2314 1238 2389 discuti-

117 2453 201 2501 mus.
224 2435 284 2500 Hic
305 2410 434 2501 tuntum
452 2453 670 2501 memoremus
685 2436 880 2520 principium
894 2437 1123 2503 inconcussum
1145 2445 1181 2504 et
1197 2435 1237 2503 ub

118 2551 266 2618 omnihus
286 2552 472 2630 admissum,
489 2551 531 2618 de
547 2553 773 2636 competentiae
789 2552 995 2631 necessitate,
1013 2559 1052 2619 ut
1065 2554 1175 2620 uuleut
1187 2551 1238 2639 ju·

118 2668 199 2736 dicis
218 2671 345 2755 prolatu
367 2672 538 2737 sententie.
561 2671 684 2737 Atvero
704 2679 743 2737 ut
761 2670 864 2757 judex
884 2670 992 2736 vulide
1011 2669 1154 2757 judicet,
1171 2690 1236 2738 nou

117 2787 234 2854 suffieit
249 2806 324 2853 cum
342 2806 412 2854 esse
429 2795 688 2872 competentem
704 2786 816 2866 idest,
834 2805 963 2853 causum
979 2806 1050 2854 esse
1065 2786 1236 2853 decorum

117 2905 236 2991 specie,
252 2913 287 2970 et
301 2923 415 2971 eorum
430 2904 607 2983 hominum,
621 2912 657 2970 et
669 2905 755 2970 illius
765 2905 841 2983 loci,
857 2922 918 2988 pro
933 2904 1051 2989 quibus
1065 2905 1129 2988 ipsi
1140 2903 1236 2990 juris-

116 3020 216 3088 dictio
226 3021 290 3088 fuit
301 3022 686 3107 commissultequiriuur
696 3020 831 3104 insuper
841 3039 907 3085 nou
917 3021 1116 3086 intervenire
1129 3013 1236 3087 certus

117 3135 383 3216 circumstantius,
400 3138 433 3203 in
451 3138 569 3223 quibus
585 3135 691 3222 ajune
707 3145 838 3203 cnutum
852 3144 887 3202 et
897 3143 1057 3202 statutum
1076 3136 1151 3216 fuit,
1162 3137 1236 3203 nul·

115 3254 181 3320 lem
196 3255 268 3321 fore
280 3253 410 3340 judicis,
430 3254 508 3321 licet
522 3253 654 3320 aliunde
671 3254 896 3339 competentis,
916 3252 1121 3319 sententium.
1140 3247 1234 3336 Que-

104 3391 191 3437 num
205 3371 270 3437 siut
283 3370 442 3457 ejusmodi
455 3371 713 3449 circumstantie,
730 3371 765 3436 in
776 3363 1122 3455 sequentibus'regulis
1135 3386 1237 3455 expo-

116 3489 217 3554 nitur.
827 3504 830 3508 ·

159 3609 299 3675 Russus
314 3610 358 3673 2¹.
373 3643 420 3656 -
433 3611 501 3673 Nou
509 3613 610 3690 potest
624 3611 691 3689 quis
702 3625 763 3669 csse
768 3607 869 3689 judee
882 3607 929 3668 uel
939 3622 1070 3666 assessor
1081 3609 1116 3666 iu
1128 3624 1230 3684 ceusu,

115 3732 148 3793 tu
166 3746 225 3810 quc
244 3732 336 3810 prius
346 3727 525 3789 adsumtum
541 3729 614 3806 epti.
630 3761 677 3775 -
697 3724 776 3789 Eum
800 3720 947 3806 regulum
966 3725 1121 3804 tunquam
1142 3740 1231 3788 eom·

114 3845 259 3910 munitor
279 3847 448 3926 receptum
467 3849 502 3907 ct
524 3841 654 3907 omnino
682 3846 806 3905 eertum
833 3839 879 3903 sic
908 3838 1043 3920 exponit
1068 3836 1233 3905 Schmulu·

114 3961 257 4044 grueber
274 3960 318 4046 (in
332 3959 465 4025 titulum
484 3960 495 4023 l
517 3961 554 4022 de
569 3959 710 4036 tudiciis,
731 3953 808 4020 libri
822 3957 842 4020 2
857 3953 1083 4032 decretalium,
1097 3975 1132 4019 n.
1154 3953 1206 4040 17)
1220 3976 1228 4022 ε

120 4079 260 4163 «Neque
285 4077 327 4142 de
357 4095 454 4142 causa
481 4074 636 4160 qualibet,
665 4091 736 4159 quae
758 4073 807 4138 sui
831 4072 894 4139 fori
918 4077 978 4150 est,
998 4070 1101 4156 juder
1121 4080 1231 4156 potest

120 4224 132 4248 «
147 4212 358 4278 cognoscere3
379 4212 455 4259 num
473 4198 543 4257 tres
566 4189 728 4276 praecipue
751 4189 963 4273 reperiuntur
986 4177 1226 4272 exceptiories:

119 4339 133 4364 «
151 4313 182 4374 1⁰
195 4327 292 4375 nemo
306 4313 494 4393 potestesse
505 4305 608 4394 judex
621 4307 676 4373 uel
686 4323 826 4372 assessor
838 4305 872 4370 iu
882 4323 988 4384 ceusu,
1004 4305 1037 4369 in
1049 4323 1112 4389 quo
1127 4305 1227 4374 udro-

120 4433 256 4495 «oetum
276 4425 343 4514 egit
356 4426 436 4516 (erg.
456 4427 483 4492 l.
502 4425 559 4492 fin.
582 4445 611 4492 c.
630 4427 667 4489 de
686 4419 973 4508 Asscssor.l.1iutio
997 4430 1063 4500 est,
1087 4423 1162 4511 quis
1183 4421 1224 4495 de
