2714 4980
18 298 21 304 ,
112 232 175 293 530
616 244 724 290 4444444.

178 417 283 481 Occasus
309 422 347 471 44.
362 419 422 479 llum
435 419 531 465 absente
546 415 660 476 Episcopo
673 415 747 476 possit
764 413 868 461 licerius
881 412 1001 474 generalis
1014 415 1115 475 absque
1124 429 1175 477 spe·

211 504 265 553 ciali
280 503 389 553 mandato
403 501 540 563 dispensare
554 502 577 548 in
600 501 719 549 intertitiis
731 498 859 547 ordinum?
873 533 1155 548 .........
1189 503 1231 549 445

178 587 286 651 Quarto
301 591 337 640 54.
349 590 413 638 num
423 588 498 649 possit
511 587 620 634 Vicarlus
632 585 747 646 generalis
760 585 848 645 absque
861 583 958 644 speciali
969 584 1085 645 mandato
1095 587 1173 633 absol-

210 689 263 723 uere
272 676 302 723 ab
316 672 554 722 excommunicatione
568 684 636 732 quam
651 671 702 731 ipse
716 670 769 717 tulit
785 683 791 716 :
808 676 868 716 etan
878 670 908 716 ab
921 670 1168 719 excommunicatione

207 761 316 808 canonis?
337 788 1157 808 .........................
1187 758 1232 802 444

173 842 282 907 04444444
299 844 335 891 64.
352 846 387 890 An
401 844 489 904 absque
504 841 597 903 speciali
609 839 718 888 mandato
727 840 802 902 possit
812 839 934 888 absoluere
951 840 1169 889 excommunicatos

208 931 237 977 ab
252 929 366 990 Episcopo
381 927 417 975 rel
432 927 483 986 eJus
502 923 625 987 delegato?
640 959 1160 975 ................
1188 926 1232 971 444

172 1013 277 1076 04444444
289 1017 325 1061 44.
338 1014 373 1059 nn
383 1012 433 1059 sine
447 1010 542 1072 speciali
555 1009 663 1057 mandato
668 1009 744 1070 possit
751 1006 917 1057 Sacerdotibus
928 1008 1060 1057 concedere
1075 1009 1171 1057 faculta-

211 1106 256 1146 tem
269 1094 406 1145 absolvendi
418 1097 447 1143 ab
463 1095 572 1142 omnibus
584 1095 677 1141 casibus
691 1107 737 1141 non
752 1095 953 1155 reserralisPapoe
965 1093 1004 1140 444
1014 1095 1136 1155 Episcopo
1150 1132 1157 1144 .
1187 1095 1229 1141 446

177 1181 282 1246 04444444
303 1181 339 1228 84.
355 1183 414 1228 b'urn
434 1178 484 1227 sinc
502 1179 597 1240 speciali
620 1177 728 1226 mandato
741 1181 816 1239 possit
837 1180 969 1240 approbare
992 1178 1170 1227 confessarios?
1186 1179 1228 1225 446

176 1264 281 1330 04444444
291 1267 326 1313 94.
349 1266 378 1313 Et
394 1279 422 1312 an
437 1266 568 1325 juramento
591 1264 727 1313 absolvere?
743 1300 1160 1314 .............
1188 1265 1228 1310 444

184 1349 289 1415 04444444
301 1349 354 1398 464.
371 1352 401 1397 Et
414 1364 442 1397 an
453 1350 535 1410 punire
546 1361 656 1397 excessus
668 1349 799 1398 officialium
819 1351 864 1398 sibi
878 1351 914 1398 444
928 1350 1049 1411 Episcopo
1066 1351 1172 1398 seruien-

205 1435 272 1492 tium,
287 1433 352 1480 serbi
368 1433 451 1492 gratia,
464 1431 572 1491 actuarii,
583 1444 705 1479 cursorum
718 1432 796 1491 curiae,
813 1439 836 1480 et
849 1431 1012 1484 similium?..
1041 1471 1048 1482 .
1113 1471 1120 1484 .
1146 1471 1152 1485 .
1183 1437 1222 1480 446

172 1516 278 1580 04444444
296 1520 346 1565 444.
360 1518 389 1564 Et
400 1531 429 1563 an
444 1529 552 1564 exercere
563 1529 591 1564 ea
603 1528 655 1577 qnae
669 1515 827 1564 conceduntur
841 1517 957 1580 Episcopo
975 1527 1092 1580 tanquam
1102 1519 1171 1568 Sedis

204 1603 343 1664 Apostolicue
354 1600 476 1661 delegato?
491 1602 519 1647 Et
539 1613 567 1647 an
582 1595 632 1648 v'ice
644 1614 713 1648 44444
723 1601 798 1660 possit
806 1601 938 1662 Episcopus
952 1616 1105 1663 cognoscere
1115 1619 1170 1652 cau-

202 1701 251 1735 sam
261 1687 354 1734 4444444
366 1700 408 1733 444
422 1701 435 1732 4
449 1687 511 1746 Papa
525 1683 668 1745 delegatam?
675 1721 1152 1738 ...............
1181 1690 1221 1735 446

97 1832 104 1844 .
176 1770 283 1834 Quoeslte
304 1773 358 1818 444.
384 1772 452 1818 Etan
472 1769 589 1829 corrigere
601 1783 710 1817 excessus
724 1770 887 1829 religiosorum
905 1781 1083 1834 exemplorum,
1104 1783 1169 1821 extra

203 1858 306 1905 claustra
318 1855 467 1916 degentium?
474 1890 1154 1909 .....................
1183 1859 1224 1904 448

173 1940 277 2003 04444444
289 1941 341 1988 444,
358 1941 387 1985 Et
407 1954 435 1986 an
452 1939 666 1986 enconnnunicare?
677 1976 1153 1993 ...............
1182 1943 1224 1989 444

172 2023 278 2087 04444444
292 2027 344 2071 444.
362 2025 391 2070 Et
405 2037 433 2069 un
449 2023 591 2084 suspendere
603 2032 626 2070 ct
639 2023 810 2073 interdicere?
836 2062 848 2094 ·.
870 2063 1084 2076 .......
1095 2060 1118 2076 .,
1145 2068 1150 2078 ,
1182 2026 1223 2074 444

174 2107 279 2171 Quaestio
294 2110 345 2155 444.
362 2109 391 2154 Et
405 2121 434 2154 an
453 2108 549 2155 clericos
572 2109 750 2157 concubinarios
768 2110 796 2156 ab
815 2108 1019 2158 administratione
1040 2113 1165 2161 beneficio-

203 2208 255 2242 rum
271 2192 428 2254 suspendere?
440 2230 707 2244 .........
737 2231 739 2234 ,
769 2229 1152 2246 ............
1178 2196 1222 2242 444

175 2277 280 2340 04444444
313 2280 365 2325 464.
386 2278 415 2323 Et
435 2291 464 2324 nn
488 2278 590 2325 notarios
612 2292 653 2326 scu
678 2279 794 2327 actuarios
815 2280 843 2326 ab
871 2279 945 2328 oflicio
970 2283 1001 2330 ob
1021 2283 1163 2343 imperitiam

203 2361 367 2424 suspendere?
373 2397 1148 2416 .......................

172 2448 278 2511 04444444
293 2451 344 2494 lle.
361 2448 390 2493 Et
405 2461 433 2494 an
443 2447 541 2507 gratiam
551 2447 635 2506 lacere,
651 2447 720 2507 idest,
740 2461 832 2508 poenam
847 2450 982 2499 remittere?
1004 2488 1011 2500 .
1041 2488 1047 2499 .
1077 2489 1083 2499 .
1111 2491 1115 2499 .

174 2532 278 2594 Quoeslso
293 2534 345 2580 484.
368 2530 464 2588 Quando
481 2532 587 2592 inceptus
605 2540 641 2579 cst
659 2545 783 2593 processus
799 2534 928 2581 criminalis
945 2543 1030 2583 contra
1049 2537 1159 2599 aliquem,

205 2633 233 2668 un
248 2618 323 2679 possit
332 2616 439 2663 vicarius
449 2615 563 2677 generalis
572 2617 659 2677 absque
670 2617 764 2677 speciali
778 2615 897 2677 mandato,
909 2619 966 2679 quin
980 2634 1054 2668 causa
1068 2621 1097 2668 ad
1112 2625 1161 2671 exi-

203 2713 250 2752 44444
277 2700 417 2764 perducatur
429 2707 451 2746 ct
474 2701 587 2747 sententia
609 2699 727 2747 definitiva
748 2702 918 2762 pronuntietur,
935 2704 1006 2751 talem
1019 2707 1152 2767 absoluere,

201 2789 270 2847 idest,
280 2787 381 2834 liberum
391 2784 523 2831 dimittere?
534 2819 833 2834 ..........
861 2828 864 2832 ,
895 2823 1141 2840 ,,,,,,,,
1171 2793 1214 2838 aso

170 2872 275 2935 04444444
295 2873 347 2919 494.
368 2871 397 2916 Et
410 2883 438 2915 an
454 2882 545 2929 poenam
555 2869 579 2915 in
597 2869 708 2918 leuiorem
721 2879 825 2933 mutare;
841 2878 865 2918 et
881 2872 905 2919 in
919 2874 1008 2933 specie,
1031 2889 1062 2923 an
1077 2891 1156 2938 poenas

200 2957 334 3018 corporales
348 2956 383 3002 444
398 2967 490 3014 poenarn
502 2952 654 3014 depositionis
666 2962 756 3003 irrotare
770 2955 793 3003 in
807 2955 982 3017 pecuniariam?
995 2995 1140 3011 .....
1170 2963 1213 3009 4444

169 3042 275 3106 Quaestio
287 3042 339 3088 464.
352 3040 381 3086 Et
392 3052 420 3085 an
434 3051 516 3085 causas
528 3039 712 3086 matrimoniales
722 3052 860 3099 cognoscere
881 3047 905 3087 et
920 3041 1047 3100 judicare?
1070 3082 1076 3093 .
1105 3083 1109 3092 .
1139 3082 1142 3091 .
1173 3046 1213 3090 444

168 3126 338 3190 Quaesieris.
356 3126 384 3170 Et
402 3137 431 3170 an
445 3121 521 3170 salide
535 3123 689 3171 matrimoniis
703 3125 869 3174 assisteret..
897 3162 902 3173 .
930 3161 935 3174 .
965 3161 971 3173 .
1001 3165 1005 3172 .
1036 3165 1040 3172 .
1070 3164 1076 3176 .
1103 3166 1109 3177 .
1140 3166 1144 3174 .
1173 3130 1216 3174 444

168 3210 274 3274 04444444
293 3211 345 3257 444.
368 3209 398 3255 Et
416 3222 444 3254 an
461 3208 555 3256 visitare
576 3193 732 3268 monasteria,
751 3210 891 3270 hospitalia,
915 3210 1008 3273 aliaque
1029 3213 1082 3260 loca
1100 3215 1154 3274 pia;

200 3298 255 3344 item
267 3294 383 3342 Ecclesiae
393 3300 519 3353 exemptas,
535 3293 571 3340 vel
586 3293 675 3340 nullius
688 3294 829 3343 dioecesis?.
859 3331 864 3341 .
891 3333 897 3343 .
925 3333 931 3343 .
958 3333 965 3343 .
994 3332 1000 3339 .
1031 3333 1033 3338 .
1063 3335 1069 3346 ,
1098 3336 1103 3346 .
1134 3333 1138 3340 .
1171 3300 1216 3344 444

166 3378 270 3442 04444444
284 3380 337 3425 454.
360 3380 390 3424 Et
403 3392 431 3425 an
450 3379 512 3426 eirca
530 3392 669 3426 concursum
690 3393 733 3440 pro
754 3379 927 3439 parochialibus
943 3381 1154 3432 Ecclesiissacan-

195 3465 267 3523 tiens,
282 3462 306 3508 id
316 3461 392 3510 lacere
405 3462 468 3524 quod
476 3470 553 3523 potest
566 3464 710 3525 Episcopus?
723 3501 1138 3519 ............
1169 3471 1214 3516 444

169 3546 273 3610 04444444
291 3548 343 3594 444.
363 3549 392 3594 Et
411 3561 439 3594 an
459 3548 596 3596 confirmare
616 3555 701 3595 4444444
723 3549 826 3610 capituli,
843 3563 884 3596 nce
910 3564 957 3598 non
971 3552 1024 3599 loco
1043 3554 1154 3616 Episcopi

198 3644 336 3680 consensum
350 3638 460 3692 prestare
470 3633 564 3680 statutis
577 3633 773 3694 capitularibus?¹
795 3673 797 3679 .
827 3672 832 3682 .
864 3668 866 3674 .
894 3671 1139 3686 ........
1170 3641 1215 3687 444

165 3717 270 3780 04444444
282 3719 334 3764 454.
352 3719 387 3764 An
400 3717 530 3765 consentire
549 3724 575 3764 ut
592 3717 670 3765 clerici
695 3718 785 3779 litigent
803 3717 864 3779 apucl
877 3717 940 3767 aliud
957 3721 1061 3770 tribunal
1078 3723 1153 3771 eccle-

194 3805 313 3853 siasticam
326 3816 396 3864 quarn
405 3806 488 3850 suurn?
521 3839 1137 3858 ...................
1168 3809 1213 3855 435

162 3888 267 3952 Quaestio
281 3889 333 3934 464.
349 3889 385 3934 nn
399 3888 501 3935 claustra
520 3889 654 3937 rnonialium
672 3889 817 3951 ingrediendi
832 3891 949 3940 licentiam
968 3893 1110 3943 concedere?
1132 3931 1138 3945 .
1169 3893 1213 3938 446

162 3973 267 4037 04444444
288 3976 341 4021 444.
365 3974 400 4019 44
420 3980 512 4035 recepta
524 3974 613 4034 regula,
630 3988 676 4023 non
690 3989 760 4037 posse
779 3976 898 4024 vicarium
918 3979 1053 4037 generalem
1070 3992 1152 4028 causas

192 4059 326 4108 criminales
337 4059 426 4118 absque
439 4057 534 4117 speciali
547 4058 655 4106 mandato
670 4073 819 4120 cognoscere,
835 4060 926 4122 aliquas
937 4064 1091 4126 exceptiones
1107 4077 1150 4126 pa-

103 4143 108 4150 ’
192 4145 277 4198 riatur?
290 4177 896 4195 ...................
914 4199 917 4204 ,
925 4183 1070 4199 .....
1099 4187 1102 4193 ,
1131 4184 1137 4197 ,
1166 4149 1213 4194 436

159 4228 265 4292 04444444
291 4229 344 4275 484.
371 4229 406 4275 nn
427 4228 503 4287 possit
526 4228 633 4277 vicarius
653 4230 770 4289 generalis
794 4244 933 4293 cognoscere
958 4245 1046 4281 causas
1070 4233 1147 4283 cisilca

188 4315 232 4361 lori
248 4309 416 4360 ecclesiastici?
428 4350 997 4368 ..................
1003 4328 1034 4367 ’.
1062 4356 1069 4368 .
1098 4355 1103 4368 .
1130 4354 1137 4368 .
1166 4317 1212 4366 436
