2714 4980
552 281 632 330 raus
653 283 767 329 rmus.
1156 268 1218 331 333

144 408 182 468 10
204 409 406 470 Auctarium
420 410 455 470 et
462 411 704 487 promissoriam,
731 424 869 492 quorum
892 406 1124 475 vocabulorum
1149 427 1220 474 sen·

93 538 150 586 aus
165 521 246 586 satis
260 539 321 604 per
334 539 370 586 se
386 526 490 605 patet.

138 639 179 701 2⁰
202 637 428 703 iuramentum
451 643 646 701 msertoriam
671 636 796 723 duplex
816 644 867 704 est
892 660 899 704 :
934 643 1013 704 litis
1036 642 1217 722 decidendo,

93 760 127 818 at
140 757 180 816 tn
196 755 284 827 litem,
294 750 525 817 aestimandam.
542 754 638 818 Prius
651 761 700 819 est
714 751 796 819 illud
810 752 898 839 quod
907 761 1080 840 prestatur
1093 775 1112 820 a
1126 763 1221 840 parte

94 868 249 951 itigante
264 864 307 933 ad
323 865 500 933 finiendam
510 867 613 933 litem.
633 868 799 934 Posterius
814 876 864 935 est
879 888 943 955 quo
958 871 1007 935 rei
1015 869 1160 956 alicujus,
1179 869 1221 939 de

94 1003 164 1072 pua
185 983 360 1070 injudicio
384 985 652 1064 controvertitur,
675 985 844 1050 aestimatio
862 984 901 1050 fit
922 1005 996 1051 cum
1016 985 1220 1072 juramento;
1329 1031 1333 1037 .

94 1100 196 1167 verbi
212 1101 325 1184 gratia,
342 1099 473 1186 quando
488 1101 559 1186 quis
575 1100 665 1186 jurat
675 1120 745 1167 rem
756 1086 894 1168 ablatam
910 1102 1020 1169 valere
1034 1103 1129 1169 tanti.

139 1218 180 1282 30
218 1217 444 1281 iuramentum
466 1219 532 1280 litis
558 1220 738 1298 decidendae,
764 1214 988 1283 subdividitur
1004 1217 1038 1282 in
1052 1216 1218 1303 judiciale,

94 1339 129 1398 et
143 1329 412 1415 extrajudielale;
426 1339 525 1415 prout
539 1332 572 1397 in
587 1331 708 1417 judicio
718 1332 773 1398 vel
784 1340 877 1399 extra
890 1330 1061 1417 judicium,
1076 1332 1120 1399 ad
1130 1334 1222 1400 litem

94 1445 277 1514 finiendam
292 1444 480 1513 adhibetur.

138 1565 178 1628 40
194 1562 338 1629 Tandem
360 1560 582 1647 juramentum
598 1566 746 1647 judiciale
770 1563 835 1629 litis
860 1562 1071 1642 decidendae,
1101 1564 1221 1631 iterum

94 1677 321 1762 distinguitur,
339 1685 371 1743 ia
388 1681 605 1760 voluntariam,
621 1677 710 1763 quod
722 1699 763 1744 ex
776 1677 880 1743 libera
894 1680 1037 1762 partium
1050 1680 1220 1747 voluntate

94 1798 208 1861 locum
225 1793 340 1878 habet;
359 1802 392 1859 et
407 1795 440 1859 in
453 1801 662 1874 messorium,
687 1792 776 1879 quod
793 1792 912 1878 judicis
932 1795 1126 1862 auctoritate
1143 1814 1221 1879 prm

94 1908 252 1975 standum
266 1908 458 1994 injungitur.

139 2024 296 2106 Qunsuto
319 2027 363 2090 2¹.
381 2062 427 2074 —
444 2029 519 2106 Quoe
531 2031 573 2090 sit
586 2046 692 2090 norma
697 2031 868 2109 juramenti
881 2030 1163 2111 cotra-judicialis?
1175 2064 1220 2078 —-

95 2144 130 2206 10
144 2139 331 2207 Adhibetur
343 2140 505 2225 praecipue
517 2140 559 2207 ab
572 2141 611 2206 iis
622 2142 688 2226 qui,
707 2140 955 2226 probationibus
969 2143 1038 2208 31113
1055 2141 1215 2223 destituti,

95 2264 130 2322 et
159 2263 252 2321 metu
275 2275 502 2341 expensarum,
528 2255 692 2322 adfinem
718 2258 947 2324 controversia
964 2266 1080 2344 sponte
1099 2276 1218 2344 prope·

95 2379 185 2439 rant.

141 2491 178 2554 2⁰
202 2490 314 2554 Potest
336 2486 496 2573 ejusmodi
511 2487 734 2574 juramentum
756 2488 890 2558 deferre
910 2495 944 2557 et
965 2493 1129 2576 suscipere
1152 2495 1220 2579 qui·

95 2625 238 2692 cumque
256 2610 367 2691 potest
383 2606 501 2689 pacisci
518 2611 553 2671 et
568 2603 611 2672 de
624 2625 660 2671 re
675 2613 884 2673 controversa
900 2607 1005 2676 libere
1022 2607 1211 2694 disponere.

140 2725 178 2789 3⁰
202 2723 283 2787 Pars
296 2721 349 2786 cui
364 2720 525 2801 defertur,
545 2720 628 2788 illud
643 2742 795 2789 recusare
811 2729 932 2807 potest.

139 2839 177 2904 4⁰
201 2837 333 2904 Deierri
357 2845 466 2923 potest
488 2838 684 2922 regulariter
701 2840 736 2904 in
751 2840 888 2905 omnine
904 2847 1126 2906 controversa.
1157 2841 1219 2906 Da·

95 2961 154 3021 tur
175 2962 287 3020 tamen
307 2954 456 3039 exceptio
474 2954 516 3020 ab
535 2953 594 3027 hoc
615 2955 729 3040 regula
750 2955 835 3023 31333
857 2956 1019 3040 triplicem
1046 2937 1234 3025 causarum

95 3088 242 3156 speciem
260 3092 267 3136 :

139 3191 258 3267 Primo,
284 3185 393 3272 quoad
409 3206 522 3254 causas
540 3189 792 3255 matrimoniales
814 3210 821 3254 ε
844 3208 919 3255 nam
939 3188 1064 3256 deferri
1085 3189 1218 3276 quidem
1334 3245 1337 3250 .

96 3311 207 3405 potest
218 3303 439 3389 juramentum
453 3304 496 3371 de
514 3306 717 3373 matrimonio
727 3306 951 3374 contrahendo
969 3330 976 3374 :
994 3307 1074 3373 item
1092 3306 1135 3374 de
1149 3327 1218 3374 ser·

96 3421 205 3489 vando
222 3420 424 3488 matrimonio
438 3422 540 3489 semel
553 3423 644 3501 inito,
661 3421 704 3488 de
716 3420 809 3507 cujus
824 3424 939 3497 valore¹
952 3423 1090 3491 dubium
1114 3425 1218 3491 inter·

96 3537 204 3629 venit3
228 3537 303 3622 quia
326 3555 444 3622 nempe
467 3537 501 3602 in
520 3537 655 3603 arbitrio
680 3538 823 3622 partium
849 3547 898 3605 est
917 3540 1156 3608 matrimonium
1176 3558 1217 3604 er

96 3652 232 3720 deiectu
250 3672 424 3720 consensus
438 3653 627 3733 invalidum,
659 3654 799 3739 positivo
826 3674 984 3722 consensu
1008 3654 1214 3722 revendere:

96 3767 156 3836 sed
173 3769 323 3852 praestari
337 3767 559 3855 juramentum
573 3770 687 3855 nequit
699 3788 765 3836 non
782 3768 892 3836 standi
902 3771 1120 3855 matrimoni03
1142 3770 1217 3855 quia

96 3882 121 3949 si
132 3882 241 3949 valide
260 3889 463 3951 contractum
476 3883 552 3963 fuit,
569 3886 603 3950 in
620 3890 783 3969 potestate
798 3886 941 3971 partium
963 3905 1028 3953 non
1044 3891 1095 3952 est
1108 3885 1216 3970 ipsum

96 3998 288 4069 dissolvere.

137 4119 287 4198 Secundo,
303 4114 411 4202 quoad
424 4116 657 4201 professionem
670 4117 852 4203 'religiosam
873 4140 880 4183 :
903 4135 963 4202 pro
982 4134 1046 4202 qua
1061 4115 1150 4184 idem
1170 4118 1216 4185 di·

96 4232 240 4305 cendum
254 4252 292 4300 ac
303 4231 346 4301 de
361 4233 577 4301 matrimonio.

138 4357 254 4431 Tertio,
278 4343 388 4437 quoad
415 4369 525 4418 causas
543 4350 724 4417 criminales
748 4370 756 4414 :
780 4350 861 4416 Nam
880 4346 1058 4416 admittunt
1081 4349 1214 4437 quidem
