2714 4980
136 302 202 366 370
481 311 669 360 rrscrsrus
692 313 736 359 os
759 315 907 362 ruricus.

179 440 217 510 Id
232 448 343 506 tamer
364 436 497 505 ridetur
515 437 620 522 alique
644 437 850 503 distinctione
872 436 1036 522 indigere.
1064 440 1145 504 Nam
1166 439 1238 526 qnod

134 561 235 644 possit
259 556 436 641 Episcopus
451 573 513 639 pro
529 554 665 621 arbitrio
685 555 869 621 restmotsm
892 556 1021 622 licerio
1045 573 1107 622 sno
1126 553 1239 640 jurisdi-

133 675 276 740 otiorem
297 670 492 749 concedere,
512 669 650 736 dubium
675 688 742 737 ror
766 677 817 736 est
838 692 846 736 ε
867 670 1000 750 imo,'ut
1012 670 1148 737 dicetur
1158 667 1237 751 irim,

131 796 241 876 potest
260 789 382 854 nullam
403 785 597 865 concedere,
623 805 683 852 seu
705 787 832 852 nullum
852 787 914 852 sibi
936 788 1144 853 mnsnusre
1165 787 1241 854 Vica-

131 906 231 974 rirm.
255 905 397 984 ltvero,
423 903 512 988 quod
534 903 647 987 positis
672 903 872 988 quibuslibet
901 903 1188 982 restrictionibus,
1214 910 1241 969 ct

130 1021 337 1108 quantumvis
351 1020 413 1085 illae
428 1027 574 1103 pateant,
592 1020 738 1085 vicarius
752 1026 920 1084 remaneat
933 1037 1014 1085 rere
1034 1023 1196 1100 peroratis,
1205 1019 1241 1084 ita

130 1143 169 1203 ut
188 1136 250 1219 ipsi
264 1133 456 1219 applicanda
471 1135 535 1199 sint
551 1133 625 1219 jura
645 1152 717 1219 qnae
741 1150 840 1199 veros
856 1134 1000 1199 vicarios
1015 1135 1189 1218 generales
1199 1152 1242 1200 re

130 1254 280 1337 spiciunt,
310 1252 440 1319 omniuo
454 1250 640 1335 negandam
659 1258 720 1316 est.
745 1253 825 1316 Nem
845 1250 894 1337 (nt
916 1252 1080 1335 superiori
1102 1266 1242 1336 paragra·

128 1369 205 1454 pho,
229 1368 450 1453 propositione
472 1364 595 1451 quinta)
621 1366 844 1451 probavimus,
876 1371 1098 1432 universalitas
1125 1365 1242 1453 J’srisd·

128 1484 252 1563 otiaris,
265 1484 379 1548 saltem
400 1485 557 1546 moraliter
570 1489 701 1564 camptu,
718 1489 767 1547 est
779 1479 821 1547 de
834 1482 903 1566 ipsa
921 1484 1066 1548 essentia
1077 1483 1241 1549 vicariatus

128 1599 299 1683 generalis.
314 1599 345 1664 Si
364 1616 442 1681 ergo
457 1599 679 1664 restrictiores
688 1598 729 1664 ab
739 1599 897 1682 Episcopo
914 1600 1072 1682 appositae
1091 1599 1174 1664 hans
1184 1598 1241 1663 mi

128 1714 350 1780 venalitatem
364 1712 529 1780 moraliter
540 1721 703 1797 sumptam
714 1712 843 1791 tollant,
857 1714 1014 1780 valebunt
1028 1714 1183 1800 quidem3
1192 1711 1242 1780 sed

126 1829 290 1896 Viorrium
306 1830 505 1896 constituent
520 1830 554 1893 in
569 1827 673 1894 officio
691 1830 774 1894 meri
791 1829 951 1912 delegeti3
972 1848 1040 1898 ror
1061 1837 1175 1895 artem
1196 1827 1241 1894 ti·

127 1947 204 2013 carii
222 1945 397 2030 generalis
420 1943 516 2025 Quod
536 1953 628 2012 certe
645 1946 806 2024 eveniret,
830 1945 924 2010 verbi
938 1946 1056 2029 gratia,
1079 1948 1108 2011 si
1126 1947 1242 2031 Episco-

127 2079 190 2145 pus
203 2060 388 2128 medietatis
404 2059 584 2126 dioeceseos
602 2078 715 2126 causas
731 2061 793 2126 sibi
808 2069 1009 2128 reservaret.

171 2180 229 2244 Frst
252 2186 363 2244 autem
386 2177 429 2244 ad
451 2178 611 2264 ejusmodi
626 2179 850 2245 restrictiores
873 2178 972 2246 valde
995 2178 1237 2255 attendendum,

127 2295 170 2361 ob
195 2296 382 2378 gramssima
401 2313 474 2380 quae
490 2313 532 2361 ex
547 2296 595 2361 eis
611 2296 689 2362 oriri
713 2303 849 2380 possunt
865 2295 974 2381 quoad
989 2297 1121 2379 praxim
1139 2313 1239 2363 conse

127 2412 238 2477 cteris.
256 2412 338 2476 Nam
352 2411 494 2495 exempli
514 2413 629 2496 gratia,
651 2413 678 2476 si
702 2413 776 2496 quis
801 2413 978 2496 Episcopus
994 2413 1118 2481 vicarii
1132 2414 1182 2480 sni
1192 2430 1239 2497 po

125 2530 278 2591 testatem
286 2525 330 2589 ita
342 2526 528 2609 restringat,
546 2532 584 2590 ut
597 2524 664 2610 jam
673 2525 738 2591 dici
745 2534 888 2611 nequeat
901 2526 1073 2593 moraliter
1088 2527 1240 2612 generalis

126 2662 186 2710 suu
196 2642 397 2721 universalis,
416 2661 435 2707 a
453 2643 615 2708 sententia
630 2642 706 2708 talis
714 2643 835 2709 vicarii
847 2662 913 2710 ron
927 2643 1063 2710 dabitur
1076 2645 1240 2730 appellatio

127 2756 315 2823 immediate
329 2757 372 2824 ad
383 2756 678 2842 Arclriepisoopum,
695 2757 755 2824 sed
766 2756 808 2824 ad
822 2759 1036 2844 Episcopum
1053 2781 1118 2827 rec
1129 2761 1239 2846 poterit

127 2873 394 2958 Arcbicpiscopus
417 2873 669 2956 appellationem
691 2875 852 2958 recipere,
875 2881 991 2958 utpote
1011 2890 1086 2960 qun
1104 2896 1171 2942 ron
1186 2877 1239 2944 erit

127 3009 148 3055 a
164 2990 326 3054 sententia
340 2990 410 3054 veri
432 2987 553 3055 Vicarii
567 2989 739 3071 generalis,
756 2989 818 3056 sed
836 2992 919 3056 meri
933 2991 1089 3076 delegati.
1105 2995 1155 3060 Ne
1172 3010 1241 3078 ergr

128 3102 272 3170 dubiret
286 3101 493 3168 difficultates
509 3104 667 3183 oriantur,
688 3105 790 3170 satius
802 3112 853 3171 est
866 3111 905 3170 ut
919 3124 1038 3190 parcns
1057 3109 1100 3174 sit
1120 3109 1240 3194 Episoo

127 3237 190 3303 pus
206 3220 240 3283 ir
254 3217 481 3301 restringenda
492 3236 554 3303 per
568 3219 702 3285 modum
714 3222 945 3288 reservationis
959 3223 1082 3290 Vicsrii
1094 3227 1146 3291 sui
1157 3244 1240 3310 gene

127 3334 202 3400 ralis
232 3331 472 3418 jurisdictiore;
495 3335 551 3400 rel
574 3336 690 3402 saltem
713 3336 777 3421 ipsi
804 3338 924 3404 Vioarii
950 3342 1127 3423 generales
1155 3349 1237 3409 certe

127 3449 333 3534 perpendant
344 3430 569 3515 restrictiores
582 3450 754 3536 ejusmodi,
767 3461 801 3519 et
814 3452 1001 3520 discernant
1015 3474 1070 3536 an,
1086 3458 1127 3524 iis
1144 3464 1237 3524 atter·

126 3565 180 3644 tis,
198 3565 263 3630 siut
280 3564 353 3630 reri
369 3564 489 3630 Vicsrii
508 3568 688 3649 generales,
707 3587 749 3633 an
766 3586 845 3636 vero
866 3569 1036 3636 dumtaxat
1055 3574 1141 3639 meri
1159 3571 1238 3638 dele

127 3681 206 3763 gati,
214 3686 250 3745 ct
260 3677 303 3744 sd
312 3680 414 3745 instar
428 3680 628 3747 vicariorum
636 3681 862 3769 foraneorum
880 3692 919 3750 ut
931 3704 1024 3752 suam
1036 3687 1117 3755 inde
1132 3684 1236 3774 agendi

126 3800 290 3866 rationem
302 3804 394 3863 recte
412 3797 545 3864 valeant
556 3799 740 3866 instituere.
849 3860 855 3870 .

170 3915 326 3996 ersrro
336 3913 383 3978 4³⁴.
399 3945 445 3963 -·-
459 3915 568 3978 Utrum
585 3920 795 3982 revocabils'tos
813 3925 856 3983 stt
871 3922 910 3983 de
925 3928 1059 3986 maeotis
1078 3926 1236 3988 Vtram

126 4032 287 4115 puerulis.
303 4062 350 4089 -.··
363 4027 498 4094 Certum
512 4037 564 4094 est
578 4032 725 4098 vicarios
743 4035 923 4116 generales,
944 4053 987 4101 ex
1004 4054 1072 4121 quo
1088 4038 1124 4102 ir
1140 4038 1234 4104 ieeur

125 4144 433 4214 tlrcbidiscororum
453 4163 640 4212 successere
667 4165 772 4233 nsque
799 4169 904 4230 nure,
935 4151 1036 4220 feisse
1063 4151 1107 4220 ad
1131 4161 1233 4219 rutum

125 4260 275 4343 Episcopi
290 4258 503 4336 revocabiles,
522 4265 556 4325 et
572 4281 647 4326 cum
667 4272 772 4330 morte
793 4266 943 4350 Episcopi
967 4285 1085 4333 eorum
1108 4266 1230 4333 officium

119 4375 284 4456 expirare.
304 4374 353 4438 De
375 4392 439 4457 qua
459 4373 541 4458 juris
568 4379 744 4444 communis
762 4379 972 4464 dispositione
991 4383 1084 4450 nulla
1101 4390 1153 4450 est
1168 4399 1229 4447 cor·
