<?xml version="1.0" encoding="UTF-8"?>
<!DOCTYPE html PUBLIC "-//W3C//DTD XHTML 1.0 Transitional//EN"
    "http://www.w3.org/TR/xhtml1/DTD/xhtml1-transitional.dtd">
<html xmlns="http://www.w3.org/1999/xhtml" xml:lang="en" lang="en">
 <head>
  <title>
</title>
<meta http-equiv="Content-Type" content="text/html;charset=utf-8" />
  <meta name='ocr-system' content='tesseract 3.04.00' />
  <meta name='ocr-capabilities' content='ocr_page ocr_carea ocr_par ocr_line ocrx_word'/>
</head>
<body>
  <div class='ocr_page' id='page_1' title='image "./tractatusdejudi00bouigoog_0492.png"; bbox 0 0 2714 4980; ppageno 0'>
   <div class='ocr_carea' id='block_1_1' title="bbox 448 276 1189 368">
    <p class='ocr_par' dir='ltr' id='par_1_1' title="bbox 448 276 1189 368">
     <span class='ocr_line' id='line_1_1' title="bbox 448 276 1189 368; baseline 0 -5"><span class='ocrx_word' id='word_1_1' title='bbox 448 276 453 286; x_wconf 44' lang='lat'>¹</span> <span class='ocrx_word' id='word_1_2' title='bbox 497 316 576 363; x_wconf 80' lang='lat' dir='ltr'><strong>rans</strong></span> <span class='ocrx_word' id='word_1_3' title='bbox 599 316 758 368; x_wconf 77' lang='lat' dir='ltr'><strong>sncuuna.</strong></span> <span class='ocrx_word' id='word_1_4' title='bbox 1124 297 1189 363; x_wconf 80' lang='lat' dir='ltr'><strong>tra</strong></span> 
     </span>
    </p>
   </div>
   <div class='ocr_carea' id='block_1_2' title="bbox 48 438 1251 4468">
    <p class='ocr_par' dir='ltr' id='par_1_2' title="bbox 61 438 1190 870">
     <span class='ocr_line' id='line_1_2' title="bbox 62 438 1189 526; baseline -0.005 -18"><span class='ocrx_word' id='word_1_5' title='bbox 62 443 214 526; x_wconf 89' lang='lat' dir='ltr'><strong>personis</strong></span> <span class='ocrx_word' id='word_1_6' title='bbox 241 438 393 525; x_wconf 82' lang='lat' dir='ltr'><strong>publicis.</strong></span> <span class='ocrx_word' id='word_1_7' title='bbox 412 438 493 505; x_wconf 89' lang='lat' dir='ltr'><strong>Inde</strong></span> <span class='ocrx_word' id='word_1_8' title='bbox 512 458 591 523; x_wconf 85' lang='lat' dir='ltr'><strong>ergo</strong></span> <span class='ocrx_word' id='word_1_9' title='bbox 615 438 818 505; x_wconf 89' lang='lat' dir='ltr'><strong>desumendo</strong></span> <span class='ocrx_word' id='word_1_10' title='bbox 844 438 1061 505; x_wconf 83' lang='lat' dir='ltr'><strong>differentiam</strong></span> <span class='ocrx_word' id='word_1_11' title='bbox 1077 439 1189 521; x_wconf 80' lang='lat' dir='ltr'><strong>proxi·</strong></span> 
     </span>
     <span class='ocr_line' id='line_1_3' title="bbox 64 555 1190 638; baseline -0.006 -14"><span class='ocrx_word' id='word_1_12' title='bbox 64 578 163 636; x_wconf 88' lang='lat' dir='ltr'><strong>mam,</strong></span> <span class='ocrx_word' id='word_1_13' title='bbox 183 556 383 623; x_wconf 79' lang='lat' dir='ltr'><strong>videtur-sic</strong></span> <span class='ocrx_word' id='word_1_14' title='bbox 408 556 521 621; x_wconf 89' lang='lat' dir='ltr'><strong>stricta</strong></span> <span class='ocrx_word' id='word_1_15' title='bbox 538 555 685 621; x_wconf 87' lang='lat' dir='ltr'><strong>definitio</strong></span> <span class='ocrx_word' id='word_1_16' title='bbox 709 555 893 620; x_wconf 90' lang='lat' dir='ltr'><strong>concinnari</strong></span> <span class='ocrx_word' id='word_1_17' title='bbox 915 573 1034 638; x_wconf 88' lang='lat' dir='ltr'><strong>posse:</strong></span> <span class='ocrx_word' id='word_1_18' title='bbox 1057 559 1190 620; x_wconf 75' lang='lat' dir='ltr'><em>Persona</em></span> 
     </span>
     <span class='ocr_line' id='line_1_4' title="bbox 62 671 1188 754; baseline -0.003 -18"><span class='ocrx_word' id='word_1_19' title='bbox 62 677 102 736; x_wconf 85' lang='lat' dir='ltr'><strong>ob</strong></span> <span class='ocrx_word' id='word_1_20' title='bbox 122 679 303 736; x_wconf 81' lang='lat' dir='ltr'><strong>auctoritate</strong></span> <span class='ocrx_word' id='word_1_21' title='bbox 324 674 443 754; x_wconf 78' lang='lat' dir='ltr'><strong>publicu</strong></span> <span class='ocrx_word' id='word_1_22' title='bbox 469 677 643 750; x_wconf 79' lang='lat' dir='ltr'><strong>constituto,</strong></span> <span class='ocrx_word' id='word_1_23' title='bbox 670 678 705 735; x_wconf 82' lang='lat' dir='ltr'><strong>ut</strong></span> <span class='ocrx_word' id='word_1_24' title='bbox 724 677 830 754; x_wconf 78' lang='lat' dir='ltr'><strong>scripti</strong></span> <span class='ocrx_word' id='word_1_25' title='bbox 848 674 885 733; x_wconf 87' lang='lat' dir='ltr'><strong>ab</strong></span> <span class='ocrx_word' id='word_1_26' title='bbox 912 677 978 752; x_wconf 81' lang='lat' dir='ltr'><strong>ipso</strong></span> <span class='ocrx_word' id='word_1_27' title='bbox 998 677 1083 734; x_wconf 83' lang='lat' dir='ltr'><strong>octus</strong></span> <span class='ocrx_word' id='word_1_28' title='bbox 1098 671 1188 748; x_wconf 72' lang='lat' dir='ltr'><strong>fidem</strong></span> 
     </span>
     <span class='ocr_line' id='line_1_5' title="bbox 61 793 194 870; baseline 0.008 -18"><span class='ocrx_word' id='word_1_29' title='bbox 61 793 194 870; x_wconf 77' lang='lat' dir='ltr'><strong>facient.</strong></span> 
     </span>
    </p>

    <p class='ocr_par' dir='ltr' id='par_1_3' title="bbox 48 901 1251 4468">
     <span class='ocr_line' id='line_1_6' title="bbox 107 901 1189 987; baseline -0.003 -18"><span class='ocrx_word' id='word_1_30' title='bbox 107 906 169 969; x_wconf 92' lang='grc' dir='ltr'><strong>ΠΙ.</strong></span> <span class='ocrx_word' id='word_1_31' title='bbox 186 905 233 972; x_wconf 84' lang='lat' dir='ltr'><strong>Ex</strong></span> <span class='ocrx_word' id='word_1_32' title='bbox 246 920 309 987; x_wconf 86' lang='lat' dir='ltr'><strong>qua</strong></span> <span class='ocrx_word' id='word_1_33' title='bbox 322 903 452 967; x_wconf 87' lang='lat' dir='ltr'><strong>notione</strong></span> <span class='ocrx_word' id='word_1_34' title='bbox 468 901 562 967; x_wconf 83' lang='lat' dir='ltr'><strong>facile</strong></span> <span class='ocrx_word' id='word_1_35' title='bbox 574 901 744 984; x_wconf 90' lang='lat' dir='ltr'><strong>introspici</strong></span> <span class='ocrx_word' id='word_1_36' title='bbox 758 907 877 985; x_wconf 90' lang='lat' dir='ltr'><strong>potest,</strong></span> <span class='ocrx_word' id='word_1_37' title='bbox 894 920 956 985; x_wconf 88' lang='lat' dir='ltr'><strong>qua</strong></span> <span class='ocrx_word' id='word_1_38' title='bbox 972 901 1015 967; x_wconf 87' lang='lat' dir='ltr'><strong>dc</strong></span> <span class='ocrx_word' id='word_1_39' title='bbox 1032 921 1129 967; x_wconf 89' lang='lat' dir='ltr'><strong>causa</strong></span> <span class='ocrx_word' id='word_1_40' title='bbox 1141 903 1189 966; x_wconf 93' lang='lat' dir='ltr'><strong>in·</strong></span> 
     </span>
     <span class='ocr_line' id='line_1_7' title="bbox 61 1017 1190 1102; baseline -0.002 -17"><span class='ocrx_word' id='word_1_41' title='bbox 61 1018 165 1085; x_wconf 90' lang='lat' dir='ltr'><strong>ducta</strong></span> <span class='ocrx_word' id='word_1_42' title='bbox 180 1017 304 1102; x_wconf 89' lang='lat' dir='ltr'><strong>ubique</strong></span> <span class='ocrx_word' id='word_1_43' title='bbox 319 1019 463 1102; x_wconf 89' lang='lat' dir='ltr'><strong>gentium</strong></span> <span class='ocrx_word' id='word_1_44' title='bbox 482 1017 593 1094; x_wconf 84' lang='lat' dir='ltr'><strong>fuerit,</strong></span> <span class='ocrx_word' id='word_1_45' title='bbox 612 1024 647 1082; x_wconf 92' lang='lat' dir='ltr'><strong>et</strong></span> <span class='ocrx_word' id='word_1_46' title='bbox 661 1017 775 1101; x_wconf 90' lang='lat' dir='ltr'><strong>quanti</strong></span> <span class='ocrx_word' id='word_1_47' title='bbox 790 1017 887 1081; x_wconf 91' lang='lat' dir='ltr'><strong>simul</strong></span> <span class='ocrx_word' id='word_1_48' title='bbox 898 1019 1056 1083; x_wconf 86' lang='lat' dir='ltr'><strong>momenti</strong></span> <span class='ocrx_word' id='word_1_49' title='bbox 1070 1018 1122 1097; x_wconf 89' lang='lat' dir='ltr'><strong>sit,</strong></span> <span class='ocrx_word' id='word_1_50' title='bbox 1135 1036 1190 1083; x_wconf 88' lang='lat' dir='ltr'><strong>uo·</strong></span> 
     </span>
     <span class='ocr_line' id='line_1_8' title="bbox 59 1129 1188 1219; baseline 0 -21"><span class='ocrx_word' id='word_1_51' title='bbox 59 1129 222 1200; x_wconf 84' lang='lat' dir='ltr'><strong>tarioruu&#39;t</strong></span> <span class='ocrx_word' id='word_1_52' title='bbox 236 1133 408 1199; x_wconf 90' lang='lat' dir='ltr'><strong>institutio.</strong></span> <span class='ocrx_word' id='word_1_53' title='bbox 431 1131 513 1197; x_wconf 84' lang='lat' dir='ltr'><strong>Cum</strong></span> <span class='ocrx_word' id='word_1_54' title='bbox 526 1132 654 1196; x_wconf 90' lang='lat' dir='ltr'><strong>seilicet</strong></span> <span class='ocrx_word' id='word_1_55' title='bbox 674 1132 830 1216; x_wconf 81' lang='lat' dir='ltr'>pleraque</span> <span class='ocrx_word' id='word_1_56' title='bbox 848 1131 936 1198; x_wconf 90' lang='lat' dir='ltr'><strong>inter</strong></span> <span class='ocrx_word' id='word_1_57' title='bbox 951 1132 1095 1199; x_wconf 88' lang='lat' dir='ltr'><strong>homines</strong></span> <span class='ocrx_word' id='word_1_58' title='bbox 1109 1131 1188 1219; x_wconf 70' lang='lat' dir='ltr'><strong>jura</strong></span> 
     </span>
     <span class='ocr_line' id='line_1_9' title="bbox 55 1245 1188 1333; baseline 0 -20"><span class='ocrx_word' id='word_1_59' title='bbox 55 1247 226 1332; x_wconf 89' lang='lat' dir='ltr'><strong>pendeant</strong></span> <span class='ocrx_word' id='word_1_60' title='bbox 236 1267 255 1313; x_wconf 87' lang='lat' dir='ltr'><strong>a</strong></span> <span class='ocrx_word' id='word_1_61' title='bbox 265 1247 364 1312; x_wconf 87' lang='lat' dir='ltr'><strong>variis</strong></span> <span class='ocrx_word' id='word_1_62' title='bbox 378 1247 467 1312; x_wconf 92' lang='lat' dir='ltr'><strong>initis</strong></span> <span class='ocrx_word' id='word_1_63' title='bbox 478 1248 622 1330; x_wconf 87' lang='lat' dir='ltr'><strong>pactis,a</strong></span> <span class='ocrx_word' id='word_1_64' title='bbox 639 1247 809 1312; x_wconf 84' lang='lat' dir='ltr'><strong>sententiis</strong></span> <span class='ocrx_word' id='word_1_65' title='bbox 819 1245 1038 1332; x_wconf 87' lang='lat' dir='ltr'><strong>judicialibus,</strong></span> <span class='ocrx_word' id='word_1_66' title='bbox 1054 1248 1188 1333; x_wconf 83' lang='lat' dir='ltr'><strong>aliisque</strong></span> 
     </span>
     <span class='ocr_line' id='line_1_10' title="bbox 57 1360 1188 1448; baseline 0.001 -20"><span class='ocrx_word' id='word_1_67' title='bbox 57 1361 247 1448; x_wconf 86' lang='lat' dir='ltr'><strong>hujusmodi</strong></span> <span class='ocrx_word' id='word_1_68' title='bbox 259 1364 368 1447; x_wconf 89' lang='lat' dir='ltr'><strong>gestis,</strong></span> <span class='ocrx_word' id='word_1_69' title='bbox 382 1362 512 1429; x_wconf 90' lang='lat' dir='ltr'><strong>omnino</strong></span> <span class='ocrx_word' id='word_1_70' title='bbox 527 1363 676 1440; x_wconf 90' lang='lat' dir='ltr'><strong>interest,</strong></span> <span class='ocrx_word' id='word_1_71' title='bbox 694 1369 731 1427; x_wconf 91' lang='lat' dir='ltr'><strong>ut</strong></span> <span class='ocrx_word' id='word_1_72' title='bbox 742 1360 785 1428; x_wconf 91' lang='lat' dir='ltr'><strong>de</strong></span> <span class='ocrx_word' id='word_1_73' title='bbox 798 1361 885 1428; x_wconf 89' lang='lat' dir='ltr'><strong>bisce</strong></span> <span class='ocrx_word' id='word_1_74' title='bbox 897 1361 1024 1429; x_wconf 88' lang='lat' dir='ltr'><strong>actibus</strong></span> <span class='ocrx_word' id='word_1_75' title='bbox 1040 1370 1188 1429; x_wconf 87' lang='lat' dir='ltr'><strong>constare</strong></span> 
     </span>
     <span class='ocr_line' id='line_1_11' title="bbox 57 1480 1189 1565; baseline 0.001 -20"><span class='ocrx_word' id='word_1_76' title='bbox 57 1480 175 1565; x_wconf 88' lang='lat' dir='ltr'>possit,</span> <span class='ocrx_word' id='word_1_77' title='bbox 198 1500 264 1544; x_wconf 92' lang='lat' dir='ltr'><strong>non</strong></span> <span class='ocrx_word' id='word_1_78' title='bbox 289 1487 418 1544; x_wconf 86' lang='lat' dir='ltr'><strong>tantum</strong></span> <span class='ocrx_word' id='word_1_79' title='bbox 433 1498 472 1544; x_wconf 90' lang='lat' dir='ltr'><strong>eo</strong></span> <span class='ocrx_word' id='word_1_80' title='bbox 500 1487 665 1546; x_wconf 87' lang='lat' dir='ltr'><strong>momento</strong></span> <span class='ocrx_word' id='word_1_81' title='bbox 678 1496 743 1564; x_wconf 90' lang='lat' dir='ltr'><strong>quo</strong></span> <span class='ocrx_word' id='word_1_82' title='bbox 765 1489 978 1564; x_wconf 91' lang='lat' dir='ltr'><strong>peraguntur,</strong></span> <span class='ocrx_word' id='word_1_83' title='bbox 1010 1481 1189 1548; x_wconf 88' lang='lat' dir='ltr'><strong>sedetiam</strong></span> 
     </span>
     <span class='ocr_line' id='line_1_12' title="bbox 58 1594 1189 1682; baseline 0.002 -21"><span class='ocrx_word' id='word_1_84' title='bbox 58 1603 184 1677; x_wconf 87' lang='lat' dir='ltr'><strong>postea.</strong></span> <span class='ocrx_word' id='word_1_85' title='bbox 213 1595 369 1661; x_wconf 83' lang='lat' dir='ltr'><strong>Constare</strong></span> <span class='ocrx_word' id='word_1_86' title='bbox 391 1602 501 1660; x_wconf 88' lang='lat' dir='ltr'><strong>autem</strong></span> <span class='ocrx_word' id='word_1_87' title='bbox 523 1598 638 1679; x_wconf 90' lang='lat' dir='ltr'><strong>nequit</strong></span> <span class='ocrx_word' id='word_1_88' title='bbox 666 1596 727 1659; x_wconf 91' lang='lat' dir='ltr'><strong>nisi</strong></span> <span class='ocrx_word' id='word_1_89' title='bbox 741 1613 804 1679; x_wconf 91' lang='lat' dir='ltr'><strong>per</strong></span> <span class='ocrx_word' id='word_1_90' title='bbox 827 1596 961 1680; x_wconf 86' lang='lat' dir='ltr'><strong>scripta.</strong></span> <span class='ocrx_word' id='word_1_91' title='bbox 979 1594 1044 1662; x_wconf 86' lang='lat' dir='ltr'><strong>Sed</strong></span> <span class='ocrx_word' id='word_1_92' title='bbox 1059 1606 1093 1663; x_wconf 94' lang='lat' dir='ltr'><strong>et</strong></span> <span class='ocrx_word' id='word_1_93' title='bbox 1120 1598 1189 1682; x_wconf 84' lang='lat' dir='ltr'><strong>ipsa</strong></span> 
     </span>
     <span class='ocr_line' id='line_1_13' title="bbox 57 1709 1189 1795; baseline 0.002 -19"><span class='ocrx_word' id='word_1_94' title='bbox 57 1713 192 1795; x_wconf 82' lang='lat' dir='ltr'><strong>scripta,</strong></span> <span class='ocrx_word' id='word_1_95' title='bbox 206 1711 445 1794; x_wconf 90' lang='lat' dir='ltr'><strong>nisiapersonis</strong></span> <span class='ocrx_word' id='word_1_96' title='bbox 456 1709 523 1776; x_wconf 86' lang='lat' dir='ltr'><strong>fide</strong></span> <span class='ocrx_word' id='word_1_97' title='bbox 535 1709 641 1794; x_wconf 83' lang='lat' dir='ltr'><strong>dignis</strong></span> <span class='ocrx_word' id='word_1_98' title='bbox 654 1709 907 1790; x_wconf 85' lang='lat' dir='ltr'><strong>conficerentur,</strong></span> <span class='ocrx_word' id='word_1_99' title='bbox 919 1711 1068 1778; x_wconf 88' lang='lat' dir='ltr'><strong>fraudem</strong></span> <span class='ocrx_word' id='word_1_100' title='bbox 1077 1724 1189 1779; x_wconf 87' lang='lat' dir='ltr'><strong>recon-</strong></span> 
     </span>
     <span class='ocr_line' id='line_1_14' title="bbox 57 1825 1188 1910; baseline 0.001 -17"><span class='ocrx_word' id='word_1_101' title='bbox 57 1825 141 1893; x_wconf 86' lang='lat' dir='ltr'><strong>dere</strong></span> <span class='ocrx_word' id='word_1_102' title='bbox 159 1834 304 1910; x_wconf 84' lang='lat' dir='ltr'><strong>possent,</strong></span> <span class='ocrx_word' id='word_1_103' title='bbox 321 1845 382 1891; x_wconf 90' lang='lat' dir='ltr'><strong>uec</strong></span> <span class='ocrx_word' id='word_1_104' title='bbox 397 1825 535 1910; x_wconf 87' lang='lat' dir='ltr'><strong>proinde</strong></span> <span class='ocrx_word' id='word_1_105' title='bbox 552 1827 619 1893; x_wconf 79' lang='lat' dir='ltr'><strong>sim</strong></span> <span class='ocrx_word' id='word_1_106' title='bbox 634 1825 676 1891; x_wconf 93' lang='lat' dir='ltr'><strong>ad</strong></span> <span class='ocrx_word' id='word_1_107' title='bbox 696 1826 901 1910; x_wconf 90' lang='lat' dir='ltr'><strong>probandum</strong></span> <span class='ocrx_word' id='word_1_108' title='bbox 916 1827 1086 1894; x_wconf 89' lang='lat' dir='ltr'><strong>haberent.</strong></span> <span class='ocrx_word' id='word_1_109' title='bbox 1106 1831 1188 1895; x_wconf 86' lang='lat' dir='ltr'><strong>Hinc</strong></span> 
     </span>
     <span class='ocr_line' id='line_1_15' title="bbox 59 1944 1187 2028; baseline 0.003 -19"><span class='ocrx_word' id='word_1_110' title='bbox 59 1944 260 2028; x_wconf 89' lang='lat' dir='ltr'><strong>populorum</strong></span> <span class='ocrx_word' id='word_1_111' title='bbox 276 1944 477 2022; x_wconf 86' lang='lat' dir='ltr'><strong>rectoribus,</strong></span> <span class='ocrx_word' id='word_1_112' title='bbox 508 1952 542 2010; x_wconf 93' lang='lat' dir='ltr'><strong>et</strong></span> <span class='ocrx_word' id='word_1_113' title='bbox 557 1945 618 2028; x_wconf 90' lang='lat' dir='ltr'><strong>ipsi</strong></span> <span class='ocrx_word' id='word_1_114' title='bbox 644 1945 742 2010; x_wconf 85' lang='lat' dir='ltr'><strong>etiam</strong></span> <span class='ocrx_word' id='word_1_115' title='bbox 764 1946 948 2010; x_wconf 81' lang='lat' dir='ltr'><strong>auctoritati</strong></span> <span class='ocrx_word' id='word_1_116' title='bbox 964 1946 1187 2012; x_wconf 81' lang='lat' dir='ltr'><strong>ecclesiastieae</strong></span> 
     </span>
     <span class='ocr_line' id='line_1_16' title="bbox 59 2057 1187 2145; baseline 0.003 -21"><span class='ocrx_word' id='word_1_117' title='bbox 59 2057 316 2143; x_wconf 83' lang='lat' dir='ltr'><strong>excogitandum</strong></span> <span class='ocrx_word' id='word_1_118' title='bbox 325 2060 398 2137; x_wconf 85' lang='lat' dir='ltr'><strong>fuit,</strong></span> <span class='ocrx_word' id='word_1_119' title='bbox 417 2078 481 2144; x_wconf 89' lang='lat' dir='ltr'><strong>qua</strong></span> <span class='ocrx_word' id='word_1_120' title='bbox 492 2061 617 2125; x_wconf 89' lang='lat' dir='ltr'><strong>ratione</strong></span> <span class='ocrx_word' id='word_1_121' title='bbox 628 2068 738 2144; x_wconf 88' lang='lat' dir='ltr'><strong>posset</strong></span> <span class='ocrx_word' id='word_1_122' title='bbox 748 2059 982 2145; x_wconf 86' lang='lat' dir='ltr'><strong>praedictorum</strong></span> <span class='ocrx_word' id='word_1_123' title='bbox 992 2063 1187 2145; x_wconf 88' lang='lat' dir='ltr'><strong>scriptorum</strong></span> 
     </span>
     <span class='ocr_line' id='line_1_17' title="bbox 59 2177 1186 2261; baseline 0.004 -20"><span class='ocrx_word' id='word_1_124' title='bbox 59 2177 232 2241; x_wconf 84' lang='lat' dir='ltr'><strong>sinceritas</strong></span> <span class='ocrx_word' id='word_1_125' title='bbox 245 2177 278 2240; x_wconf 92' lang='lat' dir='ltr'><strong>in</strong></span> <span class='ocrx_word' id='word_1_126' title='bbox 288 2183 363 2240; x_wconf 91' lang='lat' dir='ltr'><strong>tuto</strong></span> <span class='ocrx_word' id='word_1_127' title='bbox 374 2177 469 2260; x_wconf 81' lang='lat' dir='ltr'><strong>poni3</strong></span> <span class='ocrx_word' id='word_1_128' title='bbox 488 2179 533 2242; x_wconf 92' lang='lat' dir='ltr'><strong>ita</strong></span> <span class='ocrx_word' id='word_1_129' title='bbox 550 2185 586 2242; x_wconf 82' lang='lat' dir='ltr'><strong>ut</strong></span> <span class='ocrx_word' id='word_1_130' title='bbox 597 2197 637 2242; x_wconf 84' lang='lat' dir='ltr'><strong>ex</strong></span> <span class='ocrx_word' id='word_1_131' title='bbox 653 2179 740 2261; x_wconf 91' lang='lat' dir='ltr'><strong>ipsis,</strong></span> <span class='ocrx_word' id='word_1_132' title='bbox 755 2184 922 2261; x_wconf 88' lang='lat' dir='ltr'><strong>gestorum</strong></span> <span class='ocrx_word' id='word_1_133' title='bbox 935 2179 1055 2244; x_wconf 84' lang='lat' dir='ltr'><strong>veritas</strong></span> <span class='ocrx_word' id='word_1_134' title='bbox 1067 2182 1186 2245; x_wconf 86' lang='lat' dir='ltr'><strong>merito</strong></span> 
     </span>
     <span class='ocr_line' id='line_1_18' title="bbox 58 2292 1251 2381; baseline 0.003 -24"><span class='ocrx_word' id='word_1_135' title='bbox 58 2294 216 2358; x_wconf 82' lang='lat' dir='ltr'><strong>aestimari</strong></span> <span class='ocrx_word' id='word_1_136' title='bbox 230 2292 380 2358; x_wconf 88' lang='lat' dir='ltr'><strong>deberet.</strong></span> <span class='ocrx_word' id='word_1_137' title='bbox 398 2293 491 2357; x_wconf 85' lang='lat' dir='ltr'><strong>Nulla</strong></span> <span class='ocrx_word' id='word_1_138' title='bbox 507 2301 616 2358; x_wconf 90' lang='lat' dir='ltr'><strong>autem</strong></span> <span class='ocrx_word' id='word_1_139' title='bbox 631 2293 692 2357; x_wconf 88' lang='lat' dir='ltr'><strong>alia</strong></span> <span class='ocrx_word' id='word_1_140' title='bbox 711 2296 793 2359; x_wconf 88' lang='lat' dir='ltr'><strong>ratio</strong></span> <span class='ocrx_word' id='word_1_141' title='bbox 811 2294 996 2377; x_wconf 84' lang='lat' dir='ltr'><strong>aptiorvisa</strong></span> <span class='ocrx_word' id='word_1_142' title='bbox 1011 2302 1071 2374; x_wconf 85' lang='lat' dir='ltr'><strong>est,</strong></span> <span class='ocrx_word' id='word_1_143' title='bbox 1089 2314 1186 2381; x_wconf 90' lang='lat' dir='ltr'><strong>quam</strong></span> <span class='ocrx_word' id='word_1_144' title='bbox 1244 2368 1251 2377; x_wconf 44' lang='grc'><strong>,</strong></span> 
     </span>
     <span class='ocr_line' id='line_1_19' title="bbox 58 2408 1180 2494; baseline 0.004 -20"><span class='ocrx_word' id='word_1_145' title='bbox 58 2417 96 2474; x_wconf 93' lang='lat' dir='ltr'><strong>ut</strong></span> <span class='ocrx_word' id='word_1_146' title='bbox 110 2416 285 2474; x_wconf 86' lang='lat' dir='ltr'><strong>crearetur</strong></span> <span class='ocrx_word' id='word_1_147' title='bbox 313 2416 424 2474; x_wconf 88' lang='lat' dir='ltr'><strong>certus</strong></span> <span class='ocrx_word' id='word_1_148' title='bbox 443 2408 589 2475; x_wconf 81' lang='lat' dir='ltr'><strong>uirorum</strong></span> <span class='ocrx_word' id='word_1_149' title='bbox 608 2409 795 2493; x_wconf 80' lang='lat' dir='ltr'><strong>integritate</strong></span> <span class='ocrx_word' id='word_1_150' title='bbox 815 2412 1062 2494; x_wconf 88' lang='lat' dir='ltr'><strong>conspicucrum</strong></span> <span class='ocrx_word' id='word_1_151' title='bbox 1088 2412 1180 2492; x_wconf 91' lang='lat' dir='ltr'><strong>ordo,</strong></span> 
     </span>
     <span class='ocr_line' id='line_1_20' title="bbox 57 2524 1179 2610; baseline 0.004 -21"><span class='ocrx_word' id='word_1_152' title='bbox 57 2525 181 2610; x_wconf 92' lang='lat' dir='ltr'><strong>quibus</strong></span> <span class='ocrx_word' id='word_1_153' title='bbox 198 2524 355 2608; x_wconf 87' lang='lat' dir='ltr'><strong>praedicta</strong></span> <span class='ocrx_word' id='word_1_154' title='bbox 384 2525 505 2608; x_wconf 88' lang='lat' dir='ltr'><strong>scripta</strong></span> <span class='ocrx_word' id='word_1_155' title='bbox 521 2524 736 2589; x_wconf 86' lang='lat' dir='ltr'><strong>concinnandi</strong></span> <span class='ocrx_word' id='word_1_156' title='bbox 757 2524 897 2590; x_wconf 88' lang='lat' dir='ltr'><strong>officium</strong></span> <span class='ocrx_word' id='word_1_157' title='bbox 912 2524 1179 2604; x_wconf 84' lang='lat' dir='ltr'><strong>demunderetur,</strong></span> 
     </span>
     <span class='ocr_line' id='line_1_21' title="bbox 57 2639 1184 2728; baseline 0.004 -23"><span class='ocrx_word' id='word_1_158' title='bbox 57 2649 94 2706; x_wconf 91' lang='lat' dir='ltr'><strong>et</strong></span> <span class='ocrx_word' id='word_1_159' title='bbox 110 2659 252 2725; x_wconf 90' lang='lat' dir='ltr'><strong>quorum</strong></span> <span class='ocrx_word' id='word_1_160' title='bbox 264 2641 309 2705; x_wconf 90' lang='lat' dir='ltr'><strong>sic</strong></span> <span class='ocrx_word' id='word_1_161' title='bbox 320 2639 443 2722; x_wconf 90' lang='lat' dir='ltr'><strong>scripto</strong></span> <span class='ocrx_word' id='word_1_162' title='bbox 457 2640 642 2706; x_wconf 89' lang='lat' dir='ltr'><strong>testimonio</strong></span> <span class='ocrx_word' id='word_1_163' title='bbox 654 2640 750 2724; x_wconf 93' lang='lat' dir='ltr'><strong>plena</strong></span> <span class='ocrx_word' id='word_1_164' title='bbox 768 2640 852 2706; x_wconf 89' lang='lat' dir='ltr'><strong>fides</strong></span> <span class='ocrx_word' id='word_1_165' title='bbox 874 2640 1024 2707; x_wconf 88' lang='lat' dir='ltr'><strong>habenda</strong></span> <span class='ocrx_word' id='word_1_166' title='bbox 1039 2643 1184 2728; x_wconf 86' lang='lat' dir='ltr'><strong>injunge-</strong></span> 
     </span>
     <span class='ocr_line' id='line_1_22' title="bbox 57 2756 1181 2842; baseline 0 -20"><span class='ocrx_word' id='word_1_167' title='bbox 57 2763 167 2822; x_wconf 87' lang='lat' dir='ltr'><strong>retur.</strong></span> <span class='ocrx_word' id='word_1_168' title='bbox 189 2757 272 2821; x_wconf 89' lang='lat' dir='ltr'><strong>Hinc</strong></span> <span class='ocrx_word' id='word_1_169' title='bbox 299 2758 405 2841; x_wconf 89' lang='lat' dir='ltr'><strong>palam</strong></span> <span class='ocrx_word' id='word_1_170' title='bbox 433 2757 472 2828; x_wconf 87' lang='lat' dir='ltr'><strong>fit</strong></span> <span class='ocrx_word' id='word_1_171' title='bbox 497 2756 678 2842; x_wconf 90' lang='lat' dir='ltr'><strong>quomodo,</strong></span> <span class='ocrx_word' id='word_1_172' title='bbox 710 2757 776 2823; x_wconf 83' lang='lat' dir='ltr'><strong>sive</strong></span> <span class='ocrx_word' id='word_1_173' title='bbox 807 2759 841 2821; x_wconf 94' lang='lat' dir='ltr'><strong>in</strong></span> <span class='ocrx_word' id='word_1_174' title='bbox 866 2759 1028 2835; x_wconf 86' lang='lat' dir='ltr'><strong>Ecclesia,</strong></span> <span class='ocrx_word' id='word_1_175' title='bbox 1057 2758 1181 2825; x_wconf 82' lang='lat' dir='ltr'><strong>sivein</strong></span> 
     </span>
     <span class='ocr_line' id='line_1_23' title="bbox 57 2874 1184 2961; baseline 0.001 -20"><span class='ocrx_word' id='word_1_176' title='bbox 57 2874 273 2941; x_wconf 88' lang='lat' dir='ltr'><strong>societatibus</strong></span> <span class='ocrx_word' id='word_1_177' title='bbox 288 2874 448 2953; x_wconf 66' lang='lat' dir='ltr'><strong>civilibus</strong></span> <span class='ocrx_word' id='word_1_178' title='bbox 470 2882 538 2940; x_wconf 89' lang='lat' dir='ltr'><strong>tota</strong></span> <span class='ocrx_word' id='word_1_179' title='bbox 550 2875 633 2952; x_wconf 86' lang='lat' dir='ltr'><strong>fere,</strong></span> <span class='ocrx_word' id='word_1_180' title='bbox 653 2876 738 2940; x_wconf 88' lang='lat' dir='ltr'><strong>circa</strong></span> <span class='ocrx_word' id='word_1_181' title='bbox 757 2883 849 2959; x_wconf 87' lang='lat' dir='ltr'><strong>gesta</strong></span> <span class='ocrx_word' id='word_1_182' title='bbox 869 2895 940 2961; x_wconf 85' lang='lat' dir='ltr'><strong>quae</strong></span> <span class='ocrx_word' id='word_1_183' title='bbox 958 2875 1065 2960; x_wconf 86' lang='lat' dir='ltr'><strong>adjus</strong></span> <span class='ocrx_word' id='word_1_184' title='bbox 1081 2879 1184 2961; x_wconf 88' lang='lat' dir='ltr'><strong>perti-</strong></span> 
     </span>
     <span class='ocr_line' id='line_1_24' title="bbox 48 2989 1182 3076; baseline 0.003 -21"><span class='ocrx_word' id='word_1_185' title='bbox 48 2997 152 3069; x_wconf 87' lang='lat' dir='ltr'><strong>nent,</strong></span> <span class='ocrx_word' id='word_1_186' title='bbox 161 2989 248 3055; x_wconf 89' lang='lat' dir='ltr'><strong>fides</strong></span> <span class='ocrx_word' id='word_1_187' title='bbox 259 2990 459 3056; x_wconf 86' lang='lat' dir='ltr'><strong>notariorum</strong></span> <span class='ocrx_word' id='word_1_188' title='bbox 467 2991 653 3074; x_wconf 88' lang='lat' dir='ltr'><strong>integritate</strong></span> <span class='ocrx_word' id='word_1_189' title='bbox 664 2999 697 3056; x_wconf 89' lang='lat' dir='ltr'><strong>et</strong></span> <span class='ocrx_word' id='word_1_190' title='bbox 709 2992 869 3074; x_wconf 87' lang='lat' dir='ltr'><strong>scriptura</strong></span> <span class='ocrx_word' id='word_1_191' title='bbox 881 2992 1025 3076; x_wconf 89' lang='lat' dir='ltr'><strong>nitatur;</strong></span> <span class='ocrx_word' id='word_1_192' title='bbox 1042 2992 1182 3058; x_wconf 87' lang='lat' dir='ltr'><strong>acsimui</strong></span> 
     </span>
     <span class='ocr_line' id='line_1_25' title="bbox 56 3105 1182 3191; baseline 0.004 -21"><span class='ocrx_word' id='word_1_193' title='bbox 56 3107 217 3190; x_wconf 89' lang='lat' dir='ltr'><strong>pleraque</strong></span> <span class='ocrx_word' id='word_1_194' title='bbox 229 3105 394 3171; x_wconf 88' lang='lat' dir='ltr'><strong>hominum</strong></span> <span class='ocrx_word' id='word_1_195' title='bbox 405 3105 489 3190; x_wconf 87' lang='lat' dir='ltr'><strong>jura,</strong></span> <span class='ocrx_word' id='word_1_196' title='bbox 510 3108 770 3191; x_wconf 88' lang='lat' dir='ltr'><strong>praecipuusque,</strong></span> <span class='ocrx_word' id='word_1_197' title='bbox 783 3115 855 3172; x_wconf 90' lang='lat' dir='ltr'><strong>tum</strong></span> <span class='ocrx_word' id='word_1_198' title='bbox 866 3116 984 3181; x_wconf 69' lang='lat' dir='ltr'><strong>sacrae,</strong></span> <span class='ocrx_word' id='word_1_199' title='bbox 995 3116 1066 3173; x_wconf 89' lang='lat' dir='ltr'><strong>tum</strong></span> <span class='ocrx_word' id='word_1_200' title='bbox 1085 3127 1182 3174; x_wconf 85' lang='lat' dir='ltr'><strong>saecu·</strong></span> 
     </span>
     <span class='ocr_line' id='line_1_26' title="bbox 56 3219 1181 3299; baseline 0.006 -14"><span class='ocrx_word' id='word_1_201' title='bbox 56 3222 140 3287; x_wconf 90' lang='lat' dir='ltr'><strong>laris</strong></span> <span class='ocrx_word' id='word_1_202' title='bbox 164 3223 328 3287; x_wconf 88' lang='lat' dir='ltr'><strong>societatis</strong></span> <span class='ocrx_word' id='word_1_203' title='bbox 355 3219 451 3299; x_wconf 90' lang='lat' dir='ltr'><strong>ordo,</strong></span> <span class='ocrx_word' id='word_1_204' title='bbox 481 3221 672 3286; x_wconf 88' lang='lat' dir='ltr'><strong>eorumdem</strong></span> <span class='ocrx_word' id='word_1_205' title='bbox 697 3224 896 3288; x_wconf 84' lang='lat' dir='ltr'><strong>notariorum</strong></span> <span class='ocrx_word' id='word_1_206' title='bbox 920 3225 1121 3291; x_wconf 90' lang='lat' dir='ltr'><strong>institutione</strong></span> <span class='ocrx_word' id='word_1_207' title='bbox 1148 3233 1181 3292; x_wconf 89' lang='lat' dir='ltr'><strong>et</strong></span> 
     </span>
     <span class='ocr_line' id='line_1_27' title="bbox 58 3336 1182 3423; baseline 0.004 -21"><span class='ocrx_word' id='word_1_208' title='bbox 58 3337 169 3402; x_wconf 89' lang='lat' dir='ltr'><strong>officio</strong></span> <span class='ocrx_word' id='word_1_209' title='bbox 193 3337 377 3402; x_wconf 85' lang='lat' dir='ltr'><strong>firmentur.</strong></span> <span class='ocrx_word' id='word_1_210' title='bbox 398 3336 495 3418; x_wconf 86' lang='lat' dir='ltr'><strong>Quod</strong></span> <span class='ocrx_word' id='word_1_211' title='bbox 520 3336 657 3419; x_wconf 88' lang='lat' dir='ltr'><strong>proinde</strong></span> <span class='ocrx_word' id='word_1_212' title='bbox 680 3356 798 3403; x_wconf 89' lang='lat' dir='ltr'><strong>munus</strong></span> <span class='ocrx_word' id='word_1_213' title='bbox 820 3358 917 3423; x_wconf 89' lang='lat' dir='ltr'><strong>quarn</strong></span> <span class='ocrx_word' id='word_1_214' title='bbox 941 3340 1048 3406; x_wconf 88' lang='lat' dir='ltr'><strong>nobile</strong></span> <span class='ocrx_word' id='word_1_215' title='bbox 1077 3340 1182 3408; x_wconf 88' lang='lat' dir='ltr'><strong>videri</strong></span> 
     </span>
     <span class='ocr_line' id='line_1_28' title="bbox 57 3453 1178 3539; baseline 0.004 -20"><span class='ocrx_word' id='word_1_216' title='bbox 57 3453 203 3531; x_wconf 88' lang='lat' dir='ltr'><strong>debeat,</strong></span> <span class='ocrx_word' id='word_1_217' title='bbox 228 3471 390 3538; x_wconf 87' lang='lat' dir='ltr'><strong>quamque</strong></span> <span class='ocrx_word' id='word_1_218' title='bbox 406 3453 512 3536; x_wconf 85' lang='lat' dir='ltr'><strong>dignis</strong></span> <span class='ocrx_word' id='word_1_219' title='bbox 533 3461 568 3518; x_wconf 90' lang='lat' dir='ltr'><strong>et</strong></span> <span class='ocrx_word' id='word_1_220' title='bbox 584 3455 706 3520; x_wconf 84' lang='lat' dir='ltr'><strong>virtute</strong></span> <span class='ocrx_word' id='word_1_221' title='bbox 720 3456 898 3538; x_wconf 84' lang='lat' dir='ltr'><strong>insignibus</strong></span> <span class='ocrx_word' id='word_1_222' title='bbox 915 3458 992 3522; x_wconf 88' lang='lat' dir='ltr'><strong>viris</strong></span> <span class='ocrx_word' id='word_1_223' title='bbox 1010 3460 1178 3539; x_wconf 90' lang='lat' dir='ltr'><strong>committi,</strong></span> 
     </span>
     <span class='ocr_line' id='line_1_29' title="bbox 56 3545 1182 3659; baseline 0.005 -24"><span class='ocrx_word' id='word_1_224' title='bbox 56 3570 144 3638; x_wconf 89' lang='lat' dir='ltr'><strong>adeo</strong></span> <span class='ocrx_word' id='word_1_225' title='bbox 158 3545 253 3659; x_wconf 73' lang='lat' dir='ltr'><strong>facile</strong></span> <span class='ocrx_word' id='word_1_226' title='bbox 269 3577 370 3653; x_wconf 89' lang='lat' dir='ltr'><strong>patet,</strong></span> <span class='ocrx_word' id='word_1_227' title='bbox 387 3576 425 3634; x_wconf 95' lang='lat' dir='ltr'><strong>ut</strong></span> <span class='ocrx_word' id='word_1_228' title='bbox 443 3569 538 3652; x_wconf 90' lang='lat' dir='ltr'><strong>plane</strong></span> <span class='ocrx_word' id='word_1_229' title='bbox 553 3589 831 3654; x_wconf 87' lang='lat' dir='ltr'><strong>supervacaneum</strong></span> <span class='ocrx_word' id='word_1_230' title='bbox 847 3575 889 3638; x_wconf 93' lang='lat' dir='ltr'><strong>sit</strong></span> <span class='ocrx_word' id='word_1_231' title='bbox 904 3574 1070 3641; x_wconf 87' lang='lat' dir='ltr'><strong>evolvere.</strong></span> <span class='ocrx_word' id='word_1_232' title='bbox 1092 3577 1182 3642; x_wconf 83' lang='lat' dir='ltr'><strong>illius</strong></span> 
     </span>
     <span class='ocr_line' id='line_1_30' title="bbox 57 3683 1181 3770; baseline 0.006 -20"><span class='ocrx_word' id='word_1_233' title='bbox 57 3706 143 3753; x_wconf 81' lang='lat' dir='ltr'><strong>vero</strong></span> <span class='ocrx_word' id='word_1_234' title='bbox 159 3685 372 3750; x_wconf 91' lang='lat' dir='ltr'><strong>institutionis</strong></span> <span class='ocrx_word' id='word_1_235' title='bbox 387 3683 520 3750; x_wconf 83' lang='lat' dir='ltr'><strong>exordia</strong></span> <span class='ocrx_word' id='word_1_236' title='bbox 546 3704 801 3770; x_wconf 88' lang='lat' dir='ltr'><strong>progressusque</strong></span> <span class='ocrx_word' id='word_1_237' title='bbox 818 3695 852 3752; x_wconf 88' lang='lat' dir='ltr'><strong>et</strong></span> <span class='ocrx_word' id='word_1_238' title='bbox 868 3690 973 3753; x_wconf 83' lang='lat' dir='ltr'><strong>varias</strong></span> <span class='ocrx_word' id='word_1_239' title='bbox 990 3691 1088 3767; x_wconf 88' lang='lat' dir='ltr'><strong>vices,</strong></span> <span class='ocrx_word' id='word_1_240' title='bbox 1111 3700 1181 3757; x_wconf 89' lang='lat' dir='ltr'><strong>tum</strong></span> 
     </span>
     <span class='ocr_line' id='line_1_31' title="bbox 57 3799 1182 3888; baseline 0.003 -19"><span class='ocrx_word' id='word_1_241' title='bbox 57 3802 151 3888; x_wconf 89' lang='lat' dir='ltr'><strong>apud</strong></span> <span class='ocrx_word' id='word_1_242' title='bbox 174 3802 424 3878; x_wconf 86' lang='lat' dir='ltr'><strong>ecclesiasticus,</strong></span> <span class='ocrx_word' id='word_1_243' title='bbox 451 3808 522 3866; x_wconf 90' lang='lat' dir='ltr'><strong>tum</strong></span> <span class='ocrx_word' id='word_1_244' title='bbox 538 3799 626 3884; x_wconf 85' lang='lat' dir='ltr'><strong>apud</strong></span> <span class='ocrx_word' id='word_1_245' title='bbox 650 3801 821 3868; x_wconf 78' lang='lat' dir='ltr'><strong>steculares</strong></span> <span class='ocrx_word' id='word_1_246' title='bbox 843 3805 959 3883; x_wconf 89' lang='lat' dir='ltr'><strong>curias,</strong></span> <span class='ocrx_word' id='word_1_247' title='bbox 978 3805 1006 3870; x_wconf 92' lang='lat' dir='ltr'><strong>si</strong></span> <span class='ocrx_word' id='word_1_248' title='bbox 1024 3807 1182 3872; x_wconf 84' lang='lat' dir='ltr'><strong>vellemus</strong></span> 
     </span>
     <span class='ocr_line' id='line_1_32' title="bbox 56 3915 1181 4003; baseline 0.004 -18"><span class='ocrx_word' id='word_1_249' title='bbox 56 3919 213 3985; x_wconf 90' lang='lat' dir='ltr'><strong>historice</strong></span> <span class='ocrx_word' id='word_1_250' title='bbox 241 3917 440 4000; x_wconf 86' lang='lat' dir='ltr'><strong>perscrutari</strong></span> <span class='ocrx_word' id='word_1_251' title='bbox 468 3922 501 3980; x_wconf 92' lang='lat' dir='ltr'><strong>et</strong></span> <span class='ocrx_word' id='word_1_252' title='bbox 526 3915 724 3995; x_wconf 89' lang='lat' dir='ltr'><strong>describere,</strong></span> <span class='ocrx_word' id='word_1_253' title='bbox 750 3923 843 3983; x_wconf 87' lang='lat' dir='ltr'><strong>extra</strong></span> <span class='ocrx_word' id='word_1_254' title='bbox 860 3937 994 4002; x_wconf 90' lang='lat' dir='ltr'><strong>scopum</strong></span> <span class='ocrx_word' id='word_1_255' title='bbox 1011 3923 1181 4003; x_wconf 75' lang='lat' dir='ltr'><strong>,presentis</strong></span> 
     </span>
     <span class='ocr_line' id='line_1_33' title="bbox 56 4031 1181 4122; baseline 0.001 -19"><span class='ocrx_word' id='word_1_256' title='bbox 56 4041 223 4104; x_wconf 88' lang='lat' dir='ltr'><strong>tractatus</strong></span> <span class='ocrx_word' id='word_1_257' title='bbox 232 4033 348 4118; x_wconf 87' lang='lat' dir='ltr'><strong>procul</strong></span> <span class='ocrx_word' id='word_1_258' title='bbox 356 4031 572 4099; x_wconf 86' lang='lat' dir='ltr'><strong>traheremur.</strong></span> <span class='ocrx_word' id='word_1_259' title='bbox 580 4031 677 4098; x_wconf 85' lang='lat' dir='ltr'><strong>Unde</strong></span> <span class='ocrx_word' id='word_1_260' title='bbox 693 4032 736 4099; x_wconf 89' lang='lat' dir='ltr'><strong>ad</strong></span> <span class='ocrx_word' id='word_1_261' title='bbox 745 4033 902 4112; x_wconf 85' lang='lat' dir='ltr'><strong>eruditos,</strong></span> <span class='ocrx_word' id='word_1_262' title='bbox 914 4038 970 4118; x_wconf 88' lang='lat' dir='ltr'><strong>qui</strong></span> <span class='ocrx_word' id='word_1_263' title='bbox 981 4039 1181 4122; x_wconf 78' lang='lat' dir='ltr'><strong>ert-professo</strong></span> 
     </span>
     <span class='ocr_line' id='line_1_34' title="bbox 56 4147 1181 4240; baseline 0.005 -23"><span class='ocrx_word' id='word_1_264' title='bbox 56 4152 275 4240; x_wconf 81' lang='lat' dir='ltr'><strong>quaestionem</strong></span> <span class='ocrx_word' id='word_1_265' title='bbox 287 4149 370 4214; x_wconf 85' lang='lat' dir='ltr'><strong>banc</strong></span> <span class='ocrx_word' id='word_1_266' title='bbox 396 4155 552 4214; x_wconf 86' lang='lat' dir='ltr'><strong>vocarunt</strong></span> <span class='ocrx_word' id='word_1_267' title='bbox 567 4147 609 4214; x_wconf 91' lang='lat' dir='ltr'><strong>ad</strong></span> <span class='ocrx_word' id='word_1_268' title='bbox 625 4149 741 4228; x_wconf 88' lang='lat' dir='ltr'><strong>crisim,</strong></span> <span class='ocrx_word' id='word_1_269' title='bbox 764 4151 858 4216; x_wconf 84' lang='lat' dir='ltr'><strong>verbi</strong></span> <span class='ocrx_word' id='word_1_270' title='bbox 877 4153 990 4234; x_wconf 84' lang='lat' dir='ltr'><strong>gratia,</strong></span> <span class='ocrx_word' id='word_1_271' title='bbox 1009 4153 1051 4220; x_wconf 89' lang='lat' dir='ltr'><strong>ad</strong></span> <span class='ocrx_word' id='word_1_272' title='bbox 1064 4159 1181 4223; x_wconf 84' lang='lat' dir='ltr'><strong>Zacca·</strong></span> 
     </span>
     <span class='ocr_line' id='line_1_35' title="bbox 56 4260 1182 4357; baseline 0.004 -22"><span class='ocrx_word' id='word_1_273' title='bbox 56 4271 141 4335; x_wconf 89' lang='lat' dir='ltr'><strong>riam</strong></span> <span class='ocrx_word' id='word_1_274' title='bbox 161 4268 310 4356; x_wconf 76' lang='lat' dir='ltr'><strong>(Dissert.</strong></span> <span class='ocrx_word' id='word_1_275' title='bbox 333 4269 365 4342; x_wconf 87' lang='lat'><strong>9,</strong></span> <span class='ocrx_word' id='word_1_276' title='bbox 387 4268 424 4327; x_wconf 88' lang='lat' dir='ltr'><strong>de</strong></span> <span class='ocrx_word' id='word_1_277' title='bbox 444 4268 579 4329; x_wconf 82' lang='lat' dir='ltr'><strong>Notarits</strong></span> <span class='ocrx_word' id='word_1_278' title='bbox 608 4264 837 4350; x_wconf 83' lang='lat' dir='ltr'><strong>ecelesiasticis),</strong></span> <span class='ocrx_word' id='word_1_279' title='bbox 866 4260 991 4334; x_wconf 79' lang='lat' dir='ltr'><strong>Moruni</strong></span> <span class='ocrx_word' id='word_1_280' title='bbox 1018 4271 1182 4357; x_wconf 69' lang='lat' dir='ltr'><strong>(stottona-</strong></span> 
     </span>
     <span class='ocr_line' id='line_1_36' title="bbox 55 4361 1166 4468; baseline 0.001 -17"><span class='ocrx_word' id='word_1_281' title='bbox 55 4361 153 4468; x_wconf 78' lang='lat' dir='ltr'><strong>rinm,</strong></span> <span class='ocrx_word' id='word_1_282' title='bbox 172 4382 278 4451; x_wconf 86' lang='lat' dir='ltr'><strong>verbo</strong></span> <span class='ocrx_word' id='word_1_283' title='bbox 289 4379 427 4466; x_wconf 86' lang='lat' dir='ltr'><strong>Notoro),</strong></span> <span class='ocrx_word' id='word_1_284' title='bbox 445 4388 479 4446; x_wconf 88' lang='lat' dir='ltr'><strong>et</strong></span> <span class='ocrx_word' id='word_1_285' title='bbox 493 4380 624 4447; x_wconf 85' lang='lat' dir='ltr'><strong>aliosab</strong></span> <span class='ocrx_word' id='word_1_286' title='bbox 638 4381 686 4446; x_wconf 94' lang='lat' dir='ltr'><strong>his</strong></span> <span class='ocrx_word' id='word_1_287' title='bbox 702 4382 829 4464; x_wconf 85' lang='lat' dir='ltr'><strong>citatos,</strong></span> <span class='ocrx_word' id='word_1_288' title='bbox 848 4385 1053 4455; x_wconf 83' lang='lat' dir='ltr'><strong>remittimus.</strong></span> <span class='ocrx_word' id='word_1_289' title='bbox 1161 4436 1166 4457; x_wconf 67' lang='lat'><strong>,</strong></span> 
     </span>
    </p>
   </div>
   <div class='ocr_carea' id='block_1_3' title="bbox 0 0 1362 4980">
    <p class='ocr_par' dir='ltr' id='par_1_4' title="bbox 0 0 1362 4980">
     <span class='ocr_line' id='line_1_37' title="bbox 0 0 1362 4980; baseline 0 1"><span class='ocrx_word' id='word_1_290' title='bbox 0 0 1362 4980; x_wconf 95' lang='lat' dir='ltr'><strong> </strong></span> 
     </span>
    </p>
   </div>
  </div>
 </body>
</html>
