<?xml version="1.0" encoding="UTF-8"?>
<!DOCTYPE html PUBLIC "-//W3C//DTD XHTML 1.0 Transitional//EN"
    "http://www.w3.org/TR/xhtml1/DTD/xhtml1-transitional.dtd">
<html xmlns="http://www.w3.org/1999/xhtml" xml:lang="en" lang="en">
 <head>
  <title>
</title>
<meta http-equiv="Content-Type" content="text/html;charset=utf-8" />
  <meta name='ocr-system' content='tesseract 3.04.00' />
  <meta name='ocr-capabilities' content='ocr_page ocr_carea ocr_par ocr_line ocrx_word'/>
</head>
<body>
  <div class='ocr_page' id='page_1' title='image "./tractatusdejudi00bouigoog_0345.png"; bbox 0 0 2714 4980; ppageno 0'>
   <div class='ocr_carea' id='block_1_1' title="bbox 128 320 908 383">
    <p class='ocr_par' dir='ltr' id='par_1_1' title="bbox 128 320 908 383">
     <span class='ocr_line' id='line_1_1' title="bbox 128 320 908 383; baseline -0.005 0"><span class='ocrx_word' id='word_1_1' title='bbox 128 320 192 383; x_wconf 75' lang='lat'>332</span> <span class='ocrx_word' id='word_1_2' title='bbox 485 331 672 381; x_wconf 77' lang='lat' dir='ltr'>rascrsrus</span> <span class='ocrx_word' id='word_1_3' title='bbox 692 333 737 380; x_wconf 85' lang='lat' dir='ltr'>nn</span> <span class='ocrx_word' id='word_1_4' title='bbox 759 331 908 380; x_wconf 78' lang='lat' dir='ltr'>runicus.</span> 
     </span>
    </p>
   </div>
   <div class='ocr_carea' id='block_1_2' title="bbox 125 451 1220 1010">
    <p class='ocr_par' dir='ltr' id='par_1_2' title="bbox 127 451 1218 661">
     <span class='ocr_line' id='line_1_2' title="bbox 127 451 1218 544; baseline -0.006 -20"><span class='ocrx_word' id='word_1_5' title='bbox 127 465 222 544; x_wconf 88' lang='lat' dir='ltr'>parte</span> <span class='ocrx_word' id='word_1_6' title='bbox 244 458 387 526; x_wconf 88' lang='lat' dir='ltr'>recusari</span> <span class='ocrx_word' id='word_1_7' title='bbox 408 463 526 542; x_wconf 91' lang='lat' dir='ltr'>potest.</span> <span class='ocrx_word' id='word_1_8' title='bbox 544 455 626 525; x_wconf 83' lang='lat' dir='ltr'>Vide</span> <span class='ocrx_word' id='word_1_9' title='bbox 645 457 724 524; x_wconf 87' lang='lat' dir='ltr'>alias</span> <span class='ocrx_word' id='word_1_10' title='bbox 744 455 916 526; x_wconf 85' lang='lat' dir='ltr'>nonnullas</span> <span class='ocrx_word' id='word_1_11' title='bbox 931 453 1141 540; x_wconf 79' lang='lat' dir='ltr'>exceptiones</span> <span class='ocrx_word' id='word_1_12' title='bbox 1153 451 1218 536; x_wconf 83' lang='lat' dir='ltr'>apud</span> 
     </span>
     <span class='ocr_line' id='line_1_3' title="bbox 127 567 1007 661; baseline -0.003 -22"><span class='ocrx_word' id='word_1_13' title='bbox 127 572 417 658; x_wconf 85' lang='lat' dir='ltr'>Schmalzgrueber</span> <span class='ocrx_word' id='word_1_14' title='bbox 433 572 478 661; x_wconf 85' lang='lat' dir='ltr'>(in</span> <span class='ocrx_word' id='word_1_15' title='bbox 490 573 543 639; x_wconf 91' lang='lat' dir='ltr'>tit.</span> <span class='ocrx_word' id='word_1_16' title='bbox 563 576 616 652; x_wconf 77' lang='lat'>23,</span> <span class='ocrx_word' id='word_1_17' title='bbox 633 573 657 638; x_wconf 92' lang='lat' dir='ltr'>l.</span> <span class='ocrx_word' id='word_1_18' title='bbox 681 578 700 641; x_wconf 77' lang='lat'>2</span> <span class='ocrx_word' id='word_1_19' title='bbox 720 571 862 652; x_wconf 81' lang='lat' dir='ltr'>decret,</span> <span class='ocrx_word' id='word_1_20' title='bbox 881 593 915 639; x_wconf 94' lang='lat' dir='ltr'>n.</span> <span class='ocrx_word' id='word_1_21' title='bbox 937 567 1007 656; x_wconf 82' lang='lat'><strong>36).</strong></span> 
     </span>
    </p>

    <p class='ocr_par' dir='ltr' id='par_1_3' title="bbox 125 689 1220 1010">
     <span class='ocr_line' id='line_1_4' title="bbox 170 689 1220 774; baseline -0.007 -18"><span class='ocrx_word' id='word_1_22' title='bbox 170 690 310 757; x_wconf 76' lang='lat' dir='ltr'>Raauns</span> <span class='ocrx_word' id='word_1_23' title='bbox 331 697 374 756; x_wconf 82' lang='lat'>7¹.</span> <span class='ocrx_word' id='word_1_24' title='bbox 393 727 440 740; x_wconf 90' lang='lat'><em>-</em></span> <span class='ocrx_word' id='word_1_25' title='bbox 453 694 505 755; x_wconf 77' lang='lat' dir='ltr'>Ea</span> <span class='ocrx_word' id='word_1_26' title='bbox 513 693 796 774; x_wconf 75' lang='lat' dir='ltr'>proemmptioas&#39;lncs</span> <span class='ocrx_word' id='word_1_27' title='bbox 814 695 894 754; x_wconf 80' lang='lat' dir='ltr'>inter</span> <span class='ocrx_word' id='word_1_28' title='bbox 912 689 1169 772; x_wconf 68' lang='lat' dir='ltr'>septemcaulinos,</span> <span class='ocrx_word' id='word_1_29' title='bbox 1182 689 1220 749; x_wconf 81' lang='lat' dir='ltr'>a·</span> 
     </span>
     <span class='ocr_line' id='line_1_5' title="bbox 127 788 1219 890; baseline -0.004 -21"><span class='ocrx_word' id='word_1_30' title='bbox 127 809 282 870; x_wconf 78' lang='lat' dir='ltr'>ditioribus</span> <span class='ocrx_word' id='word_1_31' title='bbox 299 809 439 888; x_wconf 79' lang='lat' dir='ltr'>fortiores</span> <span class='ocrx_word' id='word_1_32' title='bbox 447 810 627 890; x_wconf 75' lang='lat' dir='ltr'>prevalent.</span> <span class='ocrx_word' id='word_1_33' title='bbox 638 844 683 857; x_wconf 97' lang='lat'>—</span> <span class='ocrx_word' id='word_1_34' title='bbox 699 805 796 889; x_wconf 88' lang='lat' dir='ltr'>Quod</span> <span class='ocrx_word' id='word_1_35' title='bbox 811 788 897 873; x_wconf 65' lang='lat' dir='ltr'>videx</span> <span class='ocrx_word' id='word_1_36' title='bbox 907 805 1078 873; x_wconf 82' lang='lat' dir='ltr'>evolutum</span> <span class='ocrx_word' id='word_1_37' title='bbox 1094 799 1175 887; x_wconf 87' lang='lat' dir='ltr'>apud</span> <span class='ocrx_word' id='word_1_38' title='bbox 1187 800 1219 866; x_wconf 89' lang='lat' dir='ltr'>ci-</span> 
     </span>
     <span class='ocr_line' id='line_1_6' title="bbox 125 923 540 1010; baseline 0.002 -22"><span class='ocrx_word' id='word_1_39' title='bbox 125 930 230 989; x_wconf 88' lang='lat' dir='ltr'>tatum</span> <span class='ocrx_word' id='word_1_40' title='bbox 242 923 540 1010; x_wconf 83' lang='lat' dir='ltr'>Schmalzgrueber.</span> 
     </span>
    </p>
   </div>
   <div class='ocr_carea' id='block_1_3' title="bbox 581 1251 775 1319">
    <p class='ocr_par' dir='ltr' id='par_1_4' title="bbox 581 1251 775 1319">
     <span class='ocr_line' id='line_1_7' title="bbox 581 1251 775 1319; baseline -0.015 -1"><span class='ocrx_word' id='word_1_41' title='bbox 581 1251 714 1319; x_wconf 76' lang='lat' dir='ltr'>CAPUT</span> <span class='ocrx_word' id='word_1_42' title='bbox 737 1254 775 1317; x_wconf 83' lang='lat' dir='ltr'>V.</span> 
     </span>
    </p>
   </div>
   <div class='ocr_carea' id='block_1_4' title="bbox 524 1536 834 1586">
    <p class='ocr_par' dir='ltr' id='par_1_5' title="bbox 524 1536 834 1586">
     <span class='ocr_line' id='line_1_8' title="bbox 524 1536 834 1586; baseline -0.006 -2"><span class='ocrx_word' id='word_1_43' title='bbox 524 1540 566 1584; x_wconf 79' lang='lat' dir='ltr'>DE</span> <span class='ocrx_word' id='word_1_44' title='bbox 587 1536 834 1586; x_wconf 75' lang='lat' dir='ltr'>JUREJURANDO.</span> 
     </span>
    </p>
   </div>
   <div class='ocr_carea' id='block_1_5' title="bbox 69 1846 1229 4498">
    <p class='ocr_par' dir='ltr' id='par_1_6' title="bbox 111 1846 1227 3095">
     <span class='ocr_line' id='line_1_9' title="bbox 167 1846 1222 1934; baseline 0.002 -24"><span class='ocrx_word' id='word_1_45' title='bbox 167 1846 257 1931; x_wconf 83' lang='lat' dir='ltr'>Saepe</span> <span class='ocrx_word' id='word_1_46' title='bbox 279 1849 435 1932; x_wconf 90' lang='lat' dir='ltr'>contingit</span> <span class='ocrx_word' id='word_1_47' title='bbox 452 1857 495 1934; x_wconf 25' lang='lat' dir='ltr'>ut·</span> <span class='ocrx_word' id='word_1_48' title='bbox 502 1849 632 1934; x_wconf 85' lang='lat' dir='ltr'>litigans</span> <span class='ocrx_word' id='word_1_49' title='bbox 649 1848 848 1915; x_wconf 87' lang='lat' dir='ltr'>sufficienter</span> <span class='ocrx_word' id='word_1_50' title='bbox 867 1850 1031 1915; x_wconf 89' lang='lat' dir='ltr'>intentum</span> <span class='ocrx_word' id='word_1_51' title='bbox 1049 1866 1144 1914; x_wconf 90' lang='lat' dir='ltr'>suum</span> <span class='ocrx_word' id='word_1_52' title='bbox 1160 1865 1222 1933; x_wconf 85' lang='lat' dir='ltr'>pro</span> 
     </span>
     <span class='ocr_line' id='line_1_10' title="bbox 122 1961 1224 2050; baseline 0.002 -23"><span class='ocrx_word' id='word_1_53' title='bbox 122 1961 200 2028; x_wconf 89' lang='lat' dir='ltr'>bare</span> <span class='ocrx_word' id='word_1_54' title='bbox 216 1969 376 2048; x_wconf 81' lang='lat' dir='ltr'>nequeat:</span> <span class='ocrx_word' id='word_1_55' title='bbox 394 1983 506 2050; x_wconf 88' lang='lat' dir='ltr'>quare,</span> <span class='ocrx_word' id='word_1_56' title='bbox 524 1985 566 2032; x_wconf 91' lang='lat' dir='ltr'>ne</span> <span class='ocrx_word' id='word_1_57' title='bbox 583 1985 624 2031; x_wconf 83' lang='lat' dir='ltr'>ex</span> <span class='ocrx_word' id='word_1_58' title='bbox 639 1966 868 2050; x_wconf 89' lang='lat' dir='ltr'>probationum</span> <span class='ocrx_word' id='word_1_59' title='bbox 880 1964 1026 2043; x_wconf 84' lang='lat' dir='ltr'>delectu,</span> <span class='ocrx_word' id='word_1_60' title='bbox 1043 1963 1133 2050; x_wconf 90' lang='lat' dir='ltr'>quod</span> <span class='ocrx_word' id='word_1_61' title='bbox 1144 1982 1224 2030; x_wconf 92' lang='lat' dir='ltr'>suun</span> 
     </span>
     <span class='ocr_line' id='line_1_11' title="bbox 122 2077 1225 2166; baseline 0.002 -24"><span class='ocrx_word' id='word_1_62' title='bbox 122 2085 172 2144; x_wconf 88' lang='lat' dir='ltr'>est</span> <span class='ocrx_word' id='word_1_63' title='bbox 181 2080 307 2164; x_wconf 85' lang='lat' dir='ltr'>assequi</span> <span class='ocrx_word' id='word_1_64' title='bbox 320 2079 435 2166; x_wconf 81' lang='lat' dir='ltr'>aliquis</span> <span class='ocrx_word' id='word_1_65' title='bbox 443 2081 666 2165; x_wconf 81' lang='lat' dir='ltr'>prohibeatur,</span> <span class='ocrx_word' id='word_1_66' title='bbox 677 2082 856 2147; x_wconf 87' lang='lat' dir='ltr'>salubriter</span> <span class='ocrx_word' id='word_1_67' title='bbox 868 2083 1056 2146; x_wconf 90' lang='lat' dir='ltr'>institutum</span> <span class='ocrx_word' id='word_1_68' title='bbox 1067 2088 1129 2158; x_wconf 88' lang='lat' dir='ltr'>est,</span> <span class='ocrx_word' id='word_1_69' title='bbox 1143 2087 1179 2145; x_wconf 91' lang='lat' dir='ltr'>ut</span> <span class='ocrx_word' id='word_1_70' title='bbox 1187 2077 1225 2164; x_wconf 86' lang='lat' dir='ltr'>ju·</span> 
     </span>
     <span class='ocr_line' id='line_1_12' title="bbox 121 2195 1222 2282; baseline 0.002 -25"><span class='ocrx_word' id='word_1_71' title='bbox 121 2200 314 2272; x_wconf 85' lang='lat' dir='ltr'>ramentum,</span> <span class='ocrx_word' id='word_1_72' title='bbox 329 2195 383 2261; x_wconf 86' lang='lat' dir='ltr'>vel</span> <span class='ocrx_word' id='word_1_73' title='bbox 396 2216 416 2260; x_wconf 86' lang='lat' dir='ltr'>a</span> <span class='ocrx_word' id='word_1_74' title='bbox 431 2203 536 2279; x_wconf 90' lang='lat' dir='ltr'>parte,</span> <span class='ocrx_word' id='word_1_75' title='bbox 556 2197 610 2262; x_wconf 81' lang='lat' dir='ltr'>vel</span> <span class='ocrx_word' id='word_1_76' title='bbox 625 2216 644 2261; x_wconf 91' lang='lat' dir='ltr'>a</span> <span class='ocrx_word' id='word_1_77' title='bbox 659 2195 770 2282; x_wconf 90' lang='lat' dir='ltr'>judice</span> <span class='ocrx_word' id='word_1_78' title='bbox 788 2195 960 2263; x_wconf 87' lang='lat' dir='ltr'>deferatur</span> <span class='ocrx_word' id='word_1_79' title='bbox 976 2196 1071 2260; x_wconf 88' lang='lat' dir='ltr'>alteri</span> <span class='ocrx_word' id='word_1_80' title='bbox 1085 2195 1222 2280; x_wconf 81' lang='lat' dir='ltr'>litiganti,</span> 
     </span>
     <span class='ocr_line' id='line_1_13' title="bbox 122 2307 1225 2398; baseline 0.002 -26"><span class='ocrx_word' id='word_1_81' title='bbox 122 2308 230 2393; x_wconf 90' lang='lat' dir='ltr'>sicque</span> <span class='ocrx_word' id='word_1_82' title='bbox 241 2307 414 2377; x_wconf 78' lang='lat' dir='ltr'>decidatur</span> <span class='ocrx_word' id='word_1_83' title='bbox 422 2312 462 2377; x_wconf 91' lang='lat' dir='ltr'>lis</span> <span class='ocrx_word' id='word_1_84' title='bbox 471 2331 543 2398; x_wconf 81' lang='lat' dir='ltr'>qua</span> <span class='ocrx_word' id='word_1_85' title='bbox 555 2312 652 2378; x_wconf 89' lang='lat' dir='ltr'>aliter</span> <span class='ocrx_word' id='word_1_86' title='bbox 658 2310 766 2377; x_wconf 88' lang='lat' dir='ltr'>decidi</span> <span class='ocrx_word' id='word_1_87' title='bbox 779 2313 902 2397; x_wconf 89' lang='lat' dir='ltr'>nequit.</span> <span class='ocrx_word' id='word_1_88' title='bbox 915 2316 1020 2376; x_wconf 76' lang='lat' dir='ltr'>omnis</span> <span class='ocrx_word' id='word_1_89' title='bbox 1031 2316 1225 2375; x_wconf 77' lang='lat' dir='ltr'>controversia</span> 
     </span>
     <span class='ocr_line' id='line_1_14' title="bbox 121 2425 1226 2514; baseline 0.002 -25"><span class='ocrx_word' id='word_1_90' title='bbox 121 2425 194 2503; x_wconf 72' lang='lat' dir='ltr'>finis</span> <span class='ocrx_word' id='word_1_91' title='bbox 205 2425 261 2512; x_wconf 86' lang='lat' dir='ltr'>(ait</span> <span class='ocrx_word' id='word_1_92' title='bbox 274 2435 404 2493; x_wconf 85' lang='lat' dir='ltr'>sanctus</span> <span class='ocrx_word' id='word_1_93' title='bbox 418 2429 549 2507; x_wconf 86' lang='lat' dir='ltr'>Paulus,</span> <span class='ocrx_word' id='word_1_94' title='bbox 562 2428 605 2494; x_wconf 94' lang='lat' dir='ltr'>ad</span> <span class='ocrx_word' id='word_1_95' title='bbox 621 2429 736 2506; x_wconf 75' lang='lat' dir='ltr'>Heba,</span> <span class='ocrx_word' id='word_1_96' title='bbox 750 2431 782 2507; x_wconf 90' lang='lat'>6,</span> <span class='ocrx_word' id='word_1_97' title='bbox 800 2426 852 2514; x_wconf 84' lang='grc'>16)</span> <span class='ocrx_word' id='word_1_98' title='bbox 867 2431 909 2492; x_wconf 84' lang='lat' dir='ltr'>cd</span> <span class='ocrx_word' id='word_1_99' title='bbox 923 2430 1179 2508; x_wconf 72' lang='lat' dir='ltr'>confirmationem</span> <span class='ocrx_word' id='word_1_100' title='bbox 1191 2435 1226 2491; x_wconf 80' lang='lat' dir='ltr'>est</span> 
     </span>
     <span class='ocr_line' id='line_1_15' title="bbox 112 2543 1226 2631; baseline 0.001 -25"><span class='ocrx_word' id='word_1_101' title='bbox 112 2548 329 2627; x_wconf 67' lang='lat' dir='ltr'>juramentum.</span> <span class='ocrx_word' id='word_1_102' title='bbox 354 2544 394 2610; x_wconf 85' lang='lat' dir='ltr'>Et</span> <span class='ocrx_word' id='word_1_103' title='bbox 409 2545 502 2610; x_wconf 85' lang='lat' dir='ltr'>Caius</span> <span class='ocrx_word' id='word_1_104' title='bbox 514 2544 767 2629; x_wconf 88' lang='lat' dir='ltr'>jurisconsultus</span> <span class='ocrx_word' id='word_1_105' title='bbox 792 2544 874 2631; x_wconf 90' lang='lat' dir='ltr'>(lege</span> <span class='ocrx_word' id='word_1_106' title='bbox 900 2549 1072 2609; x_wconf 67' lang='lat' dir='ltr'>Mammam</span> <span class='ocrx_word' id='word_1_107' title='bbox 1094 2545 1123 2622; x_wconf 89' lang='grc'>1,</span> <span class='ocrx_word' id='word_1_108' title='bbox 1142 2543 1174 2608; x_wconf 80' lang='lat' dir='ltr'>ff.</span> <span class='ocrx_word' id='word_1_109' title='bbox 1196 2545 1226 2607; x_wconf 76' lang='lat' dir='ltr'>de</span> 
     </span>
     <span class='ocr_line' id='line_1_16' title="bbox 119 2656 1226 2744; baseline -0.002 -20"><span class='ocrx_word' id='word_1_110' title='bbox 119 2656 229 2744; x_wconf 82' lang='lat' dir='ltr'>Jarej.)</span> <span class='ocrx_word' id='word_1_111' title='bbox 245 2681 251 2724; x_wconf 93' lang='lat'><strong>:</strong></span> <span class='ocrx_word' id='word_1_112' title='bbox 268 2663 437 2724; x_wconf 68' lang='lat' dir='ltr'>Mammam</span> <span class='ocrx_word' id='word_1_113' title='bbox 451 2665 613 2725; x_wconf 84' lang='lat' dir='ltr'>remedium</span> <span class='ocrx_word' id='word_1_114' title='bbox 627 2662 882 2743; x_wconf 70' lang='lat' dir='ltr'>expediendorum</span> <span class='ocrx_word' id='word_1_115' title='bbox 896 2662 996 2723; x_wconf 83' lang='lat' dir='ltr'>litium</span> <span class='ocrx_word' id='word_1_116' title='bbox 1008 2667 1042 2724; x_wconf 80' lang='lat' dir='ltr'>in</span> <span class='ocrx_word' id='word_1_117' title='bbox 1055 2680 1144 2724; x_wconf 84' lang='lat' dir='ltr'>asum</span> <span class='ocrx_word' id='word_1_118' title='bbox 1156 2666 1226 2723; x_wconf 83' lang='lat' dir='ltr'>ueait</span> 
     </span>
     <span class='ocr_line' id='line_1_17' title="bbox 111 2773 1225 2861; baseline -0.001 -20"><span class='ocrx_word' id='word_1_119' title='bbox 111 2780 319 2861; x_wconf 79' lang='lat' dir='ltr'>jurisjurandi</span> <span class='ocrx_word' id='word_1_120' title='bbox 332 2780 449 2860; x_wconf 69' lang='lat' dir='ltr'>religio.</span> <span class='ocrx_word' id='word_1_121' title='bbox 466 2778 549 2843; x_wconf 87' lang='lat' dir='ltr'>Hinc</span> <span class='ocrx_word' id='word_1_122' title='bbox 563 2798 604 2844; x_wconf 90' lang='lat' dir='ltr'>ne</span> <span class='ocrx_word' id='word_1_123' title='bbox 617 2784 735 2843; x_wconf 87' lang='lat' dir='ltr'>trunca</span> <span class='ocrx_word' id='word_1_124' title='bbox 750 2784 916 2843; x_wconf 89' lang='lat' dir='ltr'>remaneat</span> <span class='ocrx_word' id='word_1_125' title='bbox 933 2774 975 2841; x_wconf 92' lang='lat' dir='ltr'>de</span> <span class='ocrx_word' id='word_1_126' title='bbox 987 2773 1121 2860; x_wconf 86' lang='lat' dir='ltr'>judiciis</span> <span class='ocrx_word' id='word_1_127' title='bbox 1134 2775 1225 2842; x_wconf 84' lang='lat' dir='ltr'>eccle</span> 
     </span>
     <span class='ocr_line' id='line_1_18' title="bbox 119 2891 1227 2980; baseline 0.001 -23"><span class='ocrx_word' id='word_1_128' title='bbox 119 2892 254 2958; x_wconf 85' lang='lat' dir='ltr'>siasticis</span> <span class='ocrx_word' id='word_1_129' title='bbox 275 2893 437 2973; x_wconf 88' lang='lat' dir='ltr'>tractatio,</span> <span class='ocrx_word' id='word_1_130' title='bbox 456 2892 687 2977; x_wconf 82' lang='lat' dir='ltr'>exponendum</span> <span class='ocrx_word' id='word_1_131' title='bbox 706 2894 803 2960; x_wconf 84' lang='lat' dir='ltr'>etiam</span> <span class='ocrx_word' id='word_1_132' title='bbox 820 2899 870 2959; x_wconf 90' lang='lat' dir='ltr'>est</span> <span class='ocrx_word' id='word_1_133' title='bbox 888 2892 1035 2978; x_wconf 86' lang='lat' dir='ltr'>quisnam</span> <span class='ocrx_word' id='word_1_134' title='bbox 1050 2891 1094 2958; x_wconf 86' lang='lat' dir='ltr'>sit</span> <span class='ocrx_word' id='word_1_135' title='bbox 1110 2899 1144 2958; x_wconf 88' lang='lat' dir='ltr'>et</span> <span class='ocrx_word' id='word_1_136' title='bbox 1158 2911 1227 2980; x_wconf 83' lang='lat' dir='ltr'>quo</span> 
     </span>
     <span class='ocr_line' id='line_1_19' title="bbox 119 3006 1024 3095; baseline -0.001 -21"><span class='ocrx_word' id='word_1_137' title='bbox 119 3006 216 3075; x_wconf 92' lang='lat' dir='ltr'>modo</span> <span class='ocrx_word' id='word_1_138' title='bbox 232 3009 403 3094; x_wconf 83' lang='lat' dir='ltr'>regulatur</span> <span class='ocrx_word' id='word_1_139' title='bbox 413 3009 628 3095; x_wconf 87' lang='lat' dir='ltr'>jurisjurandi</span> <span class='ocrx_word' id='word_1_140' title='bbox 644 3012 678 3075; x_wconf 91' lang='lat' dir='ltr'>in</span> <span class='ocrx_word' id='word_1_141' title='bbox 696 3030 733 3076; x_wconf 89' lang='lat' dir='ltr'>re</span> <span class='ocrx_word' id='word_1_142' title='bbox 747 3008 917 3095; x_wconf 90' lang='lat' dir='ltr'>judiciaria</span> <span class='ocrx_word' id='word_1_143' title='bbox 934 3026 1024 3074; x_wconf 88' lang='lat' dir='ltr'>usus.</span> 
     </span>
    </p>

    <p class='ocr_par' dir='ltr' id='par_1_7' title="bbox 69 3100 1229 4352">
     <span class='ocr_line' id='line_1_20' title="bbox 163 3100 1225 3210; baseline 0.001 -19"><span class='ocrx_word' id='word_1_144' title='bbox 163 3125 313 3206; x_wconf 72' lang='lat' dir='ltr'>Qumsmo</span> <span class='ocrx_word' id='word_1_145' title='bbox 338 3129 379 3190; x_wconf 88' lang='lat'>1·.</span> <span class='ocrx_word' id='word_1_146' title='bbox 398 3162 444 3175; x_wconf 91' lang='lat'>—</span> <span class='ocrx_word' id='word_1_147' title='bbox 456 3130 538 3207; x_wconf 81' lang='lat' dir='ltr'>Quid</span> <span class='ocrx_word' id='word_1_148' title='bbox 554 3134 584 3190; x_wconf 85' lang='lat' dir='ltr'>ct</span> <span class='ocrx_word' id='word_1_149' title='bbox 596 3129 759 3210; x_wconf 77' lang='lat' dir='ltr'>quotuplec</span> <span class='ocrx_word' id='word_1_150' title='bbox 770 3132 812 3189; x_wconf 82' lang='lat' dir='ltr'>sit</span> <span class='ocrx_word' id='word_1_151' title='bbox 820 3100 1053 3209; x_wconf 75' lang='lat' dir='ltr'>juramentum?</span> <span class='ocrx_word' id='word_1_152' title='bbox 1065 3162 1112 3177; x_wconf 95' lang='lat'><em>-</em></span> <span class='ocrx_word' id='word_1_153' title='bbox 1123 3127 1150 3192; x_wconf 89' lang='lat'>1.</span> <span class='ocrx_word' id='word_1_154' title='bbox 1168 3127 1225 3192; x_wconf 88' lang='lat' dir='ltr'>De·</span> 
     </span>
     <span class='ocr_line' id='line_1_21' title="bbox 69 3239 1227 3326; baseline -0.001 -19"><span class='ocrx_word' id='word_1_155' title='bbox 69 3257 71 3262; x_wconf 81' lang='grc'><strong>’</strong></span> <span class='ocrx_word' id='word_1_156' title='bbox 119 3239 205 3307; x_wconf 86' lang='lat' dir='ltr'>finiri</span> <span class='ocrx_word' id='word_1_157' title='bbox 227 3247 353 3326; x_wconf 90' lang='lat' dir='ltr'>potest,</span> <span class='ocrx_word' id='word_1_158' title='bbox 373 3247 522 3305; x_wconf 79' lang='lat' dir='ltr'>invocatio</span> <span class='ocrx_word' id='word_1_159' title='bbox 540 3246 598 3306; x_wconf 81' lang='lat' dir='ltr'>Des·</span> <span class='ocrx_word' id='word_1_160' title='bbox 615 3247 648 3305; x_wconf 82' lang='lat' dir='ltr'>in</span> <span class='ocrx_word' id='word_1_161' title='bbox 671 3247 873 3305; x_wconf 80' lang='lat' dir='ltr'>testimouium</span> <span class='ocrx_word' id='word_1_162' title='bbox 893 3243 930 3304; x_wconf 84' lang='lat' dir='ltr'>dc</span> <span class='ocrx_word' id='word_1_163' title='bbox 953 3245 1083 3304; x_wconf 82' lang='lat' dir='ltr'>veritate</span> <span class='ocrx_word' id='word_1_164' title='bbox 1104 3248 1150 3306; x_wconf 82' lang='lat' dir='ltr'>rei</span> <span class='ocrx_word' id='word_1_165' title='bbox 1171 3261 1227 3324; x_wconf 81' lang='lat' dir='ltr'>quo</span> 
     </span>
     <span class='ocr_line' id='line_1_22' title="bbox 119 3355 1226 3444; baseline 0.003 -23"><span class='ocrx_word' id='word_1_166' title='bbox 119 3364 275 3434; x_wconf 78' lang='lat' dir='ltr'>asseritur.</span> <span class='ocrx_word' id='word_1_167' title='bbox 296 3359 337 3424; x_wconf 84' lang='lat' dir='ltr'>Et</span> <span class='ocrx_word' id='word_1_168' title='bbox 354 3359 399 3423; x_wconf 88' lang='lat' dir='ltr'>ita</span> <span class='ocrx_word' id='word_1_169' title='bbox 417 3357 526 3444; x_wconf 88' lang='lat' dir='ltr'>quoad</span> <span class='ocrx_word' id='word_1_170' title='bbox 545 3375 675 3423; x_wconf 90' lang='lat' dir='ltr'>sensum</span> <span class='ocrx_word' id='word_1_171' title='bbox 693 3357 837 3441; x_wconf 82' lang='lat' dir='ltr'>theologi</span> <span class='ocrx_word' id='word_1_172' title='bbox 851 3363 886 3423; x_wconf 90' lang='lat' dir='ltr'>et</span> <span class='ocrx_word' id='word_1_173' title='bbox 901 3355 1127 3441; x_wconf 87' lang='lat' dir='ltr'>jurisconsulti</span> <span class='ocrx_word' id='word_1_174' title='bbox 1146 3376 1226 3424; x_wconf 83' lang='lat' dir='ltr'>oom-</span> 
     </span>
     <span class='ocr_line' id='line_1_23' title="bbox 118 3473 1229 3560; baseline 0 -20"><span class='ocrx_word' id='word_1_175' title='bbox 118 3475 271 3540; x_wconf 89' lang='lat' dir='ltr'>muniter.</span> <span class='ocrx_word' id='word_1_176' title='bbox 294 3473 444 3543; x_wconf 80' lang='lat' dir='ltr'>Differta</span> <span class='ocrx_word' id='word_1_177' title='bbox 461 3483 553 3553; x_wconf 81' lang='lat' dir='ltr'>voto,</span> <span class='ocrx_word' id='word_1_178' title='bbox 576 3493 642 3560; x_wconf 88' lang='lat' dir='ltr'>quo</span> <span class='ocrx_word' id='word_1_179' title='bbox 664 3493 731 3541; x_wconf 92' lang='lat' dir='ltr'>non</span> <span class='ocrx_word' id='word_1_180' title='bbox 752 3475 923 3540; x_wconf 84' lang='lat' dir='ltr'>invocatur</span> <span class='ocrx_word' id='word_1_181' title='bbox 937 3475 1027 3541; x_wconf 87' lang='lat' dir='ltr'>Deus</span> <span class='ocrx_word' id='word_1_182' title='bbox 1040 3475 1076 3540; x_wconf 90' lang='lat' dir='ltr'>in</span> <span class='ocrx_word' id='word_1_183' title='bbox 1094 3476 1229 3543; x_wconf 82' lang='lat' dir='ltr'>testimo</span> 
     </span>
     <span class='ocr_line' id='line_1_24' title="bbox 118 3574 1227 3678; baseline 0.002 -23"><span class='ocrx_word' id='word_1_184' title='bbox 118 3574 219 3669; x_wconf 88' lang='lat' dir='ltr'>nium,</span> <span class='ocrx_word' id='word_1_185' title='bbox 236 3588 295 3677; x_wconf 89' lang='lat' dir='ltr'>sed</span> <span class='ocrx_word' id='word_1_186' title='bbox 310 3592 380 3657; x_wconf 89' lang='lat' dir='ltr'>Deo</span> <span class='ocrx_word' id='word_1_187' title='bbox 396 3589 517 3678; x_wconf 89' lang='lat' dir='ltr'>aliquid</span> <span class='ocrx_word' id='word_1_188' title='bbox 535 3590 749 3676; x_wconf 89' lang='lat' dir='ltr'>promittitur.</span> <span class='ocrx_word' id='word_1_189' title='bbox 767 3589 921 3656; x_wconf 87' lang='lat' dir='ltr'>Illicitum</span> <span class='ocrx_word' id='word_1_190' title='bbox 937 3597 971 3656; x_wconf 90' lang='lat' dir='ltr'>et</span> <span class='ocrx_word' id='word_1_191' title='bbox 984 3608 1126 3675; x_wconf 87' lang='lat' dir='ltr'>pravum</span> <span class='ocrx_word' id='word_1_192' title='bbox 1145 3610 1185 3657; x_wconf 86' lang='lat' dir='ltr'>ex</span> <span class='ocrx_word' id='word_1_193' title='bbox 1198 3610 1227 3658; x_wconf 91' lang='lat' dir='ltr'>sc</span> 
     </span>
     <span class='ocr_line' id='line_1_25' title="bbox 118 3682 1228 3791; baseline 0.002 -19"><span class='ocrx_word' id='word_1_194' title='bbox 118 3726 188 3773; x_wconf 90' lang='lat' dir='ltr'>esse</span> <span class='ocrx_word' id='word_1_195' title='bbox 197 3682 420 3791; x_wconf 83' lang='lat' dir='ltr'>juramentum</span> <span class='ocrx_word' id='word_1_196' title='bbox 435 3709 660 3773; x_wconf 91' lang='lat' dir='ltr'>sustinuerunt</span> <span class='ocrx_word' id='word_1_197' title='bbox 674 3706 822 3771; x_wconf 90' lang='lat' dir='ltr'>nonnulli</span> <span class='ocrx_word' id='word_1_198' title='bbox 831 3705 990 3789; x_wconf 88' lang='lat' dir='ltr'>haeretioi;</span> <span class='ocrx_word' id='word_1_199' title='bbox 1005 3705 1065 3772; x_wconf 89' lang='lat' dir='ltr'>sed</span> <span class='ocrx_word' id='word_1_200' title='bbox 1078 3727 1098 3772; x_wconf 83' lang='lat' dir='ltr'>a</span> <span class='ocrx_word' id='word_1_201' title='bbox 1110 3708 1228 3774; x_wconf 86' lang='lat' dir='ltr'>theolo</span> 
     </span>
     <span class='ocr_line' id='line_1_26' title="bbox 83 3820 1227 3908; baseline 0.002 -21"><span class='ocrx_word' id='word_1_202' title='bbox 83 3881 86 3887; x_wconf 84' lang='grc'><em>,</em></span> <span class='ocrx_word' id='word_1_203' title='bbox 116 3824 165 3907; x_wconf 86' lang='lat' dir='ltr'>gis</span> <span class='ocrx_word' id='word_1_204' title='bbox 174 3822 356 3890; x_wconf 88' lang='lat' dir='ltr'>istiusmodi</span> <span class='ocrx_word' id='word_1_205' title='bbox 369 3842 462 3889; x_wconf 87' lang='lat' dir='ltr'>error</span> <span class='ocrx_word' id='word_1_206' title='bbox 473 3823 601 3890; x_wconf 82' lang='lat' dir='ltr'>invictis</span> <span class='ocrx_word' id='word_1_207' title='bbox 615 3823 815 3908; x_wconf 85' lang='lat' dir='ltr'>argumentis</span> <span class='ocrx_word' id='word_1_208' title='bbox 827 3820 1033 3906; x_wconf 82' lang='lat' dir='ltr'>exploditur3</span> <span class='ocrx_word' id='word_1_209' title='bbox 1050 3829 1087 3888; x_wconf 90' lang='lat' dir='ltr'>et</span> <span class='ocrx_word' id='word_1_210' title='bbox 1102 3821 1227 3889; x_wconf 90' lang='lat' dir='ltr'>demon·</span> 
     </span>
     <span class='ocr_line' id='line_1_27' title="bbox 117 3936 1227 4025; baseline -0.003 -19"><span class='ocrx_word' id='word_1_211' title='bbox 117 3945 241 4008; x_wconf 89' lang='lat' dir='ltr'>stratur</span> <span class='ocrx_word' id='word_1_212' title='bbox 252 3938 431 4025; x_wconf 84' lang='lat' dir='ltr'>juramenti</span> <span class='ocrx_word' id='word_1_213' title='bbox 448 3940 609 4019; x_wconf 89' lang='lat' dir='ltr'>honestas,</span> <span class='ocrx_word' id='word_1_214' title='bbox 627 3937 726 4005; x_wconf 83' lang='lat' dir='ltr'>modo</span> <span class='ocrx_word' id='word_1_215' title='bbox 742 3957 858 4004; x_wconf 83' lang='lat' dir='ltr'>verum</span> <span class='ocrx_word' id='word_1_216' title='bbox 874 3939 914 4002; x_wconf 91' lang='lat' dir='ltr'>sit</span> <span class='ocrx_word' id='word_1_217' title='bbox 928 3936 1017 4023; x_wconf 85' lang='lat' dir='ltr'>quod</span> <span class='ocrx_word' id='word_1_218' title='bbox 1033 3937 1182 4024; x_wconf 90' lang='lat' dir='ltr'>juratur;</span> <span class='ocrx_word' id='word_1_219' title='bbox 1198 3945 1227 4005; x_wconf 91' lang='lat' dir='ltr'>et</span> 
     </span>
     <span class='ocr_line' id='line_1_28' title="bbox 115 4053 1227 4141; baseline -0.003 -20"><span class='ocrx_word' id='word_1_220' title='bbox 115 4054 246 4141; x_wconf 88' lang='lat' dir='ltr'>juretur</span> <span class='ocrx_word' id='word_1_221' title='bbox 264 4076 306 4122; x_wconf 81' lang='lat' dir='ltr'>ex</span> <span class='ocrx_word' id='word_1_222' title='bbox 320 4055 515 4121; x_wconf 88' lang='lat' dir='ltr'>necessitate</span> <span class='ocrx_word' id='word_1_223' title='bbox 530 4057 584 4121; x_wconf 87' lang='lat' dir='ltr'>vel</span> <span class='ocrx_word' id='word_1_224' title='bbox 604 4074 678 4121; x_wconf 89' lang='lat' dir='ltr'>eum</span> <span class='ocrx_word' id='word_1_225' title='bbox 694 4054 848 4131; x_wconf 86' lang='lat' dir='ltr'>utilitate,</span> <span class='ocrx_word' id='word_1_226' title='bbox 870 4071 936 4117; x_wconf 93' lang='lat' dir='ltr'>non</span> <span class='ocrx_word' id='word_1_227' title='bbox 949 4053 1126 4138; x_wconf 87' lang='lat' dir='ltr'>inutiliter;</span> <span class='ocrx_word' id='word_1_228' title='bbox 1145 4060 1189 4133; x_wconf 88' lang='lat' dir='ltr'>et,</span> <span class='ocrx_word' id='word_1_229' title='bbox 1204 4054 1227 4118; x_wconf 87' lang='lat' dir='ltr'>si</span> 
     </span>
     <span class='ocr_line' id='line_1_29' title="bbox 113 4169 1227 4258; baseline -0.003 -21"><span class='ocrx_word' id='word_1_230' title='bbox 113 4171 334 4258; x_wconf 83' lang='lat' dir='ltr'>juramentum</span> <span class='ocrx_word' id='word_1_231' title='bbox 348 4174 390 4238; x_wconf 91' lang='lat' dir='ltr'>sit</span> <span class='ocrx_word' id='word_1_232' title='bbox 402 4171 644 4257; x_wconf 87' lang='lat' dir='ltr'>promissorium</span> <span class='ocrx_word' id='word_1_233' title='bbox 656 4219 663 4249; x_wconf 87' lang='grc'>,</span> <span class='ocrx_word' id='word_1_234' title='bbox 692 4170 902 4255; x_wconf 87' lang='lat' dir='ltr'>promittatur</span> <span class='ocrx_word' id='word_1_235' title='bbox 916 4188 969 4235; x_wconf 88' lang='lat' dir='ltr'>res</span> <span class='ocrx_word' id='word_1_236' title='bbox 991 4169 1130 4236; x_wconf 88' lang='lat' dir='ltr'>honesta</span> <span class='ocrx_word' id='word_1_237' title='bbox 1144 4177 1178 4237; x_wconf 90' lang='lat' dir='ltr'>et</span> <span class='ocrx_word' id='word_1_238' title='bbox 1192 4169 1227 4234; x_wconf 81' lang='grc' dir='ltr'>Ιί-Ι</span> 
     </span>
     <span class='ocr_line' id='line_1_30' title="bbox 118 4286 465 4352; baseline 0 0"><span class='ocrx_word' id='word_1_239' title='bbox 118 4287 191 4352; x_wconf 89' lang='lat' dir='ltr'>cita.</span> <span class='ocrx_word' id='word_1_240' title='bbox 462 4286 465 4297; x_wconf 86' lang='lat'>&#39;</span> 
     </span>
    </p>

    <p class='ocr_par' dir='ltr' id='par_1_8' title="bbox 161 4398 1222 4498">
     <span class='ocr_line' id='line_1_31' title="bbox 161 4398 1222 4498; baseline -0.007 -28"><span class='ocrx_word' id='word_1_241' title='bbox 161 4404 205 4474; x_wconf 90' lang='lat'>11.</span> <span class='ocrx_word' id='word_1_242' title='bbox 230 4403 391 4489; x_wconf 89' lang='lat' dir='ltr'>Distingui</span> <span class='ocrx_word' id='word_1_243' title='bbox 407 4402 718 4489; x_wconf 85' lang='lat' dir='ltr'>soletjuramentum</span> <span class='ocrx_word' id='word_1_244' title='bbox 731 4401 881 4478; x_wconf 79' lang='lat' dir='ltr'>invenias</span> <span class='ocrx_word' id='word_1_245' title='bbox 895 4402 1020 4498; x_wconf 81' lang='lat' dir='ltr'>species</span> <span class='ocrx_word' id='word_1_246' title='bbox 1032 4400 1094 4474; x_wconf 84' lang='lat' dir='ltr'>hoo</span> <span class='ocrx_word' id='word_1_247' title='bbox 1110 4398 1222 4466; x_wconf 90' lang='lat' dir='ltr'>modo:</span> 
     </span>
    </p>
   </div>
   <div class='ocr_carea' id='block_1_6' title="bbox 0 0 1362 4980">
    <p class='ocr_par' dir='ltr' id='par_1_9' title="bbox 0 0 1362 4980">
     <span class='ocr_line' id='line_1_32' title="bbox 0 0 1362 4980; baseline 0 0"><span class='ocrx_word' id='word_1_248' title='bbox 0 0 1362 4980; x_wconf 95' lang='lat' dir='ltr'> </span> 
     </span>
    </p>
   </div>
  </div>
 </body>
</html>
