2714 4980
146 309 186 373 10
251 355 254 359 -
477 329 665 382 raacrsros
687 331 731 382 oa
753 331 901 382 ruricus.

142 468 165 515 o
185 446 436 538 qaandadgrtur
451 450 495 534 de
509 456 643 526 crimina
653 459 793 541 notorio,
807 464 842 524 et
855 466 919 543 per
932 457 1017 524 dam
1038 459 1251 546 inquisitionis

140 584 160 624 ἀ
185 570 334 653 specialis
354 590 396 636 ex
420 570 522 639 officio
537 575 743 659 proceditur,
764 576 874 642 nullus
893 583 944 642 est
965 583 1067 643 actor.
1095 573 1249 656 Secundo,

87 778 89 782 Ι
146 715 164 741 κ
184 687 259 773 quia
274 687 445 774 aliquando
464 691 655 776 proceditur
672 712 734 778 per
755 683 840 760 viam
858 693 1073 779 inquisitionis
1094 696 1254 780 generalis

146 831 160 858 «
185 801 480 873 adinveniendum
504 809 755 889 malefactorem,
779 809 837 876 ubi
856 817 925 876 tam
942 817 1033 876 actor
1056 828 1152 896 quam
1177 827 1255 877 reus

140 945 160 973 a
185 917 307 986 deficit.
329 956 376 971 --
391 921 456 988 Sed
473 922 581 990 adhuc
602 923 787 1006 dicendum,
809 933 878 992 tres
900 927 977 991 istas
994 944 1150 1009 personas
1175 946 1255 994 vere

146 1064 160 1091 «ι
185 1043 242 1102 aut
256 1035 332 1103 ficte
348 1037 466 1118 saltem
481 1041 681 1108 intervenire
702 1043 735 1108 in
751 1044 837 1108 omui
852 1040 977 1127 judicio
990 1042 1122 1126 proprie
1137 1041 1225 1108 dicto
1245 1065 1252 1109 ε

77 1249 80 1254 .
145 1178 159 1206 α
184 1160 219 1218 at
235 1151 416 1220 ostenditur
424 1156 584 1224 solutione
596 1159 759 1224 rationum
769 1159 803 1224 in
813 1159 1011 1224 contrarium
1021 1159 1251 1242 oppositarum.

145 1298 159 1325 «
185 1267 239 1343 Aa
248 1268 418 1360 primum:
437 1293 475 1341 eo
494 1293 570 1342 casu
585 1277 688 1343 vicem
706 1276 900 1343 accusatoris
922 1276 1053 1359 supplet
1076 1275 1256 1341 notorietas

104 1434 107 1438 ι
144 1417 159 1443 «
185 1389 334 1494 criminis,
353 1391 408 1457 rel
421 1392 612 1476 praecedens
629 1393 714 1460 fama
731 1395 826 1479 eique
844 1391 1048 1459 succedanea
1058 1392 1198 1458 oriminis
1210 1392 1261 1456 in·

142 1534 169 1561 «-
186 1504 280 1572 dicia,
290 1503 343 1573 Aa
353 1505 520 1576 secuudum
532 1529 541 1576 z
553 1509 708 1596 quamdiu
717 1510 1047 1595 generalitertantum
1053 1506 1256 1592 proceditur,

143 1644 164 1676 ·«·
185 1630 220 1688 et
238 1621 281 1689 de
300 1624 435 1690 crimine
450 1626 624 1693 incertam
640 1644 811 1711 personam
823 1646 889 1692 non
901 1625 1086 1710 inquiritur,
1103 1623 1260 1710 judicium
1292 1653 1299 1666 a

145 1766 168 1794 «1
185 1756 343 1805 serenan
357 1739 457 1809 datur
471 1740 519 1828 (ut
535 1760 610 1808 cum
627 1745 774 1809 Maranta
787 1740 931 1808 advertit
946 1739 1149 1824 Pirhing,hie
1160 1756 1193 1804 n.
1210 1736 1256 1824 2);

147 1886 161 1912 a
186 1856 247 1921 rel·
262 1854 326 1922 dici
347 1862 459 1942 potest
481 1878 556 1925 cum
578 1858 700 1928 eodem
714 1858 858 1943 Pirhing,
875 1855 989 1923 adesse
1008 1855 1140 1942 quidem
1162 1856 1260 1922 etiam

105 2018 107 2024 -
146 2000 163 2030 α
186 1972 248 2040 noa
276 1992 352 2040 casu
375 1993 469 2042 reum
490 1977 644 2062 aliquem,
663 1996 729 2042 non
750 1984 861 2042 tamen
881 1981 1023 2052 certum,
1053 1972 1113 2038 sed
1138 1973 1194 2058 qui
1216 1991 1258 2037 ex

147 2117 163 2147 a
187 2088 301 2156 futuro
315 2099 437 2158 eventu
448 2079 619 2179 aliquando
635 2095 746 2159 ueniat
761 2090 1002 2159 certificandus.
1019 2119 1033 2146 a
1058 2088 1118 2177 (dd
1127 2089 1258 2155 titulum

143 2202 182 2274 da
194 2203 348 2286 dudioir'a
365 2208 440 2274 libri
455 2213 475 2275 2
492 2208 631 2290 decret,
650 2230 683 2275 u.
705 2195 774 2294 16.)

187 2324 221 2389 a.
239 2324 430 2410 Requiritur
445 2344 586 2410 persona
600 2344 671 2411 quae
686 2301 875 2411 postuletur*
884 2325 940 2390 rel
954 2342 1051 2409 poena
1072 2319 1183 2407 ple'cti,
1205 2322 1260 2387 vel

144 2436 187 2504 od
202 2437 385 2509 cedendam
399 2441 495 2508 alteri
512 2460 582 2508 rem
602 2442 742 2537 aliquam
764 2441 846 2526 cogi.
871 2440 1018 2526 Alioquin
1040 2441 1127 2504 euim
1152 2437 1261 2502 nullus

143 2563 229 2624 esset
242 2554 409 2642 injudicio
431 2563 532 2635 actor,
555 2577 592 2624 ac
611 2556 751 2642 proinde
776 2557 902 2623 nullum
931 2559 1059 2624 extaret
1075 2552 1256 2639 judicium:

144 2692 219 2740 nam
233 2675 268 2739 in
282 2674 430 2746 cinthus
449 2674 578 2762 judiciis
592 2675 701 2740 nullus
721 2681 813 2740 actor
832 2693 901 2739 esse
919 2679 1029 2757 potest
1042 2671 1103 2736 nisi
1114 2669 1260 2754 petendo

145 2790 285 2876 aliquam
307 2808 394 2871 rem,
418 2790 549 2877 aliquod
571 2791 697 2881 scilicet
716 2789 922 2856 commodum
938 2789 1006 2854 sive
1020 2786 1143 2853 bonum
1158 2807 1164 2851 :
1177 2783 1261 2850 illud

145 2910 258 2972 autem
271 2907 476 2974 commodum
488 2927 553 2973 non
562 2906 742 2992 postularat
755 2905 966 2992 judicialiter,
977 2904 1038 2969 nisi
1051 2903 1083 2968 ei
1097 2901 1138 2967 ab
1152 2901 1261 2985 aliquo

133 3006 389 3108 denegaretur:
407 3025 434 3090 si
450 3027 536 3091 enim
546 3024 655 3090 nullus
671 3024 703 3089 ei
719 3022 898 3106 denegaret
911 3019 1000 3106 quod
1010 3019 1155 3103 postulat
1174 3035 1261 3083 com-

144 3139 343 3220 modum-,eo
358 3141 492 3225 pacifice
507 3141 708 3225 turpasset,
724 3159 786 3206 uec
801 3138 843 3204 ad
860 3136 941 3204 illud
958 3132 1199 3221 impetrandum
1218 3131 1261 3197 ad

146 3255 288 3344 judicem
302 3265 501 3324 recurreret.
516 3259 602 3342 Ergo
612 3257 738 3323 nullum
753 3262 982 3340 extarepatest
993 3251 1150 3339 judicium
1166 3250 1261 3316 civile

146 3358 269 3461 alisque
283 3392 422 3459 persona
435 3393 507 3460 quac
525 3373 738 3441 denuntietur
753 3382 907 3467 tanquam
925 3372 1064 3456 aliquam
1080 3387 1151 3435 rem
1166 3368 1262 3435 alteri

144 3489 267 3577 injuste
283 3490 457 3576 denegans.
474 3488 604 3558 Pariter
618 3490 785 3578 injudicio
801 3489 956 3556 criminali
968 3488 1076 3553 nullus
1087 3493 1178 3552 actor
1191 3504 1262 3552 esse
1296 3472 1299 3476 ’

144 3612 269 3695 aaran,
286 3608 347 3674 nisi
357 3590 503 3694 aliquem·
517 3605 749 3674 denuntiando
761 3587 916 3691 tanquam
937 3603 1077 3671 criminis
1098 3612 1208 3686 reum·;
1225 3621 1261 3667 ac

14 3703 20 3715 ’
148 3722 287 3810 proinde
314 3725 440 3791 nudum
468 3725 581 3810 peragi
600 3729 710 3809 potest
732 3722 895 3789 criminale
916 3718 1084 3806 judicium,
1100 3718 1164 3784 nisi·
1178 3719 1264 3801 circa

150 3856 323 3925 personam
351 3841 491 3908 oriminis
513 3847 715 3908 accusatam,
737 3839 881 3904 Persona
908 3840 1017 3901 autem
1044 3852 1141 3920 quam
1172 3839 1264 3898 actor

152 3956 321 4025 contendit
336 3959 392 4024 rel
405 3958 528 4033 arianen
546 3965 702 4042 patrasse,
727 3955 782 4022 vel
805 3950 927 4038 aliquid
944 3951 1063 4036 injuste
1087 3949 1260 4032 denegare,

152 4092 223 4142 raas
241 4076 349 4142 vocari
369 4076 452 4142 salet
467 4095 475 4140 τ
491 4093 556 4160 quo
575 4073 704 4139 nomine
720 4054 912 4155 designatur
922 4087 961 4134 eo
971 4065 1060 4152 quod
1071 4064 1112 4131 ab
1123 4067 1195 4150 ipsa·
1206 4070 1265 4128 aut

153 4198 268 4262 contra
281 4194 456 4278 ipsam-ras,
474 4192 516 4259 de
537 4210 601 4278 qua
614 4189 807 4274 disceptatio
822 4195 882 4265 est,
899 4206 918 4252 a
937 4182 1048 4270 judice
1066 4183 1260 4268 posttdatur.

201 4309 443 4398 antequanm
464 4307 598 4376 anderu
624 4307 671 4376 ad·
692 4307 824 4394 proprie
848 4300 972 4372 dictum
1001 4297 1266 4369 constituendum

154 4413 321 4516 addam,
338 4412 699 4519 maritimarum-id
711 4431 772 4506 esc,
789 4428 828 4492 ct
841 4421 1053 4512 proferantur
1061 4419 1203 4488 redares
1216 4433 1265 4484 aa·
