2714 4980
566 312 645 360 rans
667 311 781 359 rurus.
1174 299 1232 363 261

114 456 282 505 consensu
297 436 441 520 capituli,
455 437 480 502 si
494 444 611 521 agatur
622 434 665 501 dc
682 434 782 501 rebus
795 434 971 501 mobilibus
988 455 1054 502 non
1072 439 1239 522 pretiosis3
1310 423 1313 429 ’

110 561 151 635 ct
172 571 250 618 cum
280 570 440 619 consensu
466 551 600 637 capituli
622 550 664 617 do
689 550 783 617 bonis
807 550 906 616 etiam
931 551 1158 632 immobilibus,
1184 562 1242 620 aut

110 668 292 737 mobilibus
305 668 455 752 pretiosis
468 690 476 734 :
491 674 604 735 atvero
618 675 731 735 utrum
743 667 864 752 absque
875 687 1033 734 consensu
1048 671 1181 754 capituli
1206 677 1241 737 et

111 784 186 851 aliis
206 784 466 851 solemnitalibus
479 785 581 869 possit
599 785 633 850 in
652 785 792 851 arbitros
812 785 1013 862 consentire,
1032 784 1110 851 dum
1133 787 1241 870 agitur

111 898 156 966 de
172 899 269 965 bonis
282 898 500 964 immobilibus
523 906 580 963 aut
598 897 771 964 mobilibus
797 898 957 981 pretiosis,
979 898 1068 964 iuter
1087 898 1240 977 doctores

112 1015 386 1081 controvertitur.
418 1014 608 1098 Negativam
629 1013 821 1079 sententiam
846 1021 884 1079 ut
902 1013 1156 1097 probabiliorem
1178 1014 1238 1081 de·

111 1128 223 1195 tendit
248 1127 538 1213 Schmalzgrueber
561 1129 607 1215 (in
628 1129 761 1194 titulum
781 1131 836 1206 43,
862 1128 939 1195 libri
961 1133 972 1194 l
1004 1128 1233 1208 decretalium,

111 1263 146 1311 n.
159 1242 207 1329 8).

160 1365 276 1441 Tertio,
298 1379 444 1446 quanam
463 1380 568 1428 causta
590 1362 788 1429 arbitrorum
802 1360 923 1447 judicio
943 1380 962 1426 a
982 1361 1131 1446 partibus
1149 1380 1238 1429 com-

111 1475 199 1542 mitti
215 1477 349 1560 possint.
374 1512 421 1526 -
442 1477 566 1561 Regula
589 1477 749 1561 generalis
771 1485 832 1554 est,
856 1496 949 1561 posse
969 1479 1236 1562 compromissum

110 1591 187 1659 lieri
200 1590 310 1678 quoad
323 1610 435 1658 omnes
450 1612 573 1672 cauma,
595 1612 656 1677 pro
673 1593 793 1679 quibus
811 1593 844 1657 in
860 1591 934 1678 jure
948 1592 982 1658 id
1001 1613 1067 1659 uon
1083 1593 1237 1678 prohibe·

110 1714 179 1773 tur.
196 1707 278 1772 Jure
294 1713 403 1773 autem
418 1707 616 1774 arbitrorum
627 1708 789 1773 sententia
801 1706 909 1772 dirimi
921 1727 985 1773 non
999 1710 1237 1793 permittuntur

112 1829 290 1910 sequentes
315 1842 418 1890 causa
440 1844 447 1890 :
473 1828 506 1889 1⁰
521 1829 626 1890 conse
649 1827 831 1904 criminales,
853 1825 881 1889 si
900 1825 1110 1891 criminaliter
1130 1825 1237 1891 inten-

110 1944 227 2007 tentur
241 1938 360 2026 (capite
377 1944 476 2005 ccmo
489 1945 522 2018 9,
540 1944 578 2006 dc
592 1944 631 2006 In
647 1947 798 2025 inteprnm
814 1946 1019 2019 restiturum,-
1035 1948 1069 2005 et
1082 1941 1156 2024 lege
1170 1960 1236 2007 non

110 2051 350 2138 distinguemus
364 2057 418 2135 32,
437 2054 471 2121 d.
490 2059 527 2119 cie
543 2053 702 2140 Arbitris).
727 2056 823 2121 Ratio
843 2063 904 2132 est,
922 2057 997 2141 quia
1012 2057 1145 2121 crimina
1168 2075 1234 2123 uon

109 2169 241 2254 privato
259 2170 395 2237 arbitrio
413 2171 624 2252 remittenda,
638 2171 697 2238 sed
709 2171 840 2256 publica
856 2170 1055 2238 authoritate
1072 2171 1232 2256 condigne

109 2293 185 2353 sunt
213 2285 420 2353 vindicanda.
445 2290 480 2352 2⁰
499 2292 605 2353 cansa
632 2292 873 2353 matrimoniales
897 2286 1028 2373 quando
1056 2288 1163 2371 agitur
1188 2289 1232 2355 de

109 2403 307 2470 matrimonii
321 2404 431 2470 valore
447 2406 500 2471 vel
515 2405 664 2471 nullitate
684 2405 802 2491 (capite
819 2409 917 2470 Conso
930 2409 962 2482 9,
980 2408 1017 2469 de
1030 2408 1068 2470 In
1081 2412 1232 2489 inteprnm

107 2518 327 2605 cntitntione);
349 2522 423 2606 quia
436 2541 554 2605 nempe
570 2522 743 2606 requirunt
757 2520 914 2607 majorem
927 2519 1085 2606 judicem,
1100 2542 1142 2588 ue
1157 2542 1230 2588 con·

106 2637 214 2721 tingat
245 2637 446 2703 matrimonia
475 2637 608 2703 dissolvi
636 2638 691 2704 rel
720 2638 885 2703 conciliari
919 2647 1032 2704 contra
1067 2655 1224 2705 canones.

106 2756 140 2821 ³⁰
153 2757 263 2819 cansa
281 2753 473 2833 innitentes,
495 2772 538 2819 ne
561 2754 630 2819 sine
652 2754 804 2819 canonica
830 2754 1032 2820 institutione
1060 2756 1226 2839 aperiatur

105 2870 157 2937 ria
169 2868 215 2936 ad
227 2868 387 2935 beneficia
402 2869 631 2947 ecclesiastica,
656 2875 772 2936 contra
794 2870 931 2953 primum
951 2889 992 2935 ex
1007 2873 1222 2954 repolisjnris,
1288 2941 1293 2950 ,

105 2987 138 3052 ἰιι
149 2993 238 3051 secto
252 2984 336 3050 libro
354 2983 568 3051 decretalium
590 2985 722 3069 positis,
750 3003 821 3071 quae
837 2985 882 3050 sic
900 2984 1000 3051 habet
1018 3006 1025 3049 :
1044 2986 1226 3063 beneficiam

104 3106 335 3167 menmium
347 3120 408 3164 non
418 3108 519 3183 potest
537 3103 618 3164 licite
636 3107 700 3165 sine
716 3107 905 3165 institutione
919 3106 1061 3164 canonico
1083 3104 1221 3166 obtineri.

104 3218 138 3282 4⁰
153 3221 261 3283 Canac
272 3223 480 3299 coemptionis,
495 3236 537 3282 ne
550 3215 604 3301 jus
619 3217 790 3282 enimentis
806 3236 867 3301 per
879 3216 1078 3283 arbitrorum
1097 3225 1225 3284 senten·

102 3337 182 3401 tiam
195 3332 336 3400 laedatur
345 3353 387 3399 ex
401 3334 488 3400 iacto
502 3334 648 3416 exempti
663 3333 780 3420 (capite
797 3338 873 3399 Cam
892 3343 1020 3417 tempore
1034 3337 1065 3414 5,
1082 3338 1120 3398 dc
1132 3339 1221 3402 Arii·

103 3458 171 3532 tris,
191 3450 298 3517 libril
317 3450 544 3530 decretalium,
562 3451 660 3516 titulo
673 3447 742 3532 43).
760 3453 793 3514 5⁰
808 3454 913 3515 Cansoe
935 3453 1041 3515 tense
1065 3471 1126 3536 per
1148 3472 1222 3518 sen-

96 3566 235 3633 tentiam
249 3564 476 3643 indubitatam,
495 3573 529 3631 et
550 3584 621 3651 qnae
644 3566 678 3629 in
695 3584 766 3630 rem
789 3563 967 3650 judicatam
981 3568 1123 3651 transiit;
1145 3569 1221 3653 quia

95 3683 183 3751 mont
208 3683 402 3762 transactio,
422 3683 467 3748 ita
489 3683 756 3767 compromissum
774 3681 849 3747 lieri
867 3680 969 3748 debet
992 3681 1034 3747 de
1056 3702 1094 3748 re
1119 3681 1219 3749 dubia

96 3799 216 3888 (capite
235 3802 384 3882 Exposita
405 3801 457 3877 ll,
484 3798 572 3864 tituli
586 3800 642 3877 43,
663 3797 738 3864 libri
760 3801 772 3862 1
794 3794 1034 3882 decretalium).
1062 3801 1097 3863 6⁰
1114 3803 1219 3863 Ccnsae

92 3921 298 3983 restitutionis
311 3922 345 3979 in
360 3921 510 3998 mtcpmm
525 3912 583 4002 (1),
601 3915 662 3981 nisi
675 3914 861 3980 incidenter
885 3920 1072 3979 tractentur
1098 3914 1215 4001 (eapite

92 4037 198 4101 cnara
212 4037 246 4111 9,
262 4035 300 4096 dc
317 4036 357 4096 In
371 4037 522 4114 inteprnm
539 4029 752 4116 restitutione).
782 4036 816 4097 7⁰
830 4033 935 4094 Coma
957 4035 1212 4110 emmunitatem,

105 4330 109 4335 ·
124 4310 166 4375 (l)
181 4309 282 4360 Resdmi
304 4310 328 4360 lu
346 4311 461 4373 integrum
482 4322 553 4360 causa
574 4308 668 4370 dicitur,
688 4308 835 4372 quandoper
846 4308 947 4358 officium
958 4309 1045 4371 judicis
1060 4308 1180 4360 reducitur
1194 4309 1221 4359 ia

91 4421 147 4458 eum
167 4411 263 4466 statum,
273 4405 298 4454 iu
309 4419 355 4469 quo
372 4412 422 4453 erat
434 4412 557 4470 anmquma
568 4411 642 4471 cepta
652 4404 741 4452 luisset.
