2714 4980
590 324 669 373 rens
691 324 805 372 omna.
1199 308 1261 371 tos

148 449 369 515 observatione
383 447 554 527 recedere,
570 448 701 534 quando
715 448 750 514 id
765 448 883 514 suadet
897 447 1031 515 evidens
1044 448 1190 533 equites,
1204 457 1262 516 cut

144 562 360 630 necessarium
381 572 433 631 est
453 572 492 630 nt
513 565 599 630 Reus
624 583 695 630 sese
723 563 907 631 defendere
931 564 1042 648 possit.
1065 564 1190 646 «Qma,
1215 565 1262 630 ait

144 679 473 764 «schmalzgrueben
497 681 585 763 Papo
604 678 816 745 rescribendo
840 698 906 745 non
930 686 1084 746 censetur
1101 679 1260 764 derogare

142 790 236 877 «juri
254 794 441 878 partium.»
465 793 515 880 (ln
528 795 579 859 tit.
602 797 656 872 29,
677 794 702 858 l.
727 798 739 859 i
765 794 906 873 decret,
924 815 958 861 n.
977 792 1046 880 28.)

182 914 297 988 Tertio,
319 910 400 975 item
417 908 549 1009 quando
572 918 682 992 partes
703 911 892 976 renuntiant
914 910 1020 976 favori
1044 928 1106 994 per
1124 910 1262 976 formam

140 1018 294 1110 rescripti
310 1026 387 1109 ipsis
401 1044 564 1091 concesso.
582 1025 682 1091 Verbi
696 1027 810 1109 gratia,
822 1026 851 1091 si
864 1026 1061 1110 rescriptum
1074 1026 1263 1121 prescribat

139 1160 268 1208 cansam
280 1140 422 1228 judicari
435 1142 545 1208 in-toli
556 1143 638 1221 loco,
660 1144 792 1225 poterit,
807 1142 1086 1208 consentientibus
1101 1143 1258 1226 partibus,

141 1256 172 1320 in
185 1259 250 1324 alio
262 1257 420 1344 judicari3
437 1257 535 1325 modo
551 1266 661 1325 tumen
679 1258 742 1324 iste
760 1258 841 1324 alius
866 1259 958 1348 locus
972 1258 1190 1343 jurisdictioni
1204 1258 1262 1324 de-

142 1369 280 1456 legantis
297 1371 475 1458 subjeceat,
495 1375 549 1440 vel
565 1375 680 1461 (sinon
695 1369 890 1458 subjaceret)
907 1373 1006 1439 modo
1018 1374 1071 1439 ille
1083 1373 1263 1439 consentiat

149 1491 194 1555 cui
207 1488 377 1576 subjectns
393 1495 453 1556 est.
474 1494 514 1555 Ia
533 1490 619 1555 notio
631 1510 744 1573 qaoque
762 1489 818 1576 (ait
837 1489 1020 1555 Bonifaciua
1038 1488 1125 1574 VIII)
1141 1508 1262 1553 cosona

150 1609 354 1682 padernum
364 1609 466 1689 judeos
480 1612 573 1669 extra
589 1611 743 1669 civitatem
755 1624 808 1668 seo
821 1607 980 1684 diocesim,
999 1611 1033 1667 in
1050 1608 1157 1686 quibos
1169 1609 1262 1688 depc-

154 1725 224 1785 atas
242 1726 337 1804 suerit
360 1728 433 1787 citet
448 1728 554 1804 portes
563 1770 574 1803 ,
596 1741 649 1784 noc
670 1722 815 1785 derauso
836 1723 896 1784 sibi
914 1726 1069 1784 cornmissa
1083 1728 1257 1803 cognoseat,

149 1842 204 1899 cisi
216 1841 257 1902 ad
270 1839 304 1902 id
317 1858 476 1920 expressus
491 1842 645 1901 occesserit
657 1839 828 1900 earumdem
839 1856 987 1901 assensus.
1002 1835 1092 1922 (Gap.
1106 1840 1263 1902 Sicinium

144 1952 479 2032 11,dtuli³‚tihrit,
497 1949 592 2035 ind.)

187 2067 223 2131 ln
243 2068 293 2133 his
311 2073 432 2147 autem,
451 2073 486 2135 et
508 2068 536 2133 si
553 2069 612 2153 qui
626 2068 745 2134 similes
760 2068 815 2133 ulii
829 2067 904 2147 sint,
924 2067 1061 2145 casibus,
1082 2067 1159 2132 licet
1172 2066 1262 2135 dele·

122 2188 237 2260 gatus
254 2202 273 2247 a
293 2184 404 2248 littera
425 2184 576 2267 rescripti
593 2182 749 2250 videatur
766 2185 926 2267 tantisper
944 2182 1112 2261 recedere,
1129 2201 1194 2248 non
1211 2191 1262 2262 tu·

115 2309 224 2363 rnen
241 2300 374 2384 proprie
399 2298 532 2365 excedit
553 2307 752 2383 potestatem
773 2301 834 2366 sibi
856 2318 1058 2384 concessam
1084 2298 1144 2365 sed
1167 2298 1262 2365 dnm·

110 2411 236 2480 taxat
262 2434 335 2482 eam
357 2424 555 2501 potestatem
585 2436 627 2482 ex
646 2417 789 2501 legitime
809 2417 896 2482 circa
918 2414 1099 2501 delegantis
1119 2424 1261 2483 mentem

103 2515 414 2621 intp'pretetione
430 2533 580 2598 estimat.

672 2769 726 2834 Vl.

495 2998 534 3049 Do
544 3000 672 3062 potestate
684 2999 797 3064 mosao
803 2998 914 3063 chiota.

193 3235 339 3318 delegati
350 3242 494 3319 potestas
504 3233 669 3300 metienda
680 3242 740 3314 est,
751 3243 820 3301 tum
833 3240 1052 3320 estpotestate
1066 3233 1258 3319 delegantis,

98 3319 216 3416 tlun
229 3372 272 3417 ex
287 3352 440 3417 mandato
458 3370 623 3418 concesso.
647 3351 743 3418 Unde
759 3361 886 3419 certum
901 3360 952 3419 est
965 3353 1117 3438 delegato
1132 3368 1264 3438 compe·

105 3442 216 3534 tere
235 3485 302 3532 non
317 3485 412 3551 posse
430 3466 689 3553 jurisdictionem
704 3487 769 3552 qua
787 3477 879 3534 caret
893 3469 1067 3554 delegans:
1091 3468 1149 3536 sed
1167 3467 1263 3536 vicis-

114 3578 215 3663 &im
233 3604 277 3651 ex
290 3603 331 3650 eo
346 3583 435 3670 quod
452 3583 575 3670 aliquid
587 3587 686 3669 possit
699 3584 866 3670 delegans,
883 3604 949 3652 non
962 3588 1116 3652 continuo
1132 3587 1264 3653 conclu·

117 3689 291 3768 flendum
306 3709 357 3766 est
370 3699 458 3766 idem
469 3719 562 3784 posse
576 3700 764 3785 delegatum
776 3723 784 3786 ;
801 3700 854 3767 hic
868 3704 955 3768 enim
968 3714 1041 3769 non
1050 3701 1139 3769 aliud
1152 3708 1263 3786 potest

122 3824 243 3906 quam
256 3817 347 3904 quod
363 3818 419 3884 ille
434 3837 496 3901 per
514 3817 703 3885 mandatnm
718 3821 927 3886 concesserit.
1182 3891 1185 3897 ,

185 3939 399 4006 Nihilominus
422 3954 494 4003 earn
518 3939 633 4003 saltem
649 3947 847 4022 potestatem
867 3939 1038 4023 delegatus
1056 3956 1187 4021 semper
1205 3938 1263 4003 ha-

125 4043 213 4135 bet,
234 4057 307 4139 ipso
327 4054 415 4122 facto
437 4053 525 4139 quod
547 4054 729 4139 delegatur,
752 4057 822 4123 sine
844 4076 908 4141 que
927 4055 1110 4121 mundatum
1130 4055 1191 4120 sibi
1209 4054 1262 4140 ju·

126 4171 365 4240 mencionem
392 4172 509 4256 exequi
534 4191 599 4236 non
628 4180 750 4256 posset.
780 4173 933 4253 Quanam
958 4172 1012 4237 illu
1036 4173 1077 4237 sit
1099 4179 1259 4254 potestas,

135 4308 187 4356 ex
209 4289 281 4356 solo
308 4286 520 4373 delegationis
545 4287 632 4359 facto
662 4288 783 4371 fluens,
809 4288 861 4358 hio
885 4286 1030 4360 breviter
1055 4286 1262 4360 indicendum
