<?xml version="1.0" encoding="UTF-8"?>
<!DOCTYPE html PUBLIC "-//W3C//DTD XHTML 1.0 Transitional//EN"
    "http://www.w3.org/TR/xhtml1/DTD/xhtml1-transitional.dtd">
<html xmlns="http://www.w3.org/1999/xhtml" xml:lang="en" lang="en">
 <head>
  <title>
</title>
<meta http-equiv="Content-Type" content="text/html;charset=utf-8" />
  <meta name='ocr-system' content='tesseract 3.04.00' />
  <meta name='ocr-capabilities' content='ocr_page ocr_carea ocr_par ocr_line ocrx_word'/>
</head>
<body>
  <div class='ocr_page' id='page_1' title='image "./tractatusdejudi00bouigoog_0220.png"; bbox 0 0 2714 4980; ppageno 0'>
   <div class='ocr_carea' id='block_1_1' title="bbox 549 274 1213 338">
    <p class='ocr_par' dir='ltr' id='par_1_1' title="bbox 549 274 1213 338">
     <span class='ocr_line' id='line_1_1' title="bbox 549 274 1213 338; baseline 0.005 -3"><span class='ocrx_word' id='word_1_1' title='bbox 549 287 630 337; x_wconf 71' lang='lat' dir='ltr'><strong>rsus</strong></span> <span class='ocrx_word' id='word_1_2' title='bbox 651 287 767 337; x_wconf 79' lang='lat' dir='ltr'><strong>rmus.</strong></span> <span class='ocrx_word' id='word_1_3' title='bbox 1150 274 1213 338; x_wconf 75' lang='lat'><strong>207</strong></span> 
     </span>
    </p>
   </div>
   <div class='ocr_carea' id='block_1_2' title="bbox 95 410 1219 965">
    <p class='ocr_par' dir='ltr' id='par_1_2' title="bbox 95 410 1219 965">
     <span class='ocr_line' id='line_1_2' title="bbox 95 410 1219 499; baseline 0.001 -22"><span class='ocrx_word' id='word_1_4' title='bbox 95 413 292 477; x_wconf 71' lang='lat' dir='ltr'><strong>restdcnttolc</strong></span> <span class='ocrx_word' id='word_1_5' title='bbox 303 413 400 492; x_wconf 70' lang='lat' dir='ltr'><strong>sumt</strong></span> <span class='ocrx_word' id='word_1_6' title='bbox 415 418 567 476; x_wconf 66' lang='lat' dir='ltr'><strong>amcam</strong></span> <span class='ocrx_word' id='word_1_7' title='bbox 583 410 641 499; x_wconf 86' lang='lat' dir='ltr'><strong>(l).</strong></span> <span class='ocrx_word' id='word_1_8' title='bbox 663 413 696 478; x_wconf 85' lang='lat' dir='ltr'><strong>Si</strong></span> <span class='ocrx_word' id='word_1_9' title='bbox 709 430 788 496; x_wconf 84' lang='lat' dir='ltr'><strong>ergo</strong></span> <span class='ocrx_word' id='word_1_10' title='bbox 799 430 875 478; x_wconf 88' lang='lat' dir='ltr'><strong>raro</strong></span> <span class='ocrx_word' id='word_1_11' title='bbox 891 410 1120 479; x_wconf 85' lang='lat' dir='ltr'><strong>concedendur</strong></span> <span class='ocrx_word' id='word_1_12' title='bbox 1132 412 1219 498; x_wconf 84' lang='lat' dir='ltr'><strong>ejus·</strong></span> 
     </span>
     <span class='ocr_line' id='line_1_3' title="bbox 95 523 1219 608; baseline -0.001 -17"><span class='ocrx_word' id='word_1_13' title='bbox 95 525 190 591; x_wconf 83' lang='lat' dir='ltr'><strong>modi</strong></span> <span class='ocrx_word' id='word_1_14' title='bbox 202 524 362 608; x_wconf 88' lang='lat' dir='ltr'><strong>rescripta</strong></span> <span class='ocrx_word' id='word_1_15' title='bbox 377 528 412 589; x_wconf 91' lang='lat' dir='ltr'><strong>et</strong></span> <span class='ocrx_word' id='word_1_16' title='bbox 429 523 557 603; x_wconf 89' lang='lat' dir='ltr'><strong>brevia,</strong></span> <span class='ocrx_word' id='word_1_17' title='bbox 576 532 610 590; x_wconf 94' lang='lat' dir='ltr'><strong>et</strong></span> <span class='ocrx_word' id='word_1_18' title='bbox 628 544 703 590; x_wconf 90' lang='lat' dir='ltr'><strong>cum</strong></span> <span class='ocrx_word' id='word_1_19' title='bbox 724 525 844 591; x_wconf 84' lang='lat' dir='ltr'><strong>talibus</strong></span> <span class='ocrx_word' id='word_1_20' title='bbox 858 525 993 608; x_wconf 86' lang='lat' dir='ltr'><strong>insuper</strong></span> <span class='ocrx_word' id='word_1_21' title='bbox 1007 527 1219 592; x_wconf 88' lang='lat' dir='ltr'><strong>restrictioni-</strong></span> 
     </span>
     <span class='ocr_line' id='line_1_4' title="bbox 95 638 1218 724; baseline 0.002 -18"><span class='ocrx_word' id='word_1_22' title='bbox 95 659 178 719; x_wconf 76' lang='lat' dir='ltr'><strong>rns,</strong></span> <span class='ocrx_word' id='word_1_23' title='bbox 194 660 262 707; x_wconf 91' lang='lat' dir='ltr'><strong>non</strong></span> <span class='ocrx_word' id='word_1_24' title='bbox 285 645 335 705; x_wconf 86' lang='lat' dir='ltr'><strong>est</strong></span> <span class='ocrx_word' id='word_1_25' title='bbox 350 658 410 705; x_wconf 90' lang='lat' dir='ltr'><strong>cur</strong></span> <span class='ocrx_word' id='word_1_26' title='bbox 430 638 473 705; x_wconf 89' lang='lat' dir='ltr'><strong>de</strong></span> <span class='ocrx_word' id='word_1_27' title='bbox 489 640 594 707; x_wconf 87' lang='lat' dir='ltr'><strong>abusu</strong></span> <span class='ocrx_word' id='word_1_28' title='bbox 612 649 792 724; x_wconf 79' lang='lat' dir='ltr'>arguantur</span> <span class='ocrx_word' id='word_1_29' title='bbox 805 640 941 706; x_wconf 86' lang='lat' dir='ltr'><strong>Romani</strong></span> <span class='ocrx_word' id='word_1_30' title='bbox 956 643 1138 724; x_wconf 85' lang='lat' dir='ltr'><strong>pontifices.</strong></span> <span class='ocrx_word' id='word_1_31' title='bbox 1157 641 1218 708; x_wconf 78' lang='lat' dir='ltr'><strong>Lo</strong></span> 
     </span>
     <span class='ocr_line' id='line_1_5' title="bbox 95 754 1218 843; baseline 0.004 -22"><span class='ocrx_word' id='word_1_32' title='bbox 95 756 230 840; x_wconf 73' lang='lat' dir='ltr'><strong>{nimur</strong></span> <span class='ocrx_word' id='word_1_33' title='bbox 257 763 367 821; x_wconf 90' lang='lat' dir='ltr'><strong>autem</strong></span> <span class='ocrx_word' id='word_1_34' title='bbox 388 754 440 820; x_wconf 89' lang='lat' dir='ltr'><strong>hic</strong></span> <span class='ocrx_word' id='word_1_35' title='bbox 472 754 513 820; x_wconf 91' lang='lat' dir='ltr'><strong>de</strong></span> <span class='ocrx_word' id='word_1_36' title='bbox 541 757 697 823; x_wconf 76' lang='lat' dir='ltr'><strong>facultate</strong></span> <span class='ocrx_word' id='word_1_37' title='bbox 728 755 953 823; x_wconf 87' lang='lat' dir='ltr'><strong>sacerdotibus</strong></span> <span class='ocrx_word' id='word_1_38' title='bbox 980 757 1218 843; x_wconf 88' lang='lat' dir='ltr'><strong>quandoquea</strong></span> 
     </span>
     <span class='ocr_line' id='line_1_6' title="bbox 95 871 1216 965; baseline 0.004 -30"><span class='ocrx_word' id='word_1_39' title='bbox 95 872 186 955; x_wconf 74' lang='lat' dir='ltr'><strong>Papa</strong></span> <span class='ocrx_word' id='word_1_40' title='bbox 211 889 376 965; x_wconf 86' lang='lat' dir='ltr'><strong>concessa,</strong></span> <span class='ocrx_word' id='word_1_41' title='bbox 394 878 432 936; x_wconf 91' lang='lat' dir='ltr'><strong>ut</strong></span> <span class='ocrx_word' id='word_1_42' title='bbox 450 874 575 935; x_wconf 77' lang='lat' dir='ltr'><strong><em>ubilibet</em></strong></span> <span class='ocrx_word' id='word_1_43' title='bbox 592 871 795 937; x_wconf 79' lang='lat' dir='ltr'><strong>advocatiam</strong></span> <span class='ocrx_word' id='word_1_44' title='bbox 809 871 1004 938; x_wconf 81' lang='lat' dir='ltr'><strong>ordinariam</strong></span> <span class='ocrx_word' id='word_1_45' title='bbox 1027 882 1216 940; x_wconf 77' lang='lat' dir='ltr'><strong>exerceant.</strong></span> 
     </span>
    </p>
   </div>
   <div class='ocr_carea' id='block_1_3' title="bbox 95 985 1222 1535">
    <p class='ocr_par' dir='ltr' id='par_1_3' title="bbox 95 985 1222 1535">
     <span class='ocr_line' id='line_1_7' title="bbox 95 985 1221 1072; baseline 0.004 -21"><span class='ocrx_word' id='word_1_46' title='bbox 95 987 180 1051; x_wconf 75' lang='lat' dir='ltr'><strong>lam</strong></span> <span class='ocrx_word' id='word_1_47' title='bbox 192 986 224 1051; x_wconf 88' lang='lat' dir='ltr'><strong>si</strong></span> <span class='ocrx_word' id='word_1_48' title='bbox 241 993 357 1069; x_wconf 89' lang='lat' dir='ltr'><strong>agatur</strong></span> <span class='ocrx_word' id='word_1_49' title='bbox 377 985 420 1053; x_wconf 93' lang='lat' dir='ltr'><strong>de</strong></span> <span class='ocrx_word' id='word_1_50' title='bbox 435 987 566 1070; x_wconf 89' lang='lat' dir='ltr'><strong>speciali</strong></span> <span class='ocrx_word' id='word_1_51' title='bbox 586 986 756 1053; x_wconf 90' lang='lat' dir='ltr'><strong>advocatia</strong></span> <span class='ocrx_word' id='word_1_52' title='bbox 776 1005 848 1072; x_wconf 84' lang='lat' dir='ltr'><strong>quae</strong></span> <span class='ocrx_word' id='word_1_53' title='bbox 872 998 1046 1055; x_wconf 86' lang='lat' dir='ltr'><strong>exercetur</strong></span> <span class='ocrx_word' id='word_1_54' title='bbox 1060 988 1149 1072; x_wconf 90' lang='lat' dir='ltr'><strong>apud</strong></span> <span class='ocrx_word' id='word_1_55' title='bbox 1164 1009 1221 1055; x_wconf 92' lang='lat' dir='ltr'><strong>cn·</strong></span> 
     </span>
     <span class='ocr_line' id='line_1_8' title="bbox 95 1101 1220 1191; baseline 0.005 -25"><span class='ocrx_word' id='word_1_56' title='bbox 95 1101 180 1167; x_wconf 87' lang='lat' dir='ltr'><strong>riam</strong></span> <span class='ocrx_word' id='word_1_57' title='bbox 196 1102 392 1181; x_wconf 86' lang='lat' dir='ltr'><strong>Romanam,</strong></span> <span class='ocrx_word' id='word_1_58' title='bbox 414 1122 511 1188; x_wconf 91' lang='lat' dir='ltr'><strong>quam</strong></span> <span class='ocrx_word' id='word_1_59' title='bbox 532 1103 768 1170; x_wconf 81' lang='lat' dir='ltr'><strong>rationabiliter</strong></span> <span class='ocrx_word' id='word_1_60' title='bbox 787 1120 860 1171; x_wconf 92' lang='lat' dir='ltr'><strong>eam</strong></span> <span class='ocrx_word' id='word_1_61' title='bbox 878 1104 1104 1171; x_wconf 89' lang='lat' dir='ltr'><strong>sacerdotibus</strong></span> <span class='ocrx_word' id='word_1_62' title='bbox 1121 1124 1220 1191; x_wconf 83' lang='lat' dir='ltr'><strong>gene·</strong></span> 
     </span>
     <span class='ocr_line' id='line_1_9' title="bbox 95 1215 1222 1306; baseline 0.002 -23"><span class='ocrx_word' id='word_1_63' title='bbox 95 1215 214 1283; x_wconf 75' lang='lat' dir='ltr'><strong>ubter</strong></span> <span class='ocrx_word' id='word_1_64' title='bbox 235 1217 393 1283; x_wconf 88' lang='lat' dir='ltr'><strong>concedat</strong></span> <span class='ocrx_word' id='word_1_65' title='bbox 413 1216 514 1285; x_wconf 86' lang='lat' dir='ltr'><strong>Sedes</strong></span> <span class='ocrx_word' id='word_1_66' title='bbox 529 1219 712 1301; x_wconf 83' lang='lat' dir='ltr'><strong>Apostolica</strong></span> <span class='ocrx_word' id='word_1_67' title='bbox 730 1219 783 1306; x_wconf 88' lang='lat' dir='ltr'><strong>(ob</strong></span> <span class='ocrx_word' id='word_1_68' title='bbox 803 1220 1000 1306; x_wconf 81' lang='lat' dir='ltr'><strong>peculiarem</strong></span> <span class='ocrx_word' id='word_1_69' title='bbox 1016 1240 1134 1304; x_wconf 89' lang='lat' dir='ltr'><strong>nempe</strong></span> <span class='ocrx_word' id='word_1_70' title='bbox 1150 1219 1222 1304; x_wconf 92' lang='lat' dir='ltr'><strong>ejus</strong></span> 
     </span>
     <span class='ocr_line' id='line_1_10' title="bbox 95 1330 1222 1421; baseline 0.006 -25"><span class='ocrx_word' id='word_1_71' title='bbox 95 1330 192 1399; x_wconf 90' lang='lat' dir='ltr'><strong>modi</strong></span> <span class='ocrx_word' id='word_1_72' title='bbox 223 1330 398 1400; x_wconf 86' lang='lat' dir='ltr'><strong>advocatiae</strong></span> <span class='ocrx_word' id='word_1_73' title='bbox 437 1341 585 1400; x_wconf 89' lang='lat' dir='ltr'><strong>naturam</strong></span> <span class='ocrx_word' id='word_1_74' title='bbox 619 1342 655 1399; x_wconf 89' lang='lat' dir='ltr'><strong>et</strong></span> <span class='ocrx_word' id='word_1_75' title='bbox 683 1334 947 1421; x_wconf 83' lang='lat' dir='ltr'><strong>ordinationem),</strong></span> <span class='ocrx_word' id='word_1_76' title='bbox 981 1336 1129 1402; x_wconf 87' lang='lat' dir='ltr'><strong>dicemus</strong></span> <span class='ocrx_word' id='word_1_77' title='bbox 1161 1336 1222 1403; x_wconf 91' lang='lat' dir='ltr'><strong>sub</strong></span> 
     </span>
     <span class='ocr_line' id='line_1_11' title="bbox 95 1450 408 1535; baseline 0.013 -23"><span class='ocrx_word' id='word_1_78' title='bbox 95 1455 227 1533; x_wconf 89' lang='lat' dir='ltr'><strong>puncto</strong></span> <span class='ocrx_word' id='word_1_79' title='bbox 242 1450 408 1535; x_wconf 84' lang='lat' dir='ltr'><strong>sequentt</strong></span> 
     </span>
    </p>
   </div>
   <div class='ocr_carea' id='block_1_4' title="bbox 638 1699 679 1763">
    <p class='ocr_par' dir='ltr' id='par_1_4' title="bbox 638 1699 679 1763">
     <span class='ocr_line' id='line_1_12' title="bbox 638 1699 679 1763; baseline -0.073 0"><span class='ocrx_word' id='word_1_80' title='bbox 638 1699 679 1763; x_wconf 87' lang='lat' dir='ltr'><strong>V.</strong></span> 
     </span>
    </p>
   </div>
   <div class='ocr_carea' id='block_1_5' title="bbox 99 1933 1220 2092">
    <p class='ocr_par' dir='ltr' id='par_1_5' title="bbox 99 1933 1220 2092">
     <span class='ocr_line' id='line_1_13' title="bbox 99 1933 1220 1999; baseline 0.004 -13"><span class='ocrx_word' id='word_1_81' title='bbox 99 1933 139 1986; x_wconf 78' lang='lat' dir='ltr'><strong>Do</strong></span> <span class='ocrx_word' id='word_1_82' title='bbox 151 1933 283 1998; x_wconf 67' lang='lat' dir='ltr'><strong>recubare</strong></span> <span class='ocrx_word' id='word_1_83' title='bbox 290 1946 370 1999; x_wconf 72' lang='lat' dir='ltr'><strong>qaum</strong></span> <span class='ocrx_word' id='word_1_84' title='bbox 381 1947 413 1985; x_wconf 73' lang='lat' dir='ltr'><strong>eo</strong></span> <span class='ocrx_word' id='word_1_85' title='bbox 425 1949 476 1985; x_wconf 81' lang='lat' dir='ltr'><strong>ura</strong></span> <span class='ocrx_word' id='word_1_86' title='bbox 487 1940 510 1984; x_wconf 80' lang='lat' dir='ltr'><strong>at</strong></span> <span class='ocrx_word' id='word_1_87' title='bbox 520 1934 688 1998; x_wconf 72' lang='lat' dir='ltr'><strong>indatpmtie</strong></span> <span class='ocrx_word' id='word_1_88' title='bbox 695 1935 768 1985; x_wconf 74' lang='lat' dir='ltr'><strong>Sedis</strong></span> <span class='ocrx_word' id='word_1_89' title='bbox 777 1935 932 1999; x_wconf 70' lang='lat' dir='ltr'><strong>,apostolica</strong></span> <span class='ocrx_word' id='word_1_90' title='bbox 940 1936 1035 1987; x_wconf 80' lang='lat' dir='ltr'><strong>babent</strong></span> <span class='ocrx_word' id='word_1_91' title='bbox 1046 1937 1133 1988; x_wconf 73' lang='lat' dir='ltr'><strong>clerico·</strong></span> <span class='ocrx_word' id='word_1_92' title='bbox 1140 1940 1220 1990; x_wconf 73' lang='lat' dir='ltr'><strong>ulam</strong></span> 
     </span>
     <span class='ocr_line' id='line_1_14' title="bbox 183 2028 1140 2092; baseline 0.004 -15"><span class='ocrx_word' id='word_1_93' title='bbox 183 2029 331 2080; x_wconf 76' lang='lat' dir='ltr'><strong>sacerdotes</strong></span> <span class='ocrx_word' id='word_1_94' title='bbox 345 2029 471 2079; x_wconf 81' lang='lat' dir='ltr'><strong>aduocati</strong></span> <span class='ocrx_word' id='word_1_95' title='bbox 483 2041 580 2078; x_wconf 75' lang='lat' dir='ltr'><strong>munus</strong></span> <span class='ocrx_word' id='word_1_96' title='bbox 586 2028 721 2092; x_wconf 71' lang='lat' dir='ltr'><strong>publicum</strong></span> <span class='ocrx_word' id='word_1_97' title='bbox 732 2031 761 2079; x_wconf 77' lang='lat' dir='ltr'><strong>to</strong></span> <span class='ocrx_word' id='word_1_98' title='bbox 775 2031 849 2079; x_wconf 78' lang='lat' dir='ltr'><strong>curta</strong></span> <span class='ocrx_word' id='word_1_99' title='bbox 860 2030 982 2079; x_wconf 80' lang='lat' dir='ltr'><strong>Romane</strong></span> <span class='ocrx_word' id='word_1_100' title='bbox 995 2032 1140 2081; x_wconf 72' lang='lat' dir='ltr'><strong>recreauit</strong></span> 
     </span>
    </p>
   </div>
   <div class='ocr_carea' id='block_1_6' title="bbox 104 2263 1229 4195">
    <p class='ocr_par' dir='ltr' id='par_1_6' title="bbox 104 2263 1229 4195">
     <span class='ocr_line' id='line_1_15' title="bbox 151 2263 1225 2351; baseline 0.004 -23"><span class='ocrx_word' id='word_1_101' title='bbox 151 2267 184 2328; x_wconf 82' lang='lat'><strong>1⁰</strong></span> <span class='ocrx_word' id='word_1_102' title='bbox 200 2263 298 2331; x_wconf 85' lang='lat' dir='ltr'><strong>Certa</strong></span> <span class='ocrx_word' id='word_1_103' title='bbox 309 2271 359 2329; x_wconf 90' lang='lat' dir='ltr'><strong>est</strong></span> <span class='ocrx_word' id='word_1_104' title='bbox 373 2265 525 2331; x_wconf 87' lang='lat' dir='ltr'><strong>notabilis</strong></span> <span class='ocrx_word' id='word_1_105' title='bbox 538 2266 593 2331; x_wconf 91' lang='lat' dir='ltr'><strong>illa</strong></span> <span class='ocrx_word' id='word_1_106' title='bbox 608 2285 627 2332; x_wconf 89' lang='lat' dir='ltr'><strong>a</strong></span> <span class='ocrx_word' id='word_1_107' title='bbox 640 2265 714 2351; x_wconf 83' lang='lat' dir='ltr'><strong>jure</strong></span> <span class='ocrx_word' id='word_1_108' title='bbox 727 2268 890 2333; x_wconf 89' lang='lat' dir='ltr'><strong>communi</strong></span> <span class='ocrx_word' id='word_1_109' title='bbox 905 2268 1064 2351; x_wconf 79' lang='lat' dir='ltr'><strong>exceptio,</strong></span> <span class='ocrx_word' id='word_1_110' title='bbox 1085 2285 1149 2351; x_wconf 88' lang='lat' dir='ltr'><strong>qua</strong></span> <span class='ocrx_word' id='word_1_111' title='bbox 1160 2268 1225 2333; x_wconf 86' lang='lat' dir='ltr'><strong>cle-</strong></span> 
     </span>
     <span class='ocr_line' id='line_1_16' title="bbox 104 2379 1226 2448; baseline 0.002 -4"><span class='ocrx_word' id='word_1_112' title='bbox 104 2379 181 2445; x_wconf 88' lang='lat' dir='ltr'><strong>ricis</strong></span> <span class='ocrx_word' id='word_1_113' title='bbox 206 2379 306 2444; x_wconf 88' lang='lat' dir='ltr'><strong>etiam</strong></span> <span class='ocrx_word' id='word_1_114' title='bbox 332 2379 559 2447; x_wconf 90' lang='lat' dir='ltr'><strong>sacerdotibus</strong></span> <span class='ocrx_word' id='word_1_115' title='bbox 588 2380 639 2446; x_wconf 85' lang='lat' dir='ltr'><strong>fas</strong></span> <span class='ocrx_word' id='word_1_116' title='bbox 662 2383 767 2447; x_wconf 87' lang='lat' dir='ltr'><strong>estin</strong></span> <span class='ocrx_word' id='word_1_117' title='bbox 792 2381 935 2448; x_wconf 88' lang='lat' dir='ltr'><strong>Romana</strong></span> <span class='ocrx_word' id='word_1_118' title='bbox 963 2384 1054 2448; x_wconf 89' lang='lat' dir='ltr'><strong>curia</strong></span> <span class='ocrx_word' id='word_1_119' title='bbox 1077 2380 1226 2447; x_wconf 86' lang='lat' dir='ltr'><strong>advocati</strong></span> 
     </span>
     <span class='ocr_line' id='line_1_17' title="bbox 105 2494 1226 2578; baseline 0 -16"><span class='ocrx_word' id='word_1_120' title='bbox 105 2494 209 2562; x_wconf 85' lang='lat' dir='ltr'><strong>officio</strong></span> <span class='ocrx_word' id='word_1_121' title='bbox 226 2495 330 2578; x_wconf 83' lang='lat' dir='ltr'><strong>fungi.</strong></span> <span class='ocrx_word' id='word_1_122' title='bbox 352 2524 367 2550; x_wconf 87' lang='lat'>«</span> <span class='ocrx_word' id='word_1_123' title='bbox 381 2497 431 2561; x_wconf 82' lang='lat' dir='ltr'><strong>Ex</strong></span> <span class='ocrx_word' id='word_1_124' title='bbox 447 2496 620 2561; x_wconf 86' lang='lat' dir='ltr'><strong>tolerantia</strong></span> <span class='ocrx_word' id='word_1_125' title='bbox 633 2496 799 2562; x_wconf 78' lang='lat' dir='ltr'><strong>Pontificio</strong></span> <span class='ocrx_word' id='word_1_126' title='bbox 813 2504 980 2564; x_wconf 89' lang='lat' dir='ltr'><strong>servatum</strong></span> <span class='ocrx_word' id='word_1_127' title='bbox 1002 2517 1073 2563; x_wconf 88' lang='lat' dir='ltr'><strong>esse</strong></span> <span class='ocrx_word' id='word_1_128' title='bbox 1098 2506 1137 2562; x_wconf 90' lang='lat' dir='ltr'><strong>ut</strong></span> <span class='ocrx_word' id='word_1_129' title='bbox 1160 2497 1226 2563; x_wconf 90' lang='lat' dir='ltr'><strong>cle-</strong></span> 
     </span>
     <span class='ocr_line' id='line_1_18' title="bbox 111 2610 1226 2697; baseline 0 -21"><span class='ocrx_word' id='word_1_130' title='bbox 111 2612 198 2676; x_wconf 87' lang='lat' dir='ltr'><strong>«rici</strong></span> <span class='ocrx_word' id='word_1_131' title='bbox 217 2611 254 2676; x_wconf 93' lang='lat' dir='ltr'><strong>in</strong></span> <span class='ocrx_word' id='word_1_132' title='bbox 273 2611 416 2676; x_wconf 88' lang='lat' dir='ltr'><strong>Romana</strong></span> <span class='ocrx_word' id='word_1_133' title='bbox 437 2611 529 2675; x_wconf 90' lang='lat' dir='ltr'><strong>curia</strong></span> <span class='ocrx_word' id='word_1_134' title='bbox 548 2610 768 2677; x_wconf 84' lang='lat' dir='ltr'><strong>advocationis</strong></span> <span class='ocrx_word' id='word_1_135' title='bbox 786 2620 820 2678; x_wconf 92' lang='lat' dir='ltr'><strong>et</strong></span> <span class='ocrx_word' id='word_1_136' title='bbox 836 2613 1074 2696; x_wconf 83' lang='lat' dir='ltr'><strong>procurationis</strong></span> <span class='ocrx_word' id='word_1_137' title='bbox 1094 2613 1226 2697; x_wconf 89' lang='lat' dir='ltr'><strong>publica</strong></span> 
     </span>
     <span class='ocr_line' id='line_1_19' title="bbox 112 2725 1227 2811; baseline 0.002 -20"><span class='ocrx_word' id='word_1_138' title='bbox 112 2755 126 2781; x_wconf 74' lang='grc' dir='ltr'>ι</span> <span class='ocrx_word' id='word_1_139' title='bbox 138 2744 277 2791; x_wconf 91' lang='lat' dir='ltr'><strong>munera</strong></span> <span class='ocrx_word' id='word_1_140' title='bbox 290 2732 476 2804; x_wconf 83' lang='lat' dir='ltr'><strong>exerceant,</strong></span> <span class='ocrx_word' id='word_1_141' title='bbox 493 2734 606 2791; x_wconf 87' lang='lat' dir='ltr'><strong>contra</strong></span> <span class='ocrx_word' id='word_1_142' title='bbox 617 2725 700 2811; x_wconf 88' lang='lat' dir='ltr'><strong>juris</strong></span> <span class='ocrx_word' id='word_1_143' title='bbox 713 2728 854 2811; x_wconf 85' lang='lat' dir='ltr'><strong>regulas,</strong></span> <span class='ocrx_word' id='word_1_144' title='bbox 869 2757 883 2785; x_wconf 72' lang='grc' dir='ltr'>ι</span> <span class='ocrx_word' id='word_1_145' title='bbox 900 2729 1017 2794; x_wconf 87' lang='lat' dir='ltr'><strong>asserit</strong></span> <span class='ocrx_word' id='word_1_146' title='bbox 1032 2729 1227 2794; x_wconf 86' lang='lat' dir='ltr'><strong>Octavianus</strong></span> 
     </span>
     <span class='ocr_line' id='line_1_20' title="bbox 108 2842 1228 2930; baseline 0.001 -21"><span class='ocrx_word' id='word_1_147' title='bbox 108 2843 255 2909; x_wconf 84' lang='lat' dir='ltr'><strong>Vestrius</strong></span> <span class='ocrx_word' id='word_1_148' title='bbox 270 2843 315 2929; x_wconf 84' lang='lat' dir='ltr'><strong>(in</strong></span> <span class='ocrx_word' id='word_1_149' title='bbox 328 2861 387 2908; x_wconf 91' lang='lat' dir='ltr'><strong>sua</strong></span> <span class='ocrx_word' id='word_1_150' title='bbox 401 2847 521 2923; x_wconf 78' lang='lat' dir='ltr'><strong>Proct,</strong></span> <span class='ocrx_word' id='word_1_151' title='bbox 543 2842 601 2908; x_wconf 89' lang='lat' dir='ltr'><strong>lib.</strong></span> <span class='ocrx_word' id='word_1_152' title='bbox 621 2846 653 2922; x_wconf 87' lang='grc'><strong>3,</strong></span> <span class='ocrx_word' id='word_1_153' title='bbox 675 2862 747 2926; x_wconf 90' lang='lat' dir='ltr'><strong>cap.</strong></span> <span class='ocrx_word' id='word_1_154' title='bbox 761 2845 793 2923; x_wconf 80' lang='lat'><strong>4,</strong></span> <span class='ocrx_word' id='word_1_155' title='bbox 812 2864 844 2909; x_wconf 88' lang='lat' dir='ltr'><strong>n.</strong></span> <span class='ocrx_word' id='word_1_156' title='bbox 860 2843 906 2930; x_wconf 83' lang='lat'><strong>4).</strong></span> <span class='ocrx_word' id='word_1_157' title='bbox 919 2847 1002 2910; x_wconf 89' lang='lat' dir='ltr'><strong>Item</strong></span> <span class='ocrx_word' id='word_1_158' title='bbox 1019 2845 1228 2929; x_wconf 83' lang='lat' dir='ltr'><strong>regulamge-</strong></span> 
     </span>
     <span class='ocr_line' id='line_1_21' title="bbox 109 2957 1227 3042; baseline 0.004 -21"><span class='ocrx_word' id='word_1_159' title='bbox 109 2959 254 3024; x_wconf 85' lang='lat' dir='ltr'><strong>noralem</strong></span> <span class='ocrx_word' id='word_1_160' title='bbox 271 2976 336 3042; x_wconf 84' lang='lat' dir='ltr'><strong>qua</strong></span> <span class='ocrx_word' id='word_1_161' title='bbox 352 2957 571 3040; x_wconf 91' lang='lat' dir='ltr'><strong>prohibentur</strong></span> <span class='ocrx_word' id='word_1_162' title='bbox 590 2957 837 3025; x_wconf 90' lang='lat' dir='ltr'><strong>advocationem</strong></span> <span class='ocrx_word' id='word_1_163' title='bbox 862 2980 1018 3027; x_wconf 88' lang='lat' dir='ltr'><strong>exercere</strong></span> <span class='ocrx_word' id='word_1_164' title='bbox 1041 2961 1153 3025; x_wconf 86' lang='lat' dir='ltr'><strong>clerici</strong></span> <span class='ocrx_word' id='word_1_165' title='bbox 1171 2980 1227 3026; x_wconf 88' lang='lat' dir='ltr'><strong>ex-</strong></span> 
     </span>
     <span class='ocr_line' id='line_1_22' title="bbox 109 3074 1223 3158; baseline 0.002 -20"><span class='ocrx_word' id='word_1_166' title='bbox 109 3074 230 3156; x_wconf 90' lang='lat' dir='ltr'><strong>plicans</strong></span> <span class='ocrx_word' id='word_1_167' title='bbox 247 3075 428 3157; x_wconf 86' lang='lat' dir='ltr'><strong>Fagnanus,</strong></span> <span class='ocrx_word' id='word_1_168' title='bbox 449 3092 523 3139; x_wconf 89' lang='lat' dir='ltr'><strong>eam</strong></span> <span class='ocrx_word' id='word_1_169' title='bbox 538 3075 762 3158; x_wconf 87' lang='lat' dir='ltr'><strong>exceptionem</strong></span> <span class='ocrx_word' id='word_1_170' title='bbox 776 3084 934 3142; x_wconf 90' lang='lat' dir='ltr'><strong>memorat</strong></span> <span class='ocrx_word' id='word_1_171' title='bbox 953 3099 960 3143; x_wconf 91' lang='lat'>:</span> <span class='ocrx_word' id='word_1_172' title='bbox 985 3106 998 3131; x_wconf 83' lang='grc'><strong>«</strong></span> <span class='ocrx_word' id='word_1_173' title='bbox 1016 3078 1223 3154; x_wconf 86' lang='lat' dir='ltr'><strong>Declaratur,</strong></span> 
     </span>
     <span class='ocr_line' id='line_1_23' title="bbox 114 3189 1223 3274; baseline 0.003 -20"><span class='ocrx_word' id='word_1_174' title='bbox 114 3219 128 3245; x_wconf 73' lang='grc' dir='ltr'>ι</span> <span class='ocrx_word' id='word_1_175' title='bbox 139 3191 256 3274; x_wconf 89' lang='lat' dir='ltr'><strong>inquit,</strong></span> <span class='ocrx_word' id='word_1_176' title='bbox 273 3209 372 3272; x_wconf 87' lang='lat' dir='ltr'><strong>supra</strong></span> <span class='ocrx_word' id='word_1_177' title='bbox 385 3189 471 3255; x_wconf 89' lang='lat' dir='ltr'><strong>dicta</strong></span> <span class='ocrx_word' id='word_1_178' title='bbox 484 3191 609 3273; x_wconf 86' lang='lat' dir='ltr'><strong>regula,</strong></span> <span class='ocrx_word' id='word_1_179' title='bbox 632 3197 671 3256; x_wconf 91' lang='lat' dir='ltr'><strong>ut</strong></span> <span class='ocrx_word' id='word_1_180' title='bbox 685 3210 750 3256; x_wconf 91' lang='lat' dir='ltr'><strong>non</strong></span> <span class='ocrx_word' id='word_1_181' title='bbox 764 3190 952 3257; x_wconf 80' lang='lat' dir='ltr'><strong>obtinentin</strong></span> <span class='ocrx_word' id='word_1_182' title='bbox 966 3193 1056 3257; x_wconf 90' lang='lat' dir='ltr'><strong>curia</strong></span> <span class='ocrx_word' id='word_1_183' title='bbox 1068 3191 1223 3270; x_wconf 86' lang='lat' dir='ltr'><strong>Romana,</strong></span> 
     </span>
     <span class='ocr_line' id='line_1_24' title="bbox 115 3304 1227 3393; baseline -0.001 -22"><span class='ocrx_word' id='word_1_184' title='bbox 115 3305 199 3371; x_wconf 80' lang='lat' dir='ltr'><strong>«ubi</strong></span> <span class='ocrx_word' id='word_1_185' title='bbox 216 3306 416 3371; x_wconf 89' lang='lat' dir='ltr'><strong>contrarium</strong></span> <span class='ocrx_word' id='word_1_186' title='bbox 438 3312 590 3373; x_wconf 89' lang='lat' dir='ltr'><strong>servatur</strong></span> <span class='ocrx_word' id='word_1_187' title='bbox 609 3305 651 3371; x_wconf 91' lang='lat' dir='ltr'><strong>de</strong></span> <span class='ocrx_word' id='word_1_188' title='bbox 676 3304 923 3373; x_wconf 86' lang='lat' dir='ltr'><strong>consuetudine.</strong></span> <span class='ocrx_word' id='word_1_189' title='bbox 942 3335 956 3362; x_wconf 83' lang='lat'>»</span> <span class='ocrx_word' id='word_1_190' title='bbox 982 3307 1031 3393; x_wconf 89' lang='lat' dir='ltr'><strong>(In</strong></span> <span class='ocrx_word' id='word_1_191' title='bbox 1046 3313 1144 3393; x_wconf 87' lang='lat' dir='ltr'><strong>caput</strong></span> <span class='ocrx_word' id='word_1_192' title='bbox 1160 3311 1227 3372; x_wconf 84' lang='lat' dir='ltr'><strong>Cle·</strong></span> 
     </span>
     <span class='ocr_line' id='line_1_25' title="bbox 110 3420 1227 3508; baseline 0.001 -22"><span class='ocrx_word' id='word_1_193' title='bbox 110 3429 165 3486; x_wconf 78' lang='lat' dir='ltr'><strong>rici</strong></span> <span class='ocrx_word' id='word_1_194' title='bbox 182 3425 213 3502; x_wconf 85' lang='lat'><strong>1,</strong></span> <span class='ocrx_word' id='word_1_195' title='bbox 230 3422 380 3501; x_wconf 84' lang='lat' dir='ltr'><strong>titvdi37,</strong></span> <span class='ocrx_word' id='word_1_196' title='bbox 398 3421 476 3487; x_wconf 93' lang='lat' dir='ltr'><strong>libri</strong></span> <span class='ocrx_word' id='word_1_197' title='bbox 493 3424 505 3485; x_wconf 86' lang='lat'>1</span> <span class='ocrx_word' id='word_1_198' title='bbox 528 3421 669 3501; x_wconf 81' lang='lat' dir='ltr'><strong>decret,</strong></span> <span class='ocrx_word' id='word_1_199' title='bbox 688 3442 721 3486; x_wconf 91' lang='lat' dir='ltr'><strong>n.</strong></span> <span class='ocrx_word' id='word_1_200' title='bbox 740 3420 809 3508; x_wconf 83' lang='lat'><strong>22.)</strong></span> <span class='ocrx_word' id='word_1_201' title='bbox 822 3452 836 3478; x_wconf 89' lang='lat'>«</span> <span class='ocrx_word' id='word_1_202' title='bbox 854 3423 893 3487; x_wconf 90' lang='lat' dir='ltr'><strong>In</strong></span> <span class='ocrx_word' id='word_1_203' title='bbox 907 3423 1051 3489; x_wconf 85' lang='lat' dir='ltr'><strong>Romana</strong></span> <span class='ocrx_word' id='word_1_204' title='bbox 1065 3425 1166 3503; x_wconf 87' lang='lat' dir='ltr'><strong>curia,</strong></span> <span class='ocrx_word' id='word_1_205' title='bbox 1181 3424 1227 3488; x_wconf 91' lang='lat' dir='ltr'><strong>ait</strong></span> 
     </span>
     <span class='ocr_line' id='line_1_26' title="bbox 114 3534 1225 3619; baseline 0.001 -17"><span class='ocrx_word' id='word_1_206' title='bbox 114 3565 128 3591; x_wconf 85' lang='lat'>«</span> <span class='ocrx_word' id='word_1_207' title='bbox 139 3535 304 3619; x_wconf 83' lang='lat' dir='ltr'><strong>Pirrhing,</strong></span> <span class='ocrx_word' id='word_1_208' title='bbox 325 3555 366 3601; x_wconf 87' lang='lat' dir='ltr'><strong>ex</strong></span> <span class='ocrx_word' id='word_1_209' title='bbox 378 3535 613 3602; x_wconf 88' lang='lat' dir='ltr'><strong>consuetudine</strong></span> <span class='ocrx_word' id='word_1_210' title='bbox 627 3544 662 3601; x_wconf 90' lang='lat' dir='ltr'><strong>et</strong></span> <span class='ocrx_word' id='word_1_211' title='bbox 673 3534 876 3619; x_wconf 86' lang='lat' dir='ltr'><strong>indulgentia</strong></span> <span class='ocrx_word' id='word_1_212' title='bbox 891 3537 922 3602; x_wconf 85' lang='lat' dir='ltr'><strong>S.</strong></span> <span class='ocrx_word' id='word_1_213' title='bbox 935 3538 1113 3616; x_wconf 87' lang='lat' dir='ltr'><strong>Pontificis‚</strong></span> <span class='ocrx_word' id='word_1_214' title='bbox 1127 3539 1225 3604; x_wconf 88' lang='lat' dir='ltr'><strong>etiam</strong></span> 
     </span>
     <span class='ocr_line' id='line_1_27' title="bbox 114 3650 1227 3735; baseline -0.001 -16"><span class='ocrx_word' id='word_1_215' title='bbox 114 3652 252 3719; x_wconf 77' lang='lat' dir='ltr'><strong>«clerici</strong></span> <span class='ocrx_word' id='word_1_216' title='bbox 268 3650 486 3718; x_wconf 87' lang='lat' dir='ltr'><strong>advocationis</strong></span> <span class='ocrx_word' id='word_1_217' title='bbox 511 3658 545 3715; x_wconf 90' lang='lat' dir='ltr'><strong>ct</strong></span> <span class='ocrx_word' id='word_1_218' title='bbox 567 3652 804 3735; x_wconf 89' lang='lat' dir='ltr'><strong>procurationis</strong></span> <span class='ocrx_word' id='word_1_219' title='bbox 826 3652 958 3734; x_wconf 88' lang='lat' dir='ltr'><strong>publica</strong></span> <span class='ocrx_word' id='word_1_220' title='bbox 976 3673 1111 3718; x_wconf 88' lang='lat' dir='ltr'><strong>munera</strong></span> <span class='ocrx_word' id='word_1_221' title='bbox 1132 3673 1227 3719; x_wconf 89' lang='lat' dir='ltr'><strong>exer-</strong></span> 
     </span>
     <span class='ocr_line' id='line_1_28' title="bbox 114 3765 1225 3862; baseline -0.002 -28"><span class='ocrx_word' id='word_1_222' title='bbox 114 3773 418 3852; x_wconf 75' lang='lat' dir='ltr'><strong>«compescunt»</strong></span> <span class='ocrx_word' id='word_1_223' title='bbox 444 3766 606 3862; x_wconf 81' lang='lat' dir='ltr'><strong>(Incapnt</strong></span> <span class='ocrx_word' id='word_1_224' title='bbox 620 3769 730 3832; x_wconf 81' lang='lat' dir='ltr'><strong>Clerici</strong></span> <span class='ocrx_word' id='word_1_225' title='bbox 747 3768 776 3844; x_wconf 85' lang='lat' dir='ltr'><strong>l,</strong></span> <span class='ocrx_word' id='word_1_226' title='bbox 804 3770 842 3830; x_wconf 80' lang='lat' dir='ltr'><strong>de</strong></span> <span class='ocrx_word' id='word_1_227' title='bbox 868 3771 1073 3847; x_wconf 70' lang='lat' dir='ltr'><strong>postolando,</strong></span> <span class='ocrx_word' id='word_1_228' title='bbox 1097 3788 1130 3831; x_wconf 91' lang='lat' dir='ltr'><strong>n.</strong></span> <span class='ocrx_word' id='word_1_229' title='bbox 1159 3765 1225 3853; x_wconf 81' lang='lat'>12.)</span> 
     </span>
     <span class='ocr_line' id='line_1_29' title="bbox 114 3880 1226 3970; baseline -0.003 -19"><span class='ocrx_word' id='word_1_230' title='bbox 114 3883 229 3951; x_wconf 78' lang='lat' dir='ltr'><strong>«Addi</strong></span> <span class='ocrx_word' id='word_1_231' title='bbox 244 3883 347 3950; x_wconf 90' lang='lat' dir='ltr'><strong>debet</strong></span> <span class='ocrx_word' id='word_1_232' title='bbox 374 3883 503 3970; x_wconf 88' lang='lat' dir='ltr'><strong>(nempe</strong></span> <span class='ocrx_word' id='word_1_233' title='bbox 529 3882 775 3965; x_wconf 87' lang='lat' dir='ltr'><strong>exceptionibus</strong></span> <span class='ocrx_word' id='word_1_234' title='bbox 798 3880 841 3947; x_wconf 92' lang='lat' dir='ltr'><strong>ad</strong></span> <span class='ocrx_word' id='word_1_235' title='bbox 861 3884 1048 3965; x_wconf 83' lang='lat' dir='ltr'><strong>generalem</strong></span> <span class='ocrx_word' id='word_1_236' title='bbox 1069 3882 1226 3968; x_wconf 80' lang='lat' dir='ltr'><strong>regulam)</strong></span> 
     </span>
     <span class='ocr_line' id='line_1_30' title="bbox 114 3997 1229 4082; baseline -0.001 -16"><span class='ocrx_word' id='word_1_237' title='bbox 114 3998 345 4067; x_wconf 79' lang='lat' dir='ltr'><strong>«consuetudo</strong></span> <span class='ocrx_word' id='word_1_238' title='bbox 363 3998 514 4065; x_wconf 82' lang='lat' dir='ltr'><strong>Romanae</strong></span> <span class='ocrx_word' id='word_1_239' title='bbox 530 3998 638 4076; x_wconf 80' lang='lat' dir='ltr'><strong>curiae,</strong></span> <span class='ocrx_word' id='word_1_240' title='bbox 664 3998 698 4061; x_wconf 91' lang='lat' dir='ltr'><strong>in</strong></span> <span class='ocrx_word' id='word_1_241' title='bbox 717 4016 792 4082; x_wconf 91' lang='lat' dir='ltr'><strong>qua,</strong></span> <span class='ocrx_word' id='word_1_242' title='bbox 821 3997 944 4062; x_wconf 87' lang='lat' dir='ltr'><strong>Summi</strong></span> <span class='ocrx_word' id='word_1_243' title='bbox 961 3997 1128 4063; x_wconf 81' lang='lat' dir='ltr'><strong>Pontificio</strong></span> <span class='ocrx_word' id='word_1_244' title='bbox 1146 3999 1229 4065; x_wconf 89' lang='lat' dir='ltr'><strong>tole-</strong></span> 
     </span>
     <span class='ocr_line' id='line_1_31' title="bbox 113 4112 1229 4195; baseline -0.002 -12"><span class='ocrx_word' id='word_1_245' title='bbox 113 4116 258 4195; x_wconf 79' lang='lat' dir='ltr'><strong>«rantia‚</strong></span> <span class='ocrx_word' id='word_1_246' title='bbox 279 4114 401 4194; x_wconf 87' lang='lat' dir='ltr'><strong>clerici,</strong></span> <span class='ocrx_word' id='word_1_247' title='bbox 420 4115 518 4182; x_wconf 89' lang='lat' dir='ltr'><strong>etiam</strong></span> <span class='ocrx_word' id='word_1_248' title='bbox 532 4112 732 4192; x_wconf 85' lang='lat' dir='ltr'><strong>sacerdotes,</strong></span> <span class='ocrx_word' id='word_1_249' title='bbox 745 4113 836 4179; x_wconf 90' lang='lat' dir='ltr'><strong>obire</strong></span> <span class='ocrx_word' id='word_1_250' title='bbox 854 4113 960 4181; x_wconf 94' lang='lat' dir='ltr'><strong>solent</strong></span> <span class='ocrx_word' id='word_1_251' title='bbox 975 4132 1112 4180; x_wconf 86' lang='lat' dir='ltr'><strong>munera</strong></span> <span class='ocrx_word' id='word_1_252' title='bbox 1128 4114 1229 4181; x_wconf 91' lang='lat' dir='ltr'><strong>advo-</strong></span> 
     </span>
    </p>
   </div>
   <div class='ocr_carea' id='block_1_7' title="bbox 144 4362 797 4432">
    <p class='ocr_par' dir='ltr' id='par_1_7' title="bbox 144 4362 797 4432">
     <span class='ocr_line' id='line_1_32' title="bbox 144 4362 797 4432; baseline -0.008 -15"><span class='ocrx_word' id='word_1_253' title='bbox 144 4368 180 4432; x_wconf 80' lang='lat' dir='ltr'><strong>(l)</strong></span> <span class='ocrx_word' id='word_1_254' title='bbox 199 4365 239 4417; x_wconf 83' lang='lat' dir='ltr'><strong>De</strong></span> <span class='ocrx_word' id='word_1_255' title='bbox 249 4363 356 4429; x_wconf 62' lang='lat' dir='ltr'><strong>syuodo</strong></span> <span class='ocrx_word' id='word_1_256' title='bbox 366 4364 526 4420; x_wconf 74' lang='lat' dir='ltr'><strong>diocesano,</strong></span> <span class='ocrx_word' id='word_1_257' title='bbox 540 4362 558 4414; x_wconf 89' lang='lat' dir='ltr'><strong>l.</strong></span> <span class='ocrx_word' id='word_1_258' title='bbox 572 4363 613 4425; x_wconf 75' lang='lat'><strong>13,</strong></span> <span class='ocrx_word' id='word_1_259' title='bbox 629 4377 651 4413; x_wconf 91' lang='lat' dir='ltr'><strong>c.</strong></span> <span class='ocrx_word' id='word_1_260' title='bbox 662 4363 704 4425; x_wconf 79' lang='lat'><strong>10,</strong></span> <span class='ocrx_word' id='word_1_261' title='bbox 717 4377 741 4413; x_wconf 87' lang='lat' dir='ltr'><strong>u.</strong></span> <span class='ocrx_word' id='word_1_262' title='bbox 755 4364 797 4413; x_wconf 70' lang='lat' dir='ltr'><strong>lt.</strong></span> 
     </span>
    </p>
   </div>
   <div class='ocr_carea' id='block_1_8' title="bbox 0 0 1367 4980">
    <p class='ocr_par' dir='ltr' id='par_1_8' title="bbox 0 0 1367 4980">
     <span class='ocr_line' id='line_1_33' title="bbox 0 0 1367 4980; baseline 0 0"><span class='ocrx_word' id='word_1_263' title='bbox 0 0 1367 4980; x_wconf 95' lang='lat' dir='ltr'><strong> </strong></span> 
     </span>
    </p>
   </div>
  </div>
 </body>
</html>
