2714 4980
125 309 189 375 934
470 327 657 375 morasus
678 327 724 373 nn
745 326 894 375 runicis.

124 453 232 527 cordo
239 452 664 536 mstemumum·in›tmum
680 449 722 522 ad
735 449 972 534 ,postulandum
984 450 1226 527 unnadntitbin·

120 575 229 651 ntur,
238 568 358 651 ,inquo
371 567 486 640 ordine
502 567 869 650 duospraetorrentovit
884 568 950 635 :nb
963 576 1070 646 etate,
1086 570 1228 635 minoren

120 704 144 760 ,a
158 681 392 766 septemdecim
398 683 511 766 nunis3
529 673 643 750 aritio
658 684 813 767 corporis,
823 683 978 762 surdum.
993 688 1228 755 :deseruissem

121 818 144 856 n
157 815 271 868 eorum
290 804 342 865 est
360 797 416 882 qui
436 816 497 880 pro
513 798 582 865 aliis
599 798 764 881 pastinare
779 797 1022 881 prohibentur,
1034 818 1105 883 :pro
1123 818 1229 866 senon

122 909 380 992 sprohibentur.
393 912 432 977 In
444 911 505 980 hoc
516 911 633 980 ordine
643 931 705 979 sex
719 915 857 996 excepti,
872 915 978 979 notati
988 913 1189 993 trasedioio,
1202 922 1229 979 et

121 1049 141 1086 a
154 1025 292 1092 totidem
305 1028 601 1098 constitutionibus.
613 1028 732 1095 Edicto
746 1029 780 1097 hi
794 1051 802 1094 :
819 1048 838 1094 a
853 1049 934 1095 sexu
948 1029 1110 1113 foeminam
1127 1012 1229 1096 aritio

122 1143 297 1226 noorporis
315 1160 442 1227 coecus;
458 1144 539 1213 item
553 1162 699 1226 personae
718 1144 923 1229 turpitudine
941 1145 1114 1224 notabiles,
1131 1145 1230 1230 quales

122 1279 139 1317 ι(
154 1265 230 1327 sunt
243 1255 277 1325 bi
293 1265 456 1343 quatuor:
474 1259 532 1343 qui
555 1260 725 1327 muliebria
740 1279 852 1344 passus
864 1267 932 1344 est;
950 1261 1007 1345 qui
1017 1261 1159 1345 capitali
1176 1263 1229 1326 cri·

122 1395 139 1433 «
152 1371 439 1457 minedamnatus3
449 1374 514 1458 ¹qni
528 1373 698 1445 damnatus
714 1377 880 1441 mlummae
888 1377 1018 1460 publici
1034 1375 1152 1461 judicii
1161 1398 1168 1459 ;
1178 1377 1229 1461 :qui

123 1505 268 1569 coperas
291 1487 411 1553 locavit
426 1488 463 1553 in
484 1489 562 1567 boc,
584 1497 622 1555 ut
645 1510 719 1556 cum
742 1490 853 1556 bestiis
872 1489 1089 1574 depugnarei.
1108 1491 1228 1559 -Gonsti

122 1603 334 1669 stationibus
355 1605 500 1687 excepti,
520 1625 539 1669 a
560 1606 685 1671 vilitate
705 1604 898 1675 conditionis
916 1606 1114 1690 ,cohortalis3
1129 1606 1228 1673 creli-

13 1707 15 1711 ⁴
121 1721 256 1802 ugione,
279 1739 392 1786 omnes
404 1729 613 1787 sacrosanctae
632 1722 795 1789 catholica
811 1722 975 1805 religionis
984 1723 1155 1806 mysteriis
1172 1740 1228 1786 non

119 1834 282 1917 nimbnti3
305 1835 347 1901 nb
370 1836 545 1918 imperitia,
572 1838 629 1920 qui
651 1835 733 1920 juris
753 1842 787 1901 et
811 1837 921 1920 legum
943 1836 1089 1920 ignari...
1120 1840 1228 1902 Tertiae

119 1953 224 2017 «ordo
238 1949 338 2023 habet
354 1953 487 2035 eosqui,
504 1959 539 2017 et
555 1971 615 2035 pro
629 1971 663 2017 se
680 1958 715 2016 et
728 1971 790 2035 pro
804 1953 902 2020 certis
918 1951 1115 2037 quibusdam
1124 1971 1228 2036 perso

120 2087 137 2126 «
150 2066 200 2135 nis
218 2066 299 2139 hano
318 2084 456 2148 operam
470 2086 589 2132 navure
616 2073 770 2149 possunt,
790 2087 849 2151 pro
866 2049 993 2134 ceteris
1007 2067 1226 2150 prohibentur.

116 2201 133 2243 s
148 2183 189 2247 ln
201 2181 263 2248 boc
277 2181 391 2247 ordine
403 2190 479 2248 sunt
494 2201 606 2249 omnes
618 2182 728 2249 edicto
740 2190 796 2249 aut
807 2183 1095 2251 constitutionibus
1107 2183 1227 2253 infamis

118 2299 263 2375 annoti,
281 2305 404 2381 praeter
415 2298 601 2382 superiores
614 2299 685 2364 illos
697 2305 852 2382 quatuor,
872 2318 952 2384 quos
969 2299 1003 2367 in
1017 2297 1165 2369 secundo
1179 2315 1227 2363 or·

122 2437 133 2468 n
151 2410 226 2476 dine
250 2421 370 2495 praetor
385 2416 521 2479 notavit.
538 2415 690 2480 Personae
706 2433 765 2497 pro
784 2414 904 2499 quibus
927 2414 1093 2496 postulare
1107 2414 1147 2483 iis
1161 2429 1226 2496 par·

119 2527 291 2592 «mittitur
309 2537 402 2607 sunt,
428 2547 498 2614 quae
513 2548 569 2596 eos
592 2536 648 2594 aut
664 2530 817 2613 sanguine
837 2535 976 2612 tangunt
995 2536 1053 2594 aut
1066 2527 1224 2604 affinitate,

120 2664 137 2702 c
151 2648 207 2706 aut
223 2660 362 2726 quorum
378 2644 515 2709 tutelam
531 2663 684 2710 curamue
699 2651 830 2726 gerunt.

160 2755 300 2824 «Closs
323 2777 487 2835 nxrsnun,
510 2777 581 2843 quae
600 2759 721 2844 alioqui
736 2757 870 2824 idoneos
885 2776 946 2842 pro
961 2765 1113 2841 tempore
1128 2775 1226 2824 remo·

19 2876 25 2882 ’
116 2879 231 2948 «vent,
247 2880 333 2937 sunt.
342 2922 348 2937 .
357 2895 379 2938 .:
393 2872 561 2939 interdum
572 2875 640 2956 ipsa
649 2892 745 2938 causa
758 2874 810 2937 cui
821 2873 1085 2968 patrocinantur3
1097 2890 1226 2957 persona

115 2986 299 3054 «adversus
327 3008 423 3074 quam
447 2991 569 3073 agitur;
589 2991 681 3056 locus
712 2988 908 3073 postulandi.
944 2995 1115 3071 Principio,
1152 2977 1226 3054 sicut

115 3123 242 3170 anemo
255 3103 393 3179 idoneus
404 3105 509 3190 juder
522 3113 574 3181 est
589 3108 623 3171 in
641 3126 680 3172 ea
703 3125 799 3171 cansa
817 3104 912 3190 eujus
927 3106 1147 3189 patrocinium
1164 3123 1225 3194 sns-

116 3242 133 3287 s
148 3221 245 3303 cepit,
261 3221 308 3286 sic
324 3221 395 3293 vice
406 3241 502 3287 verse
515 3221 572 3307 qui
579 3221 681 3308 judex
695 3223 729 3287 in
739 3223 951 3307 aliquaeausa
961 3221 1158 3289 constitutus
1170 3228 1223 3296 est,

117 3354 212 3417 cnon
231 3344 340 3419 potest
359 3339 394 3415 in
417 3337 532 3404 eadem
548 3339 606 3405 uni
625 3358 666 3404 ex
682 3337 899 3422 litigatoribus
918 3338 1135 3420 patrocinium
1151 3355 1225 3421 pre·

118 3461 248 3529 astare.
269 3458 413 3534 Secundo,
440 3475 506 3521 non
527 3457 627 3527 cuivis
645 3455 806 3522 adversus
827 3456 957 3540 quosvis
981 3474 1109 3529 causam
1135 3473 1225 3540 agere

117 3588 347 3650 «concessum,
365 3571 513 3656 quamuis
531 3572 658 3638 caeteris
678 3571 778 3637 rebus
801 3571 949 3654 integro:
973 3572 1115 3653 excepti,
1134 3571 1226 3639 advo·

116 3692 239 3762 coatus
256 3688 347 3766 lissi,
365 3689 423 3772 qui
434 3686 592 3763 adversus
608 3689 733 3754 Fiscum
745 3686 909 3771 postrdare
925 3687 1133 3771 prohibetur,
1152 3705 1227 3773 pro·

116 3811 293 3888 «terquam
309 3806 336 3869 si
350 3823 411 3888 pro
427 3823 462 3869 se
475 3811 532 3869 aut
544 3823 605 3888 pro
620 3823 718 3888 supra
733 3805 860 3889 scriptis
875 3804 1021 3886 personis
1031 3805 1226 3888 postulet...;

114 3943 131 3983 c
146 3928 181 3986 et
190 3922 338 4004 privatus
352 3921 467 4004 quivis,
481 3921 537 4004 qui
548 3919 688 4004 aliquem
698 3918 944 3985 defendendum
954 3922 1112 4003 suscepit:
1129 3937 1227 4005 neque

115 4037 232 4105 «enim
253 4037 315 4120 ipsi
336 4037 415 4103 licet
438 4034 595 4103 adversus
619 4055 695 4100 eum
716 4035 919 4102 advocatiam
943 4045 1153 4116 convertere,
1176 4034 1230 4103 nisi

115 4153 233 4219 «forte
255 4154 326 4238 quis
343 4154 479 4239 pupillo,
502 4151 660 4219 adversus
679 4150 772 4236 cujus
786 4160 914 4235 patrem
929 4153 1127 4238 postulabat,
1145 4159 1228 4221 tutor

117 4269 245 4347 «datus
270 4269 384 4344 fuerit,
408 4277 520 4351 Tertio,
537 4271 571 4336 in
591 4290 632 4337 eo
655 4270 726 4341 loco
750 4271 784 4336 in
802 4288 866 4355 quo
891 4278 1001 4339 certus
1023 4278 1059 4337 et
1081 4270 1229 4339 delinitus

119 4387 382 4463 «advocatorum
408 4405 563 4461 numerus
584 4389 778 4475 constitutus
795 4396 855 4466 est,
874 4387 1121 4457 advocationem
1142 4404 1229 4454 excr-
