2714 4980
566 309 646 358 rsus
667 311 779 357 rarus.
1171 295 1236 359 269

119 429 419 515 Scbmnlzgrueber,
435 431 611 499 intitnlum
625 436 657 511 2,
674 434 782 499 libriu
796 432 1024 512 decretalium,
1041 452 1074 498 n.
1095 432 1163 518 20).
1176 435 1238 502 llle

117 554 231 612 autem
245 547 418 631 multiplex
438 546 556 614 modus
575 548 707 632 originis
729 548 929 616 domicilium
952 548 1185 628 contrahendi,
1202 551 1237 617 in

114 661 187 748 jure
198 664 345 729 Romano
359 662 607 744 determinatus,
623 665 735 731 valere
752 665 834 731 etin
848 665 922 751 jure
938 667 1093 730 canonico
1106 685 1238 732 censen·

116 777 177 845 dus
195 787 269 864 est3
286 798 361 846 oum
375 780 409 845 in
429 780 489 846 ista
508 800 546 848 re
566 781 608 847 ab
623 782 766 849 Ecclesia
786 802 852 847 non
870 783 971 848 fuerit
981 784 999 847 J
1002 783 1180 847 ustinianea
1189 783 1238 849 lc·

115 895 242 973 gislatio
263 904 421 963 correcta.
444 920 460 957 «
473 897 543 962 Non
563 905 688 976 tamen,
713 900 758 964 ait
775 899 928 982 Pirrhing
944 898 989 985 (in
1003 900 1055 963 tit.
1077 901 1109 975 2,
1132 899 1190 964 lib.
1215 902 1235 964 2

116 1010 374 1091 «decretalium,
393 1034 427 1078 n.
446 1011 511 1098 10),
530 1015 679 1099 sequitur
697 1015 770 1099 quis
790 1015 949 1098 originem
967 1016 1104 1081 aliorum
1125 1034 1237 1081 ascen-

116 1127 296 1194 «dentium
320 1147 378 1195 seu
397 1137 570 1213 parentum
592 1130 752 1215 majorum
772 1137 807 1197 et
826 1133 1064 1216 antiquiorum3
1094 1131 1236 1216 alioquin

116 1246 253 1330 «quiris
274 1253 361 1312 esset
378 1247 457 1311 civis
476 1247 666 1329 originarius
680 1247 767 1312 illius
788 1248 852 1314 loci
872 1249 906 1312 in
930 1266 995 1332 quo
1017 1246 1121 1314 Adam
1139 1254 1236 1314 natus

113 1369 205 1441 «est,
220 1360 312 1448 quod
323 1370 410 1428 esset
423 1362 612 1460 absurdum.
633 1365 745 1448 Neque
756 1365 853 1429 etiam
869 1370 1019 1450 sequitur
1035 1367 1106 1450 quis
1117 1371 1236 1431 mater·

113 1498 219 1544 cnam
244 1479 418 1561 originem,
447 1479 503 1544 rel
524 1498 659 1544 avorum
682 1487 933 1545 maternorum:
955 1502 972 1542 »
993 1482 1054 1545 nisi
1073 1487 1186 1545 tamen

110 1595 251 1677 spurius,
269 1599 304 1658 et
324 1601 451 1677 patrem
464 1594 632 1660 nominare
654 1613 719 1660 non
738 1597 842 1677 possit
855 1596 911 1660 rel
924 1614 990 1659 non
1006 1594 1145 1679 audeat;
1161 1596 1235 1680 qma

110 1711 137 1776 is
162 1710 363 1776 domicilium
386 1711 596 1794 originarium
622 1713 734 1777 matris
760 1715 919 1796 sequitur.
953 1711 1047 1799 (Vide
1075 1712 1241 1778 Schmalz*

110 1827 307 1910 grneberin
320 1828 372 1892 tit.
392 1831 424 1906 2,
446 1827 525 1893 libr
543 1831 563 1892 2
578 1827 719 1906 decret,
739 1849 772 1893 n.
793 1828 862 1914 22.)

150 1947 303 2024 Semndo,
321 1962 362 2008 an
381 1945 451 2029 quis
472 1943 672 2009 domicillam
690 1945 822 2028 originis
836 1945 870 2009 in
887 1965 926 2011 eo
947 1946 1020 2011 loco
1048 1945 1183 2024 babeat,
1201 1946 1235 2010 in

108 2077 172 2144 qno
186 2079 230 2125 ex
244 2065 348 2125 matre
362 2060 443 2124 istac
457 2066 648 2124 transeunte
669 2067 765 2125 natus
780 2067 842 2138 est,
868 2061 957 2125 inter
979 2059 1133 2125 doctores
1158 2079 1235 2127 con.

107 2177 317 2243 trovertitur.
338 2176 446 2241 Prima
465 2176 643 2254 sententia,
662 2193 734 2260 qum
750 2183 800 2241 est
812 2176 958 2255 Abbatis,
979 2177 1142 2256 Barbosae,
1162 2179 1235 2243 Pir-

111 2292 217 2376 rbing,
237 2310 313 2357 cum
330 2293 439 2357 multis
457 2293 543 2370 aliis,
562 2283 678 2376 negat3
697 2291 899 2357 contendens
919 2310 1037 2375 nempe
1052 2295 1175 2378 requiri
1196 2301 1235 2359 ut

111 2408 230 2474 inloco
243 2408 277 2472 in
295 2426 360 2492 quo
378 2409 449 2493 quis
464 2414 559 2473 natus
580 2415 645 2486 est,
667 2414 821 2489 parentes
835 2406 917 2492 ejus,
936 2404 1002 2473 non
1020 2409 1242 2487 transeundo,¹

116 2522 175 2590 scd
199 2524 429 2591 commorando
448 2525 628 2590 extiterint.
645 2522 794 2590 Secunda
808 2543 889 2590 vero
904 2525 1066 2590 sententia
1083 2525 1231 2605 affirmat,

112 2637 289 2703 nonnullos
302 2636 382 2722 juris
396 2637 531 2704 Romani
544 2644 656 2702 textus
673 2636 826 2720 allegans,
845 2645 880 2702 et
899 2637 981 2702 hanc
997 2637 1124 2706 addens
1138 2641 1236 2706 ratio-

113 2746 212 2834 nem,
223 2753 312 2839 quod
327 2753 477 2840 alioquin,
496 2755 553 2838 qui
570 2755 678 2820 Rome
696 2773 737 2818 ex
749 2755 1007 2834 transeuntibus,
1025 2762 1060 2821 et
1077 2757 1235 2822 Viennam

118 2874 166 2939 ad
185 2873 430 2939 domiciliumibi
444 2871 609 2956 figendum
623 2871 836 2955 pergentibus
854 2872 1045 2954 parentibus
1059 2880 1231 2952 natusest,

113 2991 191 3056 ciris
207 2990 398 3074 originarius
412 2991 542 3056 Viennae
557 2989 646 3055 foret
660 2987 843 3065 discendus,
862 2987 951 3072 quod
967 2987 1147 3054 absurdum
1167 2995 1232 3054 est.

114 3107 221 3173 Tertia
253 3125 327 3172 cum
357 3104 659 3189 Schmalzgrneber,
688 3105 734 3168 sic
756 3103 951 3186 distinguit:
979 3105 1035 3188 qui
1063 3104 1097 3169 in
1117 3105 1236 3170 itinere

114 3231 209 3290 natus
224 3229 289 3301 est,
310 3222 427 3288 velita
442 3230 537 3287 natus
554 3229 604 3287 est
623 3220 702 3286 dum
715 3228 871 3304 parentes
888 3219 959 3305 ejus
977 3219 1019 3286 ad
1035 3219 1236 3286 domicilium

116 3341 143 3427 (a
164 3359 233 3425 quo
256 3338 299 3404 ad
318 3346 449 3422 tempus
469 3335 649 3421 exiverant)
674 3334 844 3413 redibant,
862 3335 915 3401 vel
937 3344 1051 3402 contra
1071 3344 1235 3402 natusest

113 3453 192 3522 dum
204 3461 361 3538 parentes
374 3452 454 3538 ejus,
471 3452 635 3518 domicilio
653 3452 764 3535 priore
778 3449 923 3530 deserto,
944 3452 1022 3516 alibi
1037 3451 1236 3518 domicilium

113 3569 321 3636 constituturi
339 3568 541 3652 migrabant:
560 3569 586 3633 si
597 3567 704 3651 prius,
726 3568 771 3632 sic
786 3574 882 3631 natus
896 3568 1088 3649 originarius
1100 3585 1166 3633 non
1184 3572 1237 3631 est

110 3685 173 3752 loci
190 3684 251 3750 ubi
269 3690 443 3761 natusest,
463 3681 523 3748 sed
537 3683 602 3748 loci
616 3682 674 3748 ubi
694 3681 893 3748 domicilium
917 3689 1071 3765 parentes
1084 3680 1232 3746 babent:

111 3803 136 3868 si
161 3802 344 3886 posterius,
369 3799 569 3866 domicilium
586 3800 718 3883 originis
735 3799 796 3882 ipsi
818 3806 868 3864 est
886 3798 979 3864 locus
998 3798 1057 3863 ubi
1076 3796 1184 3863 editus
1201 3797 1235 3863 in

109 3918 220 3986 lucem
234 3925 298 3983 est.
991 3935 993 3939 ·
1220 3993 1226 4001 ¹

151 4039 192 4101 ’2ο
206 4035 257 4099 An
271 4042 306 4099 et
323 4033 463 4118 qualiter
477 4051 519 4098 ex
537 4032 667 4115 originis
681 4030 847 4097 domicilio
867 4031 993 4097 oriatur
1014 4034 1234 4115 competentia

108 4129 198 4221 lori?
209 4186 256 4200 -
268 4174 286 4214 r
299 4151 502 4217 Domioilium
520 4148 651 4230 originis
668 4147 725 4234 (ait
743 4147 843 4224 llutb,
861 4149 894 4211 in
912 4147 965 4212 tit.
988 4149 1019 4226 2,
1038 4147 1115 4212 libri
1138 4149 1157 4210 2
1173 4145 1233 4212 de·

112 4277 242 4345 acret,
262 4274 376 4353 quaest.
394 4265 440 4351 3),
464 4265 561 4330 bodie
580 4264 635 4330 rix
650 4263 761 4339 servit,
783 4264 844 4328 nisi
863 4261 906 4328 de
923 4262 997 4347 jure
1019 4265 1171 4331 canonico
1190 4263 1236 4331 ad

112 4385 384 4467 «susceptionem
393 4381 545 4447 ordinum
561 4380 644 4466 (cap.
663 4383 695 4458 3,
714 4383 750 4442 tte
767 4384 908 4462 Tempore
921 4382 1099 4459 ordinaret,
1118 4382 1151 4445 in
1160 4378 1230 4466 6).»
