2714 4980
560 292 640 342 rsus
662 291 821 342 secusne.
1175 278 1235 341 361

125 419 255 488 vicario
270 418 392 506 absque
414 416 511 486 dictis
528 419 632 485 nimiis
651 417 924 497 restrictionibus,
941 437 996 485 ecs
1012 424 1127 503 postea
1142 437 1243 503 appo·-

123 544 198 616 nat,
215 557 281 604 non
306 539 458 603 immutat
482 537 602 603 vicarii
625 537 676 602 sui
700 535 860 620 generalis
885 534 1164 620 jurisdictionem,
1183 535 1247 602 sed.

121 654 231 737 ipsum
256 652 299 720 de
320 653 408 720 iacto
429 661 580 732 revocat,
604 661 639 719 et
666 652 854 735 delegatum
877 660 979 717 creat.
1006 651 1100 718 Unde
1125 671 1243 718 revera

118 767 307 854 jurisdictio
331 769 451 839 Vicarii
476 770 640 853 generalis
665 768 768 841 officio
793 767 941 852 alligata,
962 775 1012 833 est
1034 775 1125 834 certo
1143 765 1241 833 modo

119 881 340 950 determinata
362 903 403 948 ex
422 883 497 968 jure
517 884 697 961 communi,
715 885 810 950 etita
824 889 862 949 ut
877 882 928 948 hic
944 882 1062 959 modus
1085 882 1246 949 determi-.

116 1000 259 1065 nationis
282 1008 424 1084 nequeat
449 999 490 1065 ab
511 1000 668 1082 Episcopo
694 997 865 1065 demedio
887 999 957 1064 tolli
976 1005 1034 1065 aut
1054 1000 1230 1064 immutari.

115 1115 206 1198 Ergo
219 1113 402 1199 jurisdictio
418 1114 486 1180 haec
502 1122 553 1180 est
567 1134 586 1179 a
601 1115 672 1198 lege
688 1122 722 1181 et
740 1134 806 1182 non
821 1113 863 1179 ah
879 1114 1050 1197 Episcopo.
1084 1158 1088 1190 :

162 1231 339 1308 Praeterea,
358 1229 411 1295 illa
430 1228 611 1313 jurisdictio
636 1236 725 1294 esta
748 1229 822 1312 lege
847 1235 882 1294 et
910 1249 977 1294 non
1004 1228 1045 1294 ab
1064 1228 1239 1312 Episcopo,
1331 1250 1332 1254 ¹

114 1364 217 1432 quam
243 1346 357 1430 nequit
383 1345 573 1428 Episcopus,
600 1345 770 1412 conferre:
795 1346 885 1429 atqui
904 1343 1164 1430 jurisdictionem
1180 1347 1241 1415 ,vi-

114 1463 207 1528 cario
225 1462 369 1545 generali
387 1463 551 1546 propriam
569 1464 683 1547 nequit
701 1480 762 1546 per
780 1463 923 1545 seipsum
941 1464 1045 1528 solum
1061 1462 1242 1545 Episcopus

114 1578 294 1644 conferre:
315 1597 391 1643 nam
407 1577 589 1663 jurisdictio
609 1578 689 1655 haec,
708 1597 774 1642 non
788 1585 914 1644 tantum
928 1577 1088 1662 generalis
1103 1584 1163 1655 est,
1181 1576 1242 1643 sed

114 1695 218 1761 etiem
233 1693 282 1781 (ut
297 1693 383 1759 infra
395 1694 555 1777 probatur
570 1702 605 1761 et
616 1694 834 1761 communiter
846 1691 1042 1778 admittitur)
1055 1697 1240 1761 Ordinaria:

113 1813 210 1897 atqui
226 1811 335 1877 nullus
348 1812 500 1895 Principe
519 1811 564 1898 (id
577 1818 637 1888 est,
652 1808 752 1896 Papa]
769 1811 904 1878 inferior
919 1817 1027 1895 potest
1043 1809 1242 1896 jurisdictio-

113 1947 195 1994 nem
209 1947 299 1995 suam
314 1929 410 1995 alteri
424 1930 628 1995 committere
645 1927 863 1995 exercendam
879 1935 950 2012 jare
965 1932 1138 2009 ordinariq-
1152 1928 1243 2014 quod

115 2053 213 2111 extra
227 2063 358 2113 omnem
377 2046 633 2114 controversiam
650 2054 700 2111 est
713 2068 721 2112 ε
739 2065 819 2129 ergo
831 2047 1010 2129 Episcopus
1023 2047 1137 2131 nequit
1153 2046 1242 2113 Vica-

115 2162 168 2227 ric
196 2161 341 2244 generali
361 2164 528 2244 propriam
550 2161 807 2246 jurisdictionem
836 2162 999 2228 conferre.
1023 2162 1104 2227 Cum
1131 2169 1242 2228 tamen

115 2283 247 2343 certum
268 2277 310 2342 sit
329 2296 401 2343 eam
419 2276 678 2362 jurisdictionem
706 2277 849 2343 conferri
877 2277 957 2350 dum
982 2278 1160 2361 Episcopus
1184 2279 1242 2343 uli-

115 2412 219 2480 quem
232 2393 395 2458 vicarium
413 2393 600 2477 generalem
618 2394 761 2458 nominat
779 2400 815 2459 et
830 2395 982 2470 inst'tuit,
1005 2395 1153 2479 sequitur
1170 2413 1240 2459 eam

116 2509 261 2576 conferri
276 2510 392 2594 alege,
418 2517 453 2575 et
471 2510 721 2575 nominationem
740 2511 958 2594 episcopalem
974 2530 1046 2578 esse
1073 2510 1241 2577 dumtaxat

117 2625 341 2692 conditionem
362 2625 561 2712 requisitam,
587 2633 625 2690 ut
646 2627 700 2692 lex
728 2625 849 2692 dietam
874 2625 1137 2712 jurisdictionem
1164 2646 1241 2693 con-

116 2741 219 2808 ierat.

164 2861 316 2941 QUAESTIO
338 2861 383 2925 2¹.
405 2895 451 2908 -
465 2862 573 2924 Uirarn
589 2864 726 2924 Vicarias
737 2862 886 2942 petieratis
897 2863 1038 2943 Episcopi
1052 2863 1241 2926 ordinariam

117 2978 227 3041 habeat
234 2979 490 3059 jurisdictionem,
511 2997 552 3040 an
571 2997 640 3042 aero
655 2980 836 3060 delegatum.
849 3013 896 3026 -
911 2977 998 3044 Olim
1014 2975 1148 3061 quidem
1164 2996 1240 3042 con·

116 3092 288 3162 troversia
308 3091 447 3159 obnoxia
467 3092 529 3158 fuit
550 3094 685 3179 questio
706 3093 793 3159 hac:
816 3091 882 3177 jam
902 3090 1028 3157 dudum
1048 3111 1129 3160 vero
1149 3101 1241 3160 certa

117 3209 224 3274 evasit
250 3209 410 3273 sententia
440 3226 512 3293 quae
542 3214 635 3274 tenet
657 3209 777 3274 Vicarii
799 3209 960 3293 generalis
980 3207 1240 3293 jurisdictionem

117 3341 193 3391 esse
211 3323 417 3391 ordinariam.

164 3443 295 3524 Deque
313 3441 474 3507 sententia
497 3443 559 3508 tria
581 3442 801 3510 stabiliemus:
823 3447 855 3510 1⁰
869 3465 942 3512 eam
960 3464 1079 3534 revera
1100 3448 1239 3515 evasisse

118 3575 325 3625 communem
337 3579 349 3641 ;¹
361 3560 395 3623 2⁰
409 3557 521 3623 solidis
537 3558 667 3623 omuino
678 3559 860 3626 rationibus
871 3580 981 3627 veram
999 3561 1236 3650 demonstrari3

118 3677 155 3739 3⁰
171 3692 233 3756 per
246 3671 427 3738 decisiones
441 3679 474 3738 et
487 3674 612 3756 praxim
627 3673 920 3758 congregationum
934 3676 1151 3743 Romanarum
1164 3677 1243 3763 jam·

118 3785 247 3852 dudum
259 3785 348 3851 illam
361 3785 460 3852 fuisse
477 3787 697 3853 canonizatum
713 3796 747 3852 et
760 3797 854 3854 extra
876 3792 1132 3858 controversiam
1153 3792 1239 3874 posi-

118 3912 199 3970 tum.

164 4021 192 4086 Ι.
211 4022 408 4084 ordinariam
423 4040 484 4084 esse
488 4025 733 4104 jurisdictionem
747 4027 861 4088 Viearii
873 4027 1034 4105 generalis,
1051 4032 1096 4088 est
1110 4045 1238 4092 comma

118 4141 169 4200 nis
191 4138 346 4199 doctorum
363 4141 522 4201 sententia.
540 4173 585 4185 —-
600 4137 761 4220 Imprimis
782 4158 854 4205 eam
874 4123 1069 4206 sententiam
1084 4147 1238 4229 tanquam

119 4257 246 4318 certam
260 4258 353 4316 tenet
365 4252 488 4335 glossa:
505 4253 550 4319 sie
562 4255 648 4319 enim
664 4253 763 4319 habet
778 4252 820 4319 ad
835 4250 948 4322 uocem
962 4233 1142 4338 generaliter
1155 4232 1242 4343 capiss¹
