2714 4980
543 293 729 339 TRACTATUS
754 291 795 339 DE
817 289 968 337 tituletis.

704 555 719 626 5
750 549 805 613 IV.

296 772 378 824 Utrum
404 771 496 820 clericis
514 780 537 820 ct
563 770 679 832 religiosis
703 770 791 818 licitum
809 769 849 846 ¹sit
872 769 956 818 notant
985 769 1088 818 officium
1114 782 1238 820 exercerc.

239 1001 381 1084 Quaestio
408 999 476 1064 haec
507 1018 571 1063 non
599 1000 708 1082 plaucis
744 997 898 1062 remansit
926 997 1032 1063 obsita
1064 996 1304 1077 difficultatibus,

192 1117 341 1203 maincia
354 1115 426 1180 luae
441 1115 483 1180 ab
496 1115 685 1180 auctoribus
698 1114 855 1198 plurimis,
872 1113 940 1178 sive
952 1115 1108 1198 antiquis,
1128 1117 1202 1182 sive
1215 1134 1308 1182 recen

195 1232 343 1309 tiorihus,
364 1249 511 1295 excussa.
536 1231 620 1295 Hinc
636 1230 761 1296 etmihi
787 1229 890 1312 ipsam
911 1228 1124 1296 enodandam
1152 1244 1307 1316 proposse

190 1348 405 1434 aggredienti,
425 1348 531 1411 risum
549 1355 599 1412 est
613 1347 771 1430 imprimis
784 1344 914 1430 majoris
930 1345 1094 1413 claritatis
1115 1348 1235 1431 gratia,
1254 1367 1308 1413 ren

191 1467 338 1533 totamin
351 1464 518 1530 distinctas
535 1471 646 1553 partes
664 1483 723 1530 seu
741 1463 976 1546 propositiones
990 1462 1200 1531 distribuere
1218 1472 1250 1531 et
1264 1485 1308 1530 er·

189 1582 306 1668 pedire
325 1603 332 1648 :
348 1580 437 1646 unde
452 1581 504 1658 sit,

236 1701 435 1765 Puerostrlo
452 1699 492 1762 1².
509 1730 554 1745 -·-
568 1701 690 1761 Certum
704 1705 749 1759 est
769 1703 874 1759 entare
887 1702 920 1760 in
931 1701 1005 1778 jure
1018 1705 1169 1763 canonico
1193 1703 1309 1782 recubu

186 1818 369 1898 pennulae,
384 1834 444 1895 qna
461 1815 562 1876 clerici
572 1818 606 1875 in
630 1817 724 1874 sacris
743 1817 900 1875 constituti
916 1813 954 1874 ab
969 1817 1142 1878 exercendo
1158 1821 1309 1879 notariatus

188 1934 287 2012 officio
297 1931 507 2014 prohibentor.
528 1964 575 1978 -
589 1929 724 1993 Constat
746 1947 787 1992 ex
807 1926 968 1993 decretali
985 1933 1075 1993 Sient
1097 1931 1145 2017 (8,
1166 1932 1253 1996 tituli
1265 1933 1307 2007 bb,

189 2047 293 2112 libri3
311 2041 551 2127 decretalium),
568 2045 602 2106 in
618 2062 681 2127 qua
695 2043 741 2107 sic
754 2044 899 2126 precipit
919 2045 1137 2110 Innocentius
1154 2047 1228 2112 Ill:
1249 2047 1310 2110 ali

196 2166 287 2225 aeut
301 2167 335 2225 te
359 2160 543 2240 accepimus
563 2157 742 2234 referente,
762 2177 837 2222 cum
858 2158 1059 2253 'reiterabilis
1073 2163 1198 2227 Frater
1216 2167 1310 2228 nester

189 2298 212 2338 a
229 2277 407 2342 lloatiensis
425 2275 603 2357 Episcopis,
618 2273 695 2338 olim
711 2293 771 2356 per
788 2282 879 2339 tuam
894 2275 1057 2340 transiens
1072 2276 1310 2356 civitatem,tibi

191 2412 210 2452 n
230 2389 361 2455 dederit
379 2389 414 2451 iu
427 2386 590 2452 mandatis
608 2395 646 2451 nt
660 2386 882 2470 presbyteros,
905 2386 1073 2467 diaconos,
1098 2399 1138 2456 et
1154 2391 1308 2458 subduco

193 2528 210 2569 a
226 2523 295 2583 nos,
314 2523 395 2588 quos
416 2502 538 2568 ibidem
557 2502 685 2567 invenit
699 2503 817 2584 praesim
830 2502 1062 2570 tabellionatus
1076 2505 1220 2574 officinm
1231 2525 1309 2574 exer—

134 2697 142 2714 ο
191 2638 210 2686 n
230 2629 353 2699 centes,
372 2620 712 2686 excommunicationis
725 2620 857 2685 viuculo
871 2620 1058 2701 innodares,
1080 2631 1118 2689 et
1138 2645 1197 2692 eos
1212 2623 1307 2710 quinb

193 2737 288 2803 uillis
306 2736 437 2820 publica
453 2736 638 2818 reciperent
652 2736 885 2819 instrumenta;
905 2742 954 2814 tu,
973 2736 1053 2802 lieet
1072 2737 1109 2803 id
1128 2739 1258 2818 feceris,
1276 2757 1307 2805 cs

192 2850 501 2920 amandatotamen
517 2849 666 2933 predicti
691 2851 843 2934 Episcopi
872 2849 1084 2919 dissimulasti
1112 2856 1307 2938 postmodun

194 2993 213 3034 c
228 2969 271 3035 du
289 2967 515 3051 subdiaconis3
533 2966 638 3031 donec
652 2967 793 3053 qualiter
804 2972 916 3033 contra
929 2968 1015 3050 ipsos
1029 2976 1066 3034 et
1081 2971 1166 3037 alios
1176 2973 1211 3037 in
1224 2971 1307 3038 sacru

194 3108 212 3149 c
231 3083 399 3149 ordinibus
409 3084 601 3148 constitutos
612 3081 752 3147 deberes
762 3083 954 3166 procedere,
966 3084 1085 3151 Sedent
1097 3087 1308 3172 ducereslpo

195 3201 373 3265 autolicum
402 3197 646 3263 consulendam.
664 3203 810 3278 Quocirca
825 3204 1026 3264 Fraternitaii
1046 3210 1107 3266 ture
1126 3209 1306 3282 medanae

199 3325 378 3398 «quotenus
396 3318 524 3392 clericis,
547 3321 581 3378 in
605 3320 700 3377 sacris
722 3319 878 3379 ordinibus
895 3323 1081 3400 constitutis,
1108 3325 1307 3386 tabellionatus

195 3455 213 3496 a
231 3421 361 3512 officinm
368 3452 424 3513 per
437 3431 645 3508 marinorum
663 3435 904 3514 subtractionem,
921 3437 1126 3516 appolitiione
1138 3446 1303 3522 postposita,

195 3571 212 3612 u
229 3551 403 3612 interdicas.
418 3568 434 3607 n
456 3547 504 3611 Ea
518 3546 573 3611 illo
584 3553 678 3611 textu
694 3547 893 3614 concludunt
916 3551 1115 3618 unanimiter
1133 3556 1304 3631 canonem,

194 3664 320 3731 clericis
339 3663 373 3726 in
387 3663 487 3727 sacris
500 3661 667 3727 ordinibus
689 3666 872 3729 constitutis
887 3668 1012 3747 nlipuocl
1029 3669 1152 3735 saltem
1171 3671 1306 3737 tabellio·

191 3789 288 3878 uatus
300 3799 359 3845 seu
376 3779 555 3844 notariatus
570 3778 708 3843 officium
724 3798 794 3845 esse
810 3785 1002 3864 repulerim,
1022 3801 1083 3848 seu
1098 3805 1163 3869 per
1184 3787 1306 3854 modun

192 3897 314 3982 regulae
329 3895 500 3978 generalis,
519 3893 742 3960 interdictum.
756 3899 898 3977 Aliquod,
917 3898 1050 3982 inquam
1071 3921 1080 3965 :
1098 3918 1177 3967 narn
1190 3899 1305 3988 quando

193 4013 350 4100 quaeritur
363 4016 476 4076 utrum
493 4008 587 4074 dictis
600 4010 727 4075 clericis
749 4010 967 4076 interdicatur
982 4014 1017 4079 si
1027 4013 1128 4098 hujus
1142 4015 1305 4083 decretulis

192 4127 373 4193 notariatus
385 4125 590 4204 exercitium,
607 4125 705 4191 etiam
718 4127 752 4190 in
766 4127 869 4191 causis
880 4126 1107 4210 spiritualibus
1123 4139 1159 4197 et
1173 4133 1207 4197 in
1220 4129 1304 4198 curiis

193 4241 430 4317 ecclesiasticis,
449 4260 489 4304 an
515 4259 594 4303 vero
613 4238 782 4306 dumtaxat
810 4243 843 4304 in
868 4242 968 4306 curiis
997 4244 1226 4324 saecularibus,
1248 4244 1302 4330 jan

188 4363 281 4427 inter
302 4379 336 4425 se
352 4378 416 4423 non
436 4359 653 4442 consentiunt,
682 4359 742 4426 sed
756 4361 788 4424 in
804 4361 910 4426 varias
924 4364 1102 4429 sententias
1122 4365 1301 4431 scinduntur
