<?xml version="1.0" encoding="UTF-8"?>
<!DOCTYPE html PUBLIC "-//W3C//DTD XHTML 1.0 Transitional//EN"
    "http://www.w3.org/TR/xhtml1/DTD/xhtml1-transitional.dtd">
<html xmlns="http://www.w3.org/1999/xhtml" xml:lang="en" lang="en">
 <head>
  <title>
</title>
<meta http-equiv="Content-Type" content="text/html;charset=utf-8" />
  <meta name='ocr-system' content='tesseract 3.04.00' />
  <meta name='ocr-capabilities' content='ocr_page ocr_carea ocr_par ocr_line ocrx_word'/>
</head>
<body>
  <div class='ocr_page' id='page_1' title='image "./tractatusdejudi00bouigoog_0245.png"; bbox 0 0 2714 4980; ppageno 0'>
   <div class='ocr_carea' id='block_1_1' title="bbox 456 341 880 391">
    <p class='ocr_par' dir='ltr' id='par_1_1' title="bbox 456 341 880 391">
     <span class='ocr_line' id='line_1_1' title="bbox 456 341 880 391; baseline -0.009 0"><span class='ocrx_word' id='word_1_1' title='bbox 456 341 644 391; x_wconf 66' lang='lat' dir='ltr'>mortuus</span> <span class='ocrx_word' id='word_1_2' title='bbox 665 344 710 389; x_wconf 74' lang='lat' dir='ltr'>DE</span> <span class='ocrx_word' id='word_1_3' title='bbox 732 343 880 391; x_wconf 74' lang='lat' dir='ltr'>suuldus.</span> 
     </span>
    </p>
   </div>
   <div class='ocr_carea' id='block_1_2' title="bbox 625 581 723 657">
    <p class='ocr_par' dir='ltr' id='par_1_2' title="bbox 625 581 723 657">
     <span class='ocr_line' id='line_1_2' title="bbox 625 581 723 657; baseline -0.01 -12"><span class='ocrx_word' id='word_1_4' title='bbox 625 586 640 657; x_wconf 84' lang='lat'>§</span> <span class='ocrx_word' id='word_1_5' title='bbox 664 581 723 645; x_wconf 90' lang='lat'><em>111.</em></span> 
     </span>
    </p>
   </div>
   <div class='ocr_carea' id='block_1_3' title="bbox 430 809 911 866">
    <p class='ocr_par' dir='ltr' id='par_1_3' title="bbox 430 809 911 866">
     <span class='ocr_line' id='line_1_3' title="bbox 430 809 911 866; baseline 0.008 -8"><span class='ocrx_word' id='word_1_6' title='bbox 430 811 489 866; x_wconf 81' lang='lat' dir='ltr'>out«</span> <span class='ocrx_word' id='word_1_7' title='bbox 505 813 552 859; x_wconf 80' lang='lat' dir='ltr'>siat</span> <span class='ocrx_word' id='word_1_8' title='bbox 565 809 669 859; x_wconf 79' lang='lat' dir='ltr'>aduocati</span> <span class='ocrx_word' id='word_1_9' title='bbox 683 812 707 858; x_wconf 92' lang='lat' dir='ltr'>iu</span> <span class='ocrx_word' id='word_1_10' title='bbox 720 811 785 859; x_wconf 88' lang='lat' dir='ltr'>curia</span> <span class='ocrx_word' id='word_1_11' title='bbox 799 813 911 861; x_wconf 63' lang='lat' dir='ltr'>Romanu</span> 
     </span>
    </p>
   </div>
   <div class='ocr_carea' id='block_1_4' title="bbox 119 1043 1261 4492">
    <p class='ocr_par' dir='ltr' id='par_1_4' title="bbox 119 1043 1261 3329">
     <span class='ocr_line' id='line_1_4' title="bbox 162 1043 1201 1135; baseline 0.008 -27"><span class='ocrx_word' id='word_1_12' title='bbox 162 1066 178 1100; x_wconf 76' lang='lat' dir='ltr'>c</span> <span class='ocrx_word' id='word_1_13' title='bbox 192 1043 289 1126; x_wconf 77' lang='lat' dir='ltr'>Apud</span> <span class='ocrx_word' id='word_1_14' title='bbox 303 1063 415 1111; x_wconf 92' lang='lat' dir='ltr'>omnes</span> <span class='ocrx_word' id='word_1_15' title='bbox 427 1045 514 1111; x_wconf 82' lang='lat' dir='ltr'>forte</span> <span class='ocrx_word' id='word_1_16' title='bbox 527 1046 668 1130; x_wconf 88' lang='lat' dir='ltr'>reliquas</span> <span class='ocrx_word' id='word_1_17' title='bbox 682 1047 830 1114; x_wconf 80' lang='lat' dir='ltr'>civitates</span> <span class='ocrx_word' id='word_1_18' title='bbox 844 1053 879 1113; x_wconf 88' lang='lat' dir='ltr'>et</span> <span class='ocrx_word' id='word_1_19' title='bbox 892 1048 1007 1114; x_wconf 87' lang='lat' dir='ltr'>mundi</span> <span class='ocrx_word' id='word_1_20' title='bbox 1021 1057 1136 1133; x_wconf 81' lang='lat' dir='ltr'>partes,</span> <span class='ocrx_word' id='word_1_21' title='bbox 1151 1069 1201 1135; x_wconf 84' lang='lat' dir='ltr'>qus</span> 
     </span>
     <span class='ocr_line' id='line_1_5' title="bbox 119 1156 1203 1245; baseline 0.01 -28"><span class='ocrx_word' id='word_1_22' title='bbox 119 1181 135 1218; x_wconf 76' lang='grc' dir='ltr'>«ι</span> <span class='ocrx_word' id='word_1_23' title='bbox 146 1156 241 1242; x_wconf 75' lang='lat' dir='ltr'>Juxta</span> <span class='ocrx_word' id='word_1_24' title='bbox 265 1158 376 1224; x_wconf 87' lang='lat' dir='ltr'>civiles</span> <span class='ocrx_word' id='word_1_25' title='bbox 399 1166 435 1225; x_wconf 87' lang='lat' dir='ltr'>et</span> <span class='ocrx_word' id='word_1_26' title='bbox 460 1161 629 1226; x_wconf 83' lang='lat' dir='ltr'>canonicas</span> <span class='ocrx_word' id='word_1_27' title='bbox 654 1161 758 1245; x_wconf 79' lang='lat' dir='ltr'>leges,</span> <span class='ocrx_word' id='word_1_28' title='bbox 781 1181 855 1227; x_wconf 93' lang='lat' dir='ltr'>cum</span> <span class='ocrx_word' id='word_1_29' title='bbox 878 1162 1111 1229; x_wconf 84' lang='lat' dir='ltr'>advocatorum</span> <span class='ocrx_word' id='word_1_30' title='bbox 1128 1165 1203 1230; x_wconf 88' lang='lat' dir='ltr'>inter·</span> 
     </span>
     <span class='ocr_line' id='line_1_6' title="bbox 120 1273 1205 1361; baseline 0.007 -27"><span class='ocrx_word' id='word_1_31' title='bbox 120 1280 270 1352; x_wconf 88' lang='lat' dir='ltr'>«ventu,</span> <span class='ocrx_word' id='word_1_32' title='bbox 288 1274 362 1339; x_wconf 88' lang='lat' dir='ltr'>lites</span> <span class='ocrx_word' id='word_1_33' title='bbox 383 1282 418 1340; x_wconf 92' lang='lat' dir='ltr'>et</span> <span class='ocrx_word' id='word_1_34' title='bbox 428 1273 553 1359; x_wconf 84' lang='lat' dir='ltr'>judicia</span> <span class='ocrx_word' id='word_1_35' title='bbox 567 1275 766 1359; x_wconf 81' lang='lat' dir='ltr'>expediunt,</span> <span class='ocrx_word' id='word_1_36' title='bbox 783 1279 948 1361; x_wconf 81' lang='lat' dir='ltr'>praecipna</span> <span class='ocrx_word' id='word_1_37' title='bbox 968 1297 1073 1344; x_wconf 84' lang='lat' dir='ltr'>causae</span> <span class='ocrx_word' id='word_1_38' title='bbox 1095 1277 1205 1344; x_wconf 85' lang='lat' dir='ltr'>directio</span> 
     </span>
     <span class='ocr_line' id='line_1_7' title="bbox 120 1392 1207 1477; baseline 0.008 -28"><span class='ocrx_word' id='word_1_39' title='bbox 120 1396 287 1468; x_wconf 82' lang='lat' dir='ltr'>«etcum,</span> <span class='ocrx_word' id='word_1_40' title='bbox 309 1397 381 1454; x_wconf 92' lang='lat' dir='ltr'>tum</span> <span class='ocrx_word' id='word_1_41' title='bbox 394 1410 412 1455; x_wconf 91' lang='lat' dir='ltr'>a</span> <span class='ocrx_word' id='word_1_42' title='bbox 425 1393 594 1474; x_wconf 91' lang='lat' dir='ltr'>principio,</span> <span class='ocrx_word' id='word_1_43' title='bbox 612 1397 683 1456; x_wconf 90' lang='lat' dir='ltr'>tum</span> <span class='ocrx_word' id='word_1_44' title='bbox 696 1392 731 1458; x_wconf 91' lang='lat' dir='ltr'>in</span> <span class='ocrx_word' id='word_1_45' title='bbox 747 1392 889 1459; x_wconf 91' lang='lat' dir='ltr'>decursu</span> <span class='ocrx_word' id='word_1_46' title='bbox 909 1400 945 1459; x_wconf 89' lang='lat' dir='ltr'>et</span> <span class='ocrx_word' id='word_1_47' title='bbox 965 1394 1043 1472; x_wconf 87' lang='lat' dir='ltr'>fine,</span> <span class='ocrx_word' id='word_1_48' title='bbox 1062 1413 1157 1477; x_wconf 89' lang='lat' dir='ltr'>penes</span> <span class='ocrx_word' id='word_1_49' title='bbox 1169 1392 1207 1460; x_wconf 89' lang='lat' dir='ltr'>ad·</span> 
     </span>
     <span class='ocr_line' id='line_1_8' title="bbox 121 1507 1261 1593; baseline 0.009 -27"><span class='ocrx_word' id='word_1_50' title='bbox 121 1531 138 1567; x_wconf 91' lang='lat'>«</span> <span class='ocrx_word' id='word_1_51' title='bbox 153 1513 304 1570; x_wconf 87' lang='lat' dir='ltr'>vocatum</span> <span class='ocrx_word' id='word_1_52' title='bbox 322 1513 383 1572; x_wconf 90' lang='lat' dir='ltr'>est.</span> <span class='ocrx_word' id='word_1_53' title='bbox 401 1507 466 1588; x_wconf 87' lang='lat' dir='ltr'>Qui</span> <span class='ocrx_word' id='word_1_54' title='bbox 480 1507 619 1590; x_wconf 85' lang='lat' dir='ltr'><strong>proinde</strong></span> <span class='ocrx_word' id='word_1_55' title='bbox 636 1527 738 1574; x_wconf 85' lang='lat' dir='ltr'>causae</span> <span class='ocrx_word' id='word_1_56' title='bbox 757 1514 913 1593; x_wconf 89' lang='lat' dir='ltr'>patronus</span> <span class='ocrx_word' id='word_1_57' title='bbox 927 1511 1045 1575; x_wconf 89' lang='lat' dir='ltr'>merito</span> <span class='ocrx_word' id='word_1_58' title='bbox 1059 1512 1207 1577; x_wconf 77' lang='lat' dir='ltr'>vocitatur.</span> <span class='ocrx_word' id='word_1_59' title='bbox 1259 1558 1261 1589; x_wconf 78' lang='lat'>÷</span> 
     </span>
     <span class='ocr_line' id='line_1_9' title="bbox 123 1621 1261 1710; baseline 0.005 -27"><span class='ocrx_word' id='word_1_60' title='bbox 123 1621 393 1688; x_wconf 78' lang='lat' dir='ltr'>«Advocatorum</span> <span class='ocrx_word' id='word_1_61' title='bbox 406 1624 529 1689; x_wconf 88' lang='lat' dir='ltr'>scilicet</span> <span class='ocrx_word' id='word_1_62' title='bbox 544 1643 660 1690; x_wconf 90' lang='lat' dir='ltr'>munus</span> <span class='ocrx_word' id='word_1_63' title='bbox 679 1633 776 1710; x_wconf 88' lang='lat' dir='ltr'>atque</span> <span class='ocrx_word' id='word_1_64' title='bbox 792 1623 931 1690; x_wconf 88' lang='lat' dir='ltr'>officium</span> <span class='ocrx_word' id='word_1_65' title='bbox 945 1634 1008 1700; x_wconf 90' lang='lat' dir='ltr'>est,</span> <span class='ocrx_word' id='word_1_66' title='bbox 1026 1627 1150 1710; x_wconf 87' lang='lat' dir='ltr'>priores</span> <span class='ocrx_word' id='word_1_67' title='bbox 1160 1627 1212 1692; x_wconf 86' lang='lat' dir='ltr'>ilas</span> <span class='ocrx_word' id='word_1_68' title='bbox 1259 1694 1261 1699; x_wconf 67' lang='grc'>,</span> 
     </span>
     <span class='ocr_line' id='line_1_10' title="bbox 123 1739 1213 1826; baseline 0.006 -28"><span class='ocrx_word' id='word_1_69' title='bbox 123 1739 347 1804; x_wconf 85' lang='lat' dir='ltr'>«concinnare</span> <span class='ocrx_word' id='word_1_70' title='bbox 366 1741 549 1822; x_wconf 82' lang='lat' dir='ltr'>petitiones,</span> <span class='ocrx_word' id='word_1_71' title='bbox 571 1759 643 1825; x_wconf 83' lang='lat' dir='ltr'>qum</span> <span class='ocrx_word' id='word_1_72' title='bbox 663 1740 760 1806; x_wconf 88' lang='lat' dir='ltr'>variis</span> <span class='ocrx_word' id='word_1_73' title='bbox 782 1741 966 1807; x_wconf 87' lang='lat' dir='ltr'>nominibus</span> <span class='ocrx_word' id='word_1_74' title='bbox 983 1742 1099 1820; x_wconf 82' lang='lat' dir='ltr'>libelli,</span> <span class='ocrx_word' id='word_1_75' title='bbox 1117 1741 1213 1826; x_wconf 88' lang='lat' dir='ltr'>suppl·</span> 
     </span>
     <span class='ocr_line' id='line_1_11' title="bbox 124 1855 1215 1942; baseline 0.006 -27"><span class='ocrx_word' id='word_1_76' title='bbox 124 1855 300 1933; x_wconf 90' lang='lat' dir='ltr'>«cationis,</span> <span class='ocrx_word' id='word_1_77' title='bbox 319 1856 557 1934; x_wconf 83' lang='lat' dir='ltr'>commissionis,</span> <span class='ocrx_word' id='word_1_78' title='bbox 578 1857 751 1934; x_wconf 89' lang='lat' dir='ltr'>monitorii,</span> <span class='ocrx_word' id='word_1_79' title='bbox 770 1863 805 1921; x_wconf 91' lang='lat' dir='ltr'>et</span> <span class='ocrx_word' id='word_1_80' title='bbox 819 1856 977 1922; x_wconf 88' lang='lat' dir='ltr'>similibus</span> <span class='ocrx_word' id='word_1_81' title='bbox 993 1858 1064 1923; x_wconf 88' lang='lat' dir='ltr'>aliis</span> <span class='ocrx_word' id='word_1_82' title='bbox 1079 1855 1215 1942; x_wconf 78' lang='lat' dir='ltr'>designari</span> 
     </span>
     <span class='ocr_line' id='line_1_12' title="bbox 126 1970 1216 2055; baseline 0.005 -25"><span class='ocrx_word' id='word_1_83' title='bbox 126 1995 142 2030; x_wconf 88' lang='lat'>«</span> <span class='ocrx_word' id='word_1_84' title='bbox 156 1971 263 2036; x_wconf 88' lang='lat' dir='ltr'>solent</span> <span class='ocrx_word' id='word_1_85' title='bbox 277 1992 284 2036; x_wconf 91' lang='lat'>:</span> <span class='ocrx_word' id='word_1_86' title='bbox 300 1972 383 2036; x_wconf 87' lang='lat' dir='ltr'>Item</span> <span class='ocrx_word' id='word_1_87' title='bbox 396 1972 548 2037; x_wconf 80' lang='lat' dir='ltr'>articulos</span> <span class='ocrx_word' id='word_1_88' title='bbox 561 1970 605 2036; x_wconf 91' lang='lat' dir='ltr'>ad</span> <span class='ocrx_word' id='word_1_89' title='bbox 616 1972 842 2055; x_wconf 82' lang='lat' dir='ltr'>probationem</span> <span class='ocrx_word' id='word_1_90' title='bbox 856 1971 1030 2055; x_wconf 84' lang='lat' dir='ltr'>disponere</span> <span class='ocrx_word' id='word_1_91' title='bbox 1048 1995 1056 2039; x_wconf 76' lang='grc' dir='ltr'><strong><em>ε</em></strong></span> <span class='ocrx_word' id='word_1_92' title='bbox 1073 1974 1150 2039; x_wconf 89' lang='lat' dir='ltr'>item</span> <span class='ocrx_word' id='word_1_93' title='bbox 1160 1973 1216 2037; x_wconf 89' lang='lat' dir='ltr'>alias</span> 
     </span>
     <span class='ocr_line' id='line_1_13' title="bbox 126 2087 1217 2173; baseline 0.004 -27"><span class='ocrx_word' id='word_1_94' title='bbox 126 2087 333 2168; x_wconf 85' lang='lat' dir='ltr'>«instantias,</span> <span class='ocrx_word' id='word_1_95' title='bbox 352 2089 587 2170; x_wconf 87' lang='lat' dir='ltr'>responsiones,</span> <span class='ocrx_word' id='word_1_96' title='bbox 606 2097 761 2173; x_wconf 88' lang='lat' dir='ltr'>actusque</span> <span class='ocrx_word' id='word_1_97' title='bbox 776 2097 911 2155; x_wconf 79' lang='lat' dir='ltr'>caeteros</span> <span class='ocrx_word' id='word_1_98' title='bbox 929 2087 972 2154; x_wconf 91' lang='lat' dir='ltr'>ad</span> <span class='ocrx_word' id='word_1_99' title='bbox 994 2091 1123 2173; x_wconf 82' lang='lat' dir='ltr'>plenam</span> <span class='ocrx_word' id='word_1_100' title='bbox 1136 2105 1217 2173; x_wconf 86' lang='lat' dir='ltr'>usqne</span> 
     </span>
     <span class='ocr_line' id='line_1_14' title="bbox 126 2204 1218 2287; baseline 0.003 -22"><span class='ocrx_word' id='word_1_101' title='bbox 126 2222 327 2286; x_wconf 88' lang='lat' dir='ltr'>«processus</span> <span class='ocrx_word' id='word_1_102' title='bbox 357 2204 616 2287; x_wconf 81' lang='lat' dir='ltr'>compilationem</span> <span class='ocrx_word' id='word_1_103' title='bbox 646 2223 813 2270; x_wconf 81' lang='lat' dir='ltr'>exerere:</span> <span class='ocrx_word' id='word_1_104' title='bbox 845 2205 924 2269; x_wconf 91' lang='lat' dir='ltr'>item</span> <span class='ocrx_word' id='word_1_105' title='bbox 954 2212 1029 2287; x_wconf 92' lang='lat' dir='ltr'>post</span> <span class='ocrx_word' id='word_1_106' title='bbox 1061 2205 1218 2270; x_wconf 82' lang='lat' dir='ltr'>absolutam</span> 
     </span>
     <span class='ocr_line' id='line_1_15' title="bbox 128 2318 1217 2404; baseline 0.001 -21"><span class='ocrx_word' id='word_1_107' title='bbox 128 2320 312 2404; x_wconf 88' lang='lat' dir='ltr'>«utrinque</span> <span class='ocrx_word' id='word_1_108' title='bbox 328 2318 598 2386; x_wconf 83' lang='lat' dir='ltr'>documentorum</span> <span class='ocrx_word' id='word_1_109' title='bbox 617 2319 883 2404; x_wconf 89' lang='lat' dir='ltr'>productionem,</span> <span class='ocrx_word' id='word_1_110' title='bbox 902 2322 1071 2403; x_wconf 89' lang='lat' dir='ltr'>processui</span> <span class='ocrx_word' id='word_1_111' title='bbox 1086 2319 1217 2393; x_wconf 88' lang='lat' dir='ltr'>studere,</span> 
     </span>
     <span class='ocr_line' id='line_1_16' title="bbox 127 2432 1220 2523; baseline -0.003 -23"><span class='ocrx_word' id='word_1_112' title='bbox 127 2437 377 2521; x_wconf 78' lang='lat' dir='ltr'>«clientumque</span> <span class='ocrx_word' id='word_1_113' title='bbox 390 2437 542 2513; x_wconf 87' lang='lat' dir='ltr'>rationes,</span> <span class='ocrx_word' id='word_1_114' title='bbox 561 2437 629 2503; x_wconf 85' lang='lat' dir='ltr'>sive</span> <span class='ocrx_word' id='word_1_115' title='bbox 649 2455 720 2523; x_wconf 87' lang='lat' dir='ltr'>quae</span> <span class='ocrx_word' id='word_1_116' title='bbox 736 2436 780 2503; x_wconf 92' lang='lat' dir='ltr'>ad</span> <span class='ocrx_word' id='word_1_117' title='bbox 793 2437 935 2516; x_wconf 84' lang='lat' dir='ltr'>iactum,</span> <span class='ocrx_word' id='word_1_118' title='bbox 953 2437 1022 2502; x_wconf 87' lang='lat' dir='ltr'>sive</span> <span class='ocrx_word' id='word_1_119' title='bbox 1039 2455 1112 2521; x_wconf 80' lang='lat' dir='ltr'>qam</span> <span class='ocrx_word' id='word_1_120' title='bbox 1127 2434 1168 2501; x_wconf 86' lang='lat' dir='ltr'>od</span> <span class='ocrx_word' id='word_1_121' title='bbox 1183 2432 1220 2519; x_wconf 83' lang='lat' dir='ltr'>jus</span> 
     </span>
     <span class='ocr_line' id='line_1_17' title="bbox 130 2546 1222 2638; baseline -0.004 -23"><span class='ocrx_word' id='word_1_122' title='bbox 130 2554 328 2638; x_wconf 82' lang='lat' dir='ltr'>«pertinent</span> <span class='ocrx_word' id='word_1_123' title='bbox 349 2571 481 2636; x_wconf 87' lang='lat' dir='ltr'>urgere.</span> <span class='ocrx_word' id='word_1_124' title='bbox 504 2553 555 2618; x_wconf 90' lang='lat' dir='ltr'>Ita</span> <span class='ocrx_word' id='word_1_125' title='bbox 572 2551 661 2637; x_wconf 92' lang='lat' dir='ltr'>quod</span> <span class='ocrx_word' id='word_1_126' title='bbox 682 2559 912 2635; x_wconf 89' lang='lat' dir='ltr'>procuratores</span> <span class='ocrx_word' id='word_1_127' title='bbox 930 2549 995 2616; x_wconf 90' lang='lat' dir='ltr'>dici</span> <span class='ocrx_word' id='word_1_128' title='bbox 1016 2552 1141 2635; x_wconf 88' lang='lat' dir='ltr'>possint</span> <span class='ocrx_word' id='word_1_129' title='bbox 1162 2546 1222 2614; x_wconf 85' lang='lat' dir='ltr'>meri</span> 
     </span>
     <span class='ocr_line' id='line_1_18' title="bbox 130 2659 1221 2751; baseline -0.005 -21"><span class='ocrx_word' id='word_1_130' title='bbox 130 2667 396 2734; x_wconf 83' lang='lat' dir='ltr'>«advocatorum</span> <span class='ocrx_word' id='word_1_131' title='bbox 420 2666 573 2743; x_wconf 87' lang='lat' dir='ltr'>ministri,</span> <span class='ocrx_word' id='word_1_132' title='bbox 600 2684 778 2751; x_wconf 90' lang='lat' dir='ltr'>eorumque</span> <span class='ocrx_word' id='word_1_133' title='bbox 801 2665 956 2730; x_wconf 90' lang='lat' dir='ltr'>mecanici</span> <span class='ocrx_word' id='word_1_134' title='bbox 978 2662 1123 2748; x_wconf 90' lang='lat' dir='ltr'>quodam</span> <span class='ocrx_word' id='word_1_135' title='bbox 1144 2659 1221 2728; x_wconf 90' lang='lat' dir='ltr'>modo</span> 
     </span>
     <span class='ocr_line' id='line_1_19' title="bbox 132 2774 1223 2868; baseline -0.005 -22"><span class='ocrx_word' id='word_1_136' title='bbox 132 2781 329 2868; x_wconf 86' lang='lat' dir='ltr'>«adjutores</span> <span class='ocrx_word' id='word_1_137' title='bbox 349 2782 384 2846; x_wconf 91' lang='lat' dir='ltr'>in</span> <span class='ocrx_word' id='word_1_138' title='bbox 404 2780 608 2848; x_wconf 88' lang='lat' dir='ltr'>deducendis</span> <span class='ocrx_word' id='word_1_139' title='bbox 623 2778 665 2845; x_wconf 88' lang='lat' dir='ltr'>ad</span> <span class='ocrx_word' id='word_1_140' title='bbox 684 2779 909 2846; x_wconf 85' lang='lat' dir='ltr'>executionem</span> <span class='ocrx_word' id='word_1_141' title='bbox 928 2779 1153 2857; x_wconf 87' lang='lat' dir='ltr'>citationibus,</span> <span class='ocrx_word' id='word_1_142' title='bbox 1175 2774 1223 2842; x_wconf 84' lang='lat' dir='ltr'>exi·</span> 
     </span>
     <span class='ocr_line' id='line_1_20' title="bbox 133 2881 1224 2980; baseline -0.003 -23"><span class='ocrx_word' id='word_1_143' title='bbox 133 2920 149 2958; x_wconf 91' lang='lat'>«</span> <span class='ocrx_word' id='word_1_144' title='bbox 162 2881 453 2973; x_wconf 87' lang='lat' dir='ltr'>bendistestibus,</span> <span class='ocrx_word' id='word_1_145' title='bbox 475 2894 703 2980; x_wconf 88' lang='lat' dir='ltr'>conquirendis</span> <span class='ocrx_word' id='word_1_146' title='bbox 724 2894 912 2978; x_wconf 89' lang='lat' dir='ltr'>scripturis,</span> <span class='ocrx_word' id='word_1_147' title='bbox 933 2893 1067 2978; x_wconf 87' lang='lat' dir='ltr'>aliisque</span> <span class='ocrx_word' id='word_1_148' title='bbox 1085 2893 1122 2960; x_wconf 93' lang='lat' dir='ltr'>id</span> <span class='ocrx_word' id='word_1_149' title='bbox 1144 2906 1224 2977; x_wconf 86' lang='lat' dir='ltr'>genus</span> 
     </span>
     <span class='ocr_line' id='line_1_21' title="bbox 134 3005 1225 3099; baseline -0.005 -22"><span class='ocrx_word' id='word_1_150' title='bbox 134 3038 152 3077; x_wconf 76' lang='grc' dir='ltr'>α</span> <span class='ocrx_word' id='word_1_151' title='bbox 164 3011 394 3099; x_wconf 89' lang='lat' dir='ltr'>procurandis;</span> <span class='ocrx_word' id='word_1_152' title='bbox 422 3031 483 3078; x_wconf 89' lang='lat' dir='ltr'>nec</span> <span class='ocrx_word' id='word_1_153' title='bbox 507 3032 571 3078; x_wconf 92' lang='lat' dir='ltr'>non</span> <span class='ocrx_word' id='word_1_154' title='bbox 597 3031 699 3078; x_wconf 84' lang='lat' dir='ltr'>causae</span> <span class='ocrx_word' id='word_1_155' title='bbox 725 3009 914 3077; x_wconf 90' lang='lat' dir='ltr'>studentem</span> <span class='ocrx_word' id='word_1_156' title='bbox 938 3010 1134 3077; x_wconf 85' lang='lat' dir='ltr'>advocatum</span> <span class='ocrx_word' id='word_1_157' title='bbox 1155 3005 1225 3091; x_wconf 76' lang='lat' dir='ltr'>adju</span> 
     </span>
     <span class='ocr_line' id='line_1_22' title="bbox 136 3126 1226 3213; baseline -0.007 -20"><span class='ocrx_word' id='word_1_158' title='bbox 136 3154 152 3193; x_wconf 92' lang='lat'>«</span> <span class='ocrx_word' id='word_1_159' title='bbox 167 3128 285 3207; x_wconf 84' lang='lat' dir='ltr'>vando,</span> <span class='ocrx_word' id='word_1_160' title='bbox 300 3128 448 3194; x_wconf 83' lang='lat' dir='ltr'>indicatis</span> <span class='ocrx_word' id='word_1_161' title='bbox 461 3129 493 3194; x_wconf 94' lang='lat' dir='ltr'>ei</span> <span class='ocrx_word' id='word_1_162' title='bbox 503 3147 575 3213; x_wconf 84' lang='lat' dir='ltr'>quae</span> <span class='ocrx_word' id='word_1_163' title='bbox 587 3129 688 3212; x_wconf 78' lang='lat' dir='ltr'>magis</span> <span class='ocrx_word' id='word_1_164' title='bbox 700 3128 826 3195; x_wconf 87' lang='lat' dir='ltr'>adrem</span> <span class='ocrx_word' id='word_1_165' title='bbox 837 3126 961 3192; x_wconf 88' lang='lat' dir='ltr'>faciunt</span> <span class='ocrx_word' id='word_1_166' title='bbox 978 3126 1226 3193; x_wconf 88' lang='lat' dir='ltr'>documentorum</span> 
     </span>
     <span class='ocr_line' id='line_1_23' title="bbox 138 3245 635 3329; baseline -0.01 -21"><span class='ocrx_word' id='word_1_167' title='bbox 138 3254 203 3312; x_wconf 89' lang='lat' dir='ltr'>«et</span> <span class='ocrx_word' id='word_1_168' title='bbox 216 3247 452 3329; x_wconf 89' lang='lat' dir='ltr'>scripturarum</span> <span class='ocrx_word' id='word_1_169' title='bbox 467 3245 602 3328; x_wconf 81' lang='lat' dir='ltr'>paginis.</span> <span class='ocrx_word' id='word_1_170' title='bbox 620 3267 635 3304; x_wconf 77' lang='lat' dir='ltr'>n</span> 
     </span>
    </p>

    <p class='ocr_par' dir='ltr' id='par_1_5' title="bbox 138 3353 1234 4492">
     <span class='ocr_line' id='line_1_24' title="bbox 182 3353 1229 3436; baseline -0.003 -14"><span class='ocrx_word' id='word_1_171' title='bbox 182 3360 335 3425; x_wconf 81' lang='lat' dir='ltr'>«Atvero</span> <span class='ocrx_word' id='word_1_172' title='bbox 357 3359 391 3423; x_wconf 92' lang='lat' dir='ltr'>in</span> <span class='ocrx_word' id='word_1_173' title='bbox 413 3359 504 3425; x_wconf 90' lang='lat' dir='ltr'>curia</span> <span class='ocrx_word' id='word_1_174' title='bbox 525 3360 685 3436; x_wconf 81' lang='lat' dir='ltr'>Romana,</span> <span class='ocrx_word' id='word_1_175' title='bbox 708 3357 870 3422; x_wconf 88' lang='lat' dir='ltr'>contraria</span> <span class='ocrx_word' id='word_1_176' title='bbox 890 3355 1055 3421; x_wconf 87' lang='lat' dir='ltr'>dictorum</span> <span class='ocrx_word' id='word_1_177' title='bbox 1075 3353 1229 3420; x_wconf 82' lang='lat' dir='ltr'>officiorum</span> 
     </span>
     <span class='ocr_line' id='line_1_25' title="bbox 138 3472 1231 3560; baseline -0.006 -20"><span class='ocrx_word' id='word_1_178' title='bbox 138 3476 372 3545; x_wconf 83' lang='lat' dir='ltr'>«ordinatione</span> <span class='ocrx_word' id='word_1_179' title='bbox 390 3473 593 3560; x_wconf 88' lang='lat' dir='ltr'>proceditur.</span> <span class='ocrx_word' id='word_1_180' title='bbox 609 3475 660 3540; x_wconf 94' lang='lat' dir='ltr'>Ibi</span> <span class='ocrx_word' id='word_1_181' title='bbox 674 3473 760 3539; x_wconf 92' lang='lat' dir='ltr'>enim</span> <span class='ocrx_word' id='word_1_182' title='bbox 775 3473 924 3556; x_wconf 87' lang='lat' dir='ltr'>praefatas</span> <span class='ocrx_word' id='word_1_183' title='bbox 942 3472 1086 3557; x_wconf 86' lang='lat' dir='ltr'>aliasque</span> <span class='ocrx_word' id='word_1_184' title='bbox 1101 3484 1231 3556; x_wconf 77' lang='lat' dir='ltr'>procura</span> 
     </span>
     <span class='ocr_line' id='line_1_26' title="bbox 141 3586 1233 3677; baseline -0.005 -22"><span class='ocrx_word' id='word_1_185' title='bbox 141 3617 157 3655; x_wconf 91' lang='lat'>«</span> <span class='ocrx_word' id='word_1_186' title='bbox 171 3599 280 3658; x_wconf 90' lang='lat' dir='ltr'>torum</span> <span class='ocrx_word' id='word_1_187' title='bbox 295 3599 407 3677; x_wconf 86' lang='lat' dir='ltr'>partes</span> <span class='ocrx_word' id='word_1_188' title='bbox 426 3591 549 3656; x_wconf 85' lang='lat' dir='ltr'>obeunt</span> <span class='ocrx_word' id='word_1_189' title='bbox 560 3593 769 3653; x_wconf 77' lang='lat' dir='ltr'>sollicitatores</span> <span class='ocrx_word' id='word_1_190' title='bbox 783 3610 793 3652; x_wconf 92' lang='grc'>.·</span> <span class='ocrx_word' id='word_1_191' title='bbox 813 3606 892 3674; x_wconf 92' lang='lat' dir='ltr'>quas</span> <span class='ocrx_word' id='word_1_192' title='bbox 910 3607 990 3654; x_wconf 89' lang='lat' dir='ltr'>vero</span> <span class='ocrx_word' id='word_1_193' title='bbox 1004 3587 1103 3657; x_wconf 90' lang='lat' dir='ltr'>modo</span> <span class='ocrx_word' id='word_1_194' title='bbox 1119 3586 1233 3653; x_wconf 75' lang='lat' dir='ltr'>dixmu</span> 
     </span>
     <span class='ocr_line' id='line_1_27' title="bbox 140 3705 1233 3790; baseline 0.003 -20"><span class='ocrx_word' id='word_1_195' title='bbox 140 3728 241 3776; x_wconf 89' lang='lat' dir='ltr'>«esse</span> <span class='ocrx_word' id='word_1_196' title='bbox 261 3706 669 3790; x_wconf 83' lang='lat' dir='ltr'>advocatorumproprias,</span> <span class='ocrx_word' id='word_1_197' title='bbox 690 3725 744 3771; x_wconf 91' lang='lat' dir='ltr'>eas</span> <span class='ocrx_word' id='word_1_198' title='bbox 762 3705 823 3771; x_wconf 91' lang='lat' dir='ltr'>sibi</span> <span class='ocrx_word' id='word_1_199' title='bbox 841 3711 1009 3771; x_wconf 91' lang='lat' dir='ltr'>assumunt</span> <span class='ocrx_word' id='word_1_200' title='bbox 1024 3710 1233 3786; x_wconf 69' lang='lat' dir='ltr'>procumbes</span> 
     </span>
     <span class='ocr_line' id='line_1_28' title="bbox 141 3819 1233 3914; baseline -0.005 -25"><span class='ocrx_word' id='word_1_201' title='bbox 141 3828 228 3914; x_wconf 87' lang='lat' dir='ltr'>«qui</span> <span class='ocrx_word' id='word_1_202' title='bbox 249 3823 399 3911; x_wconf 89' lang='lat' dir='ltr'>proinde,</span> <span class='ocrx_word' id='word_1_203' title='bbox 417 3843 482 3890; x_wconf 91' lang='lat' dir='ltr'>non</span> <span class='ocrx_word' id='word_1_204' title='bbox 504 3842 584 3889; x_wconf 82' lang='lat' dir='ltr'>aero</span> <span class='ocrx_word' id='word_1_205' title='bbox 608 3822 775 3901; x_wconf 88' lang='lat' dir='ltr'>advocati,</span> <span class='ocrx_word' id='word_1_206' title='bbox 795 3841 836 3888; x_wconf 85' lang='lat' dir='ltr'>ex</span> <span class='ocrx_word' id='word_1_207' title='bbox 860 3820 955 3887; x_wconf 85' lang='lat' dir='ltr'>dictae</span> <span class='ocrx_word' id='word_1_208' title='bbox 970 3819 1068 3886; x_wconf 81' lang='lat' dir='ltr'>carim</span> <span class='ocrx_word' id='word_1_209' title='bbox 1086 3819 1178 3904; x_wconf 78' lang='lat' dir='ltr'>stylo,</span> <span class='ocrx_word' id='word_1_210' title='bbox 1191 3828 1233 3898; x_wconf 75' lang='lat' dir='ltr'>prt</span> 
     </span>
     <span class='ocr_line' id='line_1_29' title="bbox 141 3934 1234 4024; baseline -0.009 -19"><span class='ocrx_word' id='word_1_211' title='bbox 141 3959 344 4010; x_wconf 86' lang='lat' dir='ltr'>«causarum</span> <span class='ocrx_word' id='word_1_212' title='bbox 367 3938 512 4024; x_wconf 86' lang='lat' dir='ltr'>patronis</span> <span class='ocrx_word' id='word_1_213' title='bbox 535 3938 717 4004; x_wconf 88' lang='lat' dir='ltr'>habentur.</span> <span class='ocrx_word' id='word_1_214' title='bbox 737 3937 832 4005; x_wconf 88' lang='lat' dir='ltr'>Unde</span> <span class='ocrx_word' id='word_1_215' title='bbox 856 3937 950 4003; x_wconf 85' lang='lat' dir='ltr'>solita</span> <span class='ocrx_word' id='word_1_216' title='bbox 974 3934 1064 4021; x_wconf 89' lang='lat' dir='ltr'>apud</span> <span class='ocrx_word' id='word_1_217' title='bbox 1087 3936 1234 4019; x_wconf 82' lang='lat' dir='ltr'>scriptores</span> 
     </span>
     <span class='ocr_line' id='line_1_30' title="bbox 142 4055 1231 4141; baseline -0.005 -20"><span class='ocrx_word' id='word_1_218' title='bbox 142 4059 358 4138; x_wconf 78' lang='lat' dir='ltr'>«adnotatio,</span> <span class='ocrx_word' id='word_1_219' title='bbox 379 4056 415 4123; x_wconf 89' lang='lat' dir='ltr'>id</span> <span class='ocrx_word' id='word_1_220' title='bbox 436 4055 526 4141; x_wconf 90' lang='lat' dir='ltr'>apud</span> <span class='ocrx_word' id='word_1_221' title='bbox 546 4056 721 4122; x_wconf 87' lang='lat' dir='ltr'>Romanam</span> <span class='ocrx_word' id='word_1_222' title='bbox 744 4056 867 4120; x_wconf 90' lang='lat' dir='ltr'>curiam</span> <span class='ocrx_word' id='word_1_223' title='bbox 892 4071 963 4119; x_wconf 89' lang='lat' dir='ltr'>esse</span> <span class='ocrx_word' id='word_1_224' title='bbox 987 4058 1231 4135; x_wconf 69' lang='lat' dir='ltr'>procuratorem.</span> 
     </span>
     <span class='ocr_line' id='line_1_31' title="bbox 144 4163 1233 4264; baseline -0.008 -29"><span class='ocrx_word' id='word_1_225' title='bbox 144 4174 262 4264; x_wconf 90' lang='lat' dir='ltr'>«quod</span> <span class='ocrx_word' id='word_1_226' title='bbox 276 4173 364 4259; x_wconf 92' lang='lat' dir='ltr'>apud</span> <span class='ocrx_word' id='word_1_227' title='bbox 379 4175 528 4258; x_wconf 79' lang='lat' dir='ltr'>regiones</span> <span class='ocrx_word' id='word_1_228' title='bbox 538 4181 673 4239; x_wconf 86' lang='lat' dir='ltr'>caeteras</span> <span class='ocrx_word' id='word_1_229' title='bbox 684 4171 902 4237; x_wconf 87' lang='lat' dir='ltr'>advocatus...</span> <span class='ocrx_word' id='word_1_230' title='bbox 920 4169 1003 4233; x_wconf 85' lang='lat' dir='ltr'>ilino</span> <span class='ocrx_word' id='word_1_231' title='bbox 1016 4185 1098 4234; x_wconf 88' lang='lat' dir='ltr'>vero</span> <span class='ocrx_word' id='word_1_232' title='bbox 1114 4163 1233 4252; x_wconf 84' lang='lat' dir='ltr'>sequitu</span> 
     </span>
     <span class='ocr_line' id='line_1_32' title="bbox 145 4286 1232 4373; baseline -0.008 -19"><span class='ocrx_word' id='word_1_233' title='bbox 145 4298 312 4358; x_wconf 81' lang='lat' dir='ltr'>«advocati</span> <span class='ocrx_word' id='word_1_234' title='bbox 326 4292 477 4358; x_wconf 89' lang='lat' dir='ltr'>officiumi</span> <span class='ocrx_word' id='word_1_235' title='bbox 489 4312 511 4356; x_wconf 94' lang='lat' dir='ltr'>n</span> <span class='ocrx_word' id='word_1_236' title='bbox 527 4292 617 4356; x_wconf 88' lang='lat' dir='ltr'>ouria</span> <span class='ocrx_word' id='word_1_237' title='bbox 632 4291 775 4356; x_wconf 84' lang='lat' dir='ltr'>Romana</span> <span class='ocrx_word' id='word_1_238' title='bbox 793 4307 863 4355; x_wconf 88' lang='lat' dir='ltr'>esse</span> <span class='ocrx_word' id='word_1_239' title='bbox 881 4286 961 4373; x_wconf 92' lang='lat' dir='ltr'>quid</span> <span class='ocrx_word' id='word_1_240' title='bbox 979 4287 1232 4370; x_wconf 80' lang='lat' dir='ltr'>singularemque</span> 
     </span>
     <span class='ocr_line' id='line_1_33' title="bbox 145 4390 1231 4492; baseline -0.008 -21"><span class='ocrx_word' id='word_1_241' title='bbox 145 4410 222 4477; x_wconf 91' lang='lat' dir='ltr'>«illi</span> <span class='ocrx_word' id='word_1_242' title='bbox 237 4410 334 4477; x_wconf 69' lang='lat' dir='ltr'>curiae</span> <span class='ocrx_word' id='word_1_243' title='bbox 356 4410 535 4492; x_wconf 83' lang='lat' dir='ltr'>proprium.</span> <span class='ocrx_word' id='word_1_244' title='bbox 568 4406 719 4489; x_wconf 85' lang='lat' dir='ltr'>restringi</span> <span class='ocrx_word' id='word_1_245' title='bbox 734 4424 853 4488; x_wconf 90' lang='lat' dir='ltr'>nempe</span> <span class='ocrx_word' id='word_1_246' title='bbox 873 4401 916 4469; x_wconf 93' lang='lat' dir='ltr'>ad</span> <span class='ocrx_word' id='word_1_247' title='bbox 931 4420 1050 4467; x_wconf 90' lang='lat' dir='ltr'>munus</span> <span class='ocrx_word' id='word_1_248' title='bbox 1066 4400 1148 4466; x_wconf 89' lang='lat' dir='ltr'>meri</span> <span class='ocrx_word' id='word_1_249' title='bbox 1161 4390 1231 4482; x_wconf 83' lang='lat' dir='ltr'>juris</span> 
     </span>
    </p>
   </div>
   <div class='ocr_carea' id='block_1_5' title="bbox 0 0 1401 4980">
    <p class='ocr_par' dir='ltr' id='par_1_6' title="bbox 0 0 1401 4980">
     <span class='ocr_line' id='line_1_34' title="bbox 0 0 1401 4980; baseline 0 0"><span class='ocrx_word' id='word_1_250' title='bbox 0 0 1401 4980; x_wconf 95' lang='lat' dir='ltr'> </span> 
     </span>
    </p>
   </div>
  </div>
 </body>
</html>
