2714 4980
174 278 238 341 160
571 292 758 339 miurinus
781 292 826 339 nn
846 293 997 340 runicus.

170 416 269 484 dictio
290 415 434 502 delegati
448 406 567 502 judicis
587 417 794 484 ecclesiastici
814 416 857 483 ad
880 416 1028 484 haeredes
1045 436 1112 484 non
1129 424 1273 495 transeat,

168 516 360 619 probatione
381 553 446 600 non
463 533 605 618 indiget3
622 553 697 599 cum
720 534 898 600 absurdum
922 536 964 601 sit
987 553 1175 619 supponere
1199 532 1278 599 dele·

170 657 301 734 gentem
316 649 456 715 voluisse
470 648 596 734 judices
612 651 809 716 constituere
827 649 975 717 haeredes
993 649 1139 734 delegati
1154 649 1276 716 mortui.

168 764 265 846 Quod
280 784 386 850 neque
401 771 546 831 transeat
559 765 601 831 ad
613 785 833 832 successorem
847 765 990 851 delegati
1003 768 1037 832 in
1053 766 1174 833 eadem
1188 765 1280 851 digni·

169 886 237 948 tate
246 883 313 949 sive
321 881 614 960 officio,eruiturex
623 881 757 969 eoquod
766 883 1129 968 delegatiofactaiuerit
1137 902 1281 969 expresso
1356 896 1357 921 ³

170 995 313 1082 delegati
329 1000 458 1064 nomine
477 1001 628 1084 propri03
654 1001 681 1064 si
702 1001 788 1065 enim
807 999 961 1084 delegans
982 1000 1140 1067 voluisset
1159 996 1283 1086 jurisdi-

169 1115 310 1182 'ctionem
317 1118 455 1183 transire
465 1117 508 1184 ad
519 1117 631 1202 ejusin
640 1117 758 1185 eodem
766 1117 867 1184 officio
877 1118 1090 1198 successores,
1102 1116 1283 1201 delegatum

170 1227 370 1314 designasset
385 1250 445 1314 per
461 1250 579 1297 nomen
596 1230 768 1298 dumtaxat
781 1232 881 1317 ipsius
896 1231 1008 1315 officii3
1027 1230 1184 1311 dicendo,
1200 1229 1284 1297 verbi

170 1348 284 1431 gratia,
299 1351 473 1429 Hispalecse'
491 1351 715 1431 Arctiepiscopo
730 1356 953 1414 committimus.
975 1346 1142 1415 Probatur
1158 1350 1285 1433 insuper

170 1463 282 1547 regula
293 1463 376 1548 juris
390 1471 421 1541 7,
431 1464 465 1526 in
480 1466 519 1529 6:
532 1467 729 1548 privilegiam
741 1468 900 1548 personale
910 1484 1072 1548 personam
1085 1471 1223 1548 sequitur
1230 1487 1245 1545 ;
1257 1471 1287 1529 et

170 1563 285 1664 regula
299 1581 342 1645 m
354 1578 476 1644 ibidem
488 1602 495 1646 :
506 1587 699 1645 accessorium
707 1588 850 1646 actarum
860 1589 943 1664 sequi
950 1587 1090 1664 congruit
1093 1583 1285 1664 principalis.

215 1695 335 1761 Atvero
349 1696 376 1760 si
384 1694 547 1780 delegatio
558 1695 645 1761 facta
657 1697 710 1775 sit,
724 1717 788 1764 non
800 1697 919 1763 intuitu
932 1715 1077 1781 personae
1090 1704 1125 1762 et
1138 1715 1294 1780 expresso

170 1813 303 1897 proprio
315 1812 386 1897 ejus
394 1814 534 1891 nomine,
546 1813 606 1880 sed
615 1815 736 1879 intuitu
747 1812 912 1898 dignitatis
924 1833 1021 1899 quam
1029 1813 1116 1898 gerit
1126 1812 1294 1901 (dicendo,

172 1926 265 1993 verbi
276 1928 390 2011 gratia,
403 1930 574 2009 delegamus
585 1930 708 2009 officiali
719 1932 945 2010 Burdigalecsi,
958 1928 1058 1993 tacito
1068 1930 1204 2014 proprio
1212 1929 1315 1995 illius

171 2041 311 2110 officialis
325 2042 478 2128 nomine),
500 2052 626 2110 certum
637 2051 686 2109 est
697 2043 956 2128 jurisdictionem
971 2063 1045 2110 cum
1063 2042 1219 2129 delegato
1233 2063 1331 2110 nom

173 2161 335 2244 expirare,
359 2158 418 2224 sed
436 2158 480 2225 ad
504 2160 603 2242 ipsius
622 2178 841 2226 successorem
860 2160 1016 2242 transire;
1033 2166 1070 2224 et
1086 2158 1151 2225 hoc
1172 2158 1336 2226 etiamsi

175 2293 272 2341 causa
293 2273 400 2340 adhuc
419 2276 460 2341 sit
474 2277 613 2360 integra,
631 2274 667 2340 id
685 2282 746 2354 est,
764 2275 913 2340 nundum
928 2276 1069 2360 incepta,
1084 2274 1222 2360 quando
1239 2273 1336 2340 de·-

170 2392 298 2476 legatus
321 2392 469 2457 moritur.
492 2392 644 2476 Sequitur
660 2411 701 2456 ex
716 2410 754 2458 eo
773 2391 863 2476 quod
886 2397 965 2456 tunc
985 2389 1141 2474 delegans
1162 2389 1336 2477 jurisdi-

171 2509 311 2574 ctionem
337 2507 459 2592 alliget,
480 2528 546 2574 non
565 2526 727 2592 persone,
737 2508 796 2591 sed
812 2507 979 2592 dignitati;
1000 2524 1072 2593 qnae
1090 2524 1336 2594 nequaquam

172 2622 323 2702 moritur,
339 2622 398 2690 sed
410 2622 526 2689 eadem
536 2623 570 2688 in
579 2643 765 2690 successore
780 2643 817 2689 ac
832 2624 865 2688 in
882 2621 1126 2706 praedecessore
1135 2623 1249 2689 existit
1260 2639 1336 2690 ao

173 2747 355 2825 permanet.
379 2741 457 2806 Eam
477 2746 588 2805 autem
605 2739 838 2825 jurisdictionis
854 2737 897 2804 ad
915 2757 1117 2805 successores
1130 2741 1337 2805 transmis-

171 2857 295 2923 sionem
306 2857 446 2941 probant
458 2858 631 2923 canonistae
639 2877 680 2922 cx
690 2858 951 2941 capiteance‘am
961 2854 1275 2942 (ll,tituli29,lihri
1310 2854 1329 2915 1

171 2971 408 3058 decretalium);
421 2974 467 3039 ibi
475 2993 592 3057 nempe
602 2974 750 3039 Summus
758 2973 911 3040 Pontifex
920 2973 1114 3038 sententiam
1123 2973 1336 3039 confirmat

172 3088 340 3174 cujusdam
356 3090 498 3168 abbatis,
514 3093 570 3175 qui
587 3090 757 3175 delegatus
774 3091 844 3174 ipse
865 3108 931 3154 non
950 3089 1071 3167 fuerat,
1088 3088 1151 3155 sed
1169 3102 1334 3157 succes‘

171 3215 258 3271 serat
273 3205 436 3290 delegato.
457 3207 561 3288 Quam
576 3207 775 3274 decisionem
789 3207 942 3273 Pontifex
959 3205 1076 3272 fundat
1090 3224 1131 3272 ea
1146 3208 1293 3273 ratione
1313 3218 1326 3262 τ

170 3329 243 3404 quia
258 3326 311 3386 sud
325 3330 474 3406 ecpresse's
485 3329 654 3390 nominibus
668 3328 797 3389 locorum
811 3332 840 3387 et
851 3342 1118 3406 coopertorum
1128 3322 1330 3389 ccmmssiv

171 3445 336 3505 mercavit.

215 3558 248 3620 2.
274 3556 409 3640 Expirat
433 3556 617 3641 jurisdictio
639 3556 783 3640 delegati
803 3575 864 3639 per
884 3564 1026 3622 mortem
1055 3552 1252 3642 delegantis,
1281 3543 1323 3615 Sl

171 3692 224 3738 res
236 3670 399 3738 estadhuc
409 3673 535 3757 integra
547 3696 554 3757 ;
566 3692 658 3738 secus
672 3673 696 3737 si
710 3692 805 3737 causa
816 3673 982 3739 commissa
993 3671 1060 3756 jam
1070 3673 1207 3757 incepta
1217 3670 1314 3738 fuit·

170 3788 210 3855 Id
217 3788 351 3872 probari
359 3790 442 3854 solet
452 3790 557 3872 capite
567 3794 649 3854 Licet
659 3793 714 3866 30,
726 3790 830 3872 capite
839 3793 976 3853 Relatum
987 3792 1039 3867 19,
1055 3797 1090 3854 et
1100 3790 1211 3872 capite
1221 3793 1329 3854 Grae,

61 3921 63 3925 ’
171 3914 234 3972 tum
250 3911 303 3987 20,
322 3907 409 3972 tituli
423 3910 477 3985 29,
496 3907 572 3972 libri
591 3909 602 3971 1
623 3905 856 3990 decretalium;
873 3914 971 3990 atque
985 3906 1083 3971 etiam
1097 3907 1171 3972 erui
1185 3899 1310 3991 potest

170 4043 212 4090 ex
234 4024 339 4106 capite
364 4028 508 4103 Quemvis
534 4023 577 4109 (6,
601 4026 639 4086 cle
661 4024 746 4103 offic.
768 4031 798 4087 et
817 4030 930 4106 potest.
949 4025 1021 4104 jad.
1044 4023 1156 4104 deleo„
1183 4022 1218 4088 in
1242 4013 1298 4098 6)-

170 4140 433 4205 transcribemus
452 4139 631 4217 dumtaxat,
657 4159 697 4204 ex
720 4139 828 4204 citatis
844 4137 1078 4216 decretalibus,
1102 4136 1185 4205 duas
1205 4139 1294 4204 illas,

169 4272 241 4340 quoe
262 4252 484 4321 difficultatem
509 4255 648 4340 aliquam
672 4254 796 4320 iaciunt
817 4254 902 4320 circa
925 4253 1059 4319 modum
1081 4242 1290 4338 intelligendl

170 4371 376 4457 quandonam
385 4391 475 4435 causa
484 4371 710 4451 adlaetateqra
719 4368 882 4437 censenda
893 4371 953 4435 sit:
966 4369 1011 4435 siu
1020 4369 1139 4436 Lucius
1148 4370 1197 4437 111
1205 4373 1287 4436 ann⁰
