2714 4980
118 306 180 372 132
458 316 646 364 rmcrnrus
668 318 712 362 nn
733 316 881 365 sonions.

116 464 148 530 q.
169 442 215 528 7.)
236 443 345 509 (litant
361 443 460 508 etiam
483 449 583 525 caput
599 444 649 506 Ad
664 443 854 523 potandum
869 441 924 520 24,
941 440 1031 506 tituli
1047 443 1103 522 27,
1120 439 1195 506 libri
1210 442 1229 505 t

116 559 340 639 decretalium,
359 558 417 624 uhi
437 559 646 625 Innocentius
665 559 715 625 IlI
729 557 877 643 praecipit
901 558 1019 623 cassari
1040 558 1231 624 sententium

116 675 284 762 cujusdam
307 674 426 761 judicis
453 674 605 758 delegati,
630 675 657 741 si
680 676 863 741 eonstiterit
893 693 968 740 eum
996 674 1098 740 fuisse
1115 677 1232 758 pellace

115 794 439 869 excommunicatum.
463 792 577 874 Igitur,
591 799 732 874 arguunt
745 810 786 855 ex
799 790 859 856 hac
874 790 1032 856 decretali
1047 791 1229 869 canonista,

115 908 144 973 si
159 906 447 973 excommunicatio
466 923 532 971 non
553 904 669 970 fnisset
683 905 815 988 publice
830 913 917 983 nota,
939 906 1104 993 sententia
1119 904 1232 970 valuis-

117 1030 179 1089 set.
197 1020 364 1108 Quidquid
375 1023 417 1087 sit
430 1020 472 1086 de
490 1021 523 1087 vi
533 1021 650 1087 horum
659 1029 811 1086 textuum
825 1021 869 1087 ad
881 1022 1024 1105 rigorose
1033 1019 1231 1105 probandam

116 1138 244 1219 thesim,
263 1137 334 1223 ejus
354 1139 474 1203 veritas
489 1137 618 1204 ostendi
629 1145 754 1222 potest,
774 1141 808 1203 3⁰
827 1156 869 1202 ex
879 1136 953 1223 jure
968 1137 1113 1203 naturali
1133 1139 1231 1203 :llam

116 1254 232 1322 validae
245 1260 344 1320 erunt
355 1255 525 1320 sententiat
537 1253 580 1319 de
592 1253 708 1338 quibus
719 1254 837 1337 agitur,
848 1254 875 1320 si
888 1254 1030 1319 Ecclesia
1038 1253 1073 1318 in
1085 1253 1149 1318 hoc
1163 1272 1231 1318 cusu

114 1370 374 1458 jurisdictionem
388 1371 539 1454 suppleat
558 1393 565 1436 :
583 1371 736 1453 supplere
753 1378 862 1436 autem
877 1369 1040 1435 censenda
1051 1378 1115 1448 est,
1133 1370 1161 1434 si
1176 1369 1229 1434 hoc

117 1488 263 1574 requirat
278 1487 400 1553 bonum
410 1506 591 1552 commune.
607 1488 711 1553 Porro
723 1487 852 1572 quando
868 1488 1007 1572 populus
1022 1488 1229 1553 communiter

118 1605 280 1670 existimat
295 1605 436 1689 aliquem
444 1602 589 1689 judiciali
600 1611 762 1688 potestate
777 1605 917 1687 pollere,
935 1604 1051 1688 ingens
1064 1603 1228 1669 detrimen

118 1729 190 1787 tum
206 1729 239 1787 et
254 1719 465 1805 perturbatio
481 1727 687 1804 sequeretur,
703 1719 765 1785 nisi
779 1719 873 1785 firma
890 1720 992 1804 ipsius
1002 1719 1126 1805 judicia
1139 1735 1227 1786 rema·

118 1845 249 1905 nerent.

162 1960 253 2021 Noto.
277 1953 383 2041 Aliqui
405 1957 578 2020 canonista
600 1955 715 2020 volunt
730 1975 795 2021 non
810 1954 958 2022 sufficere
981 1974 1133 2021 errorem
1157 1973 1225 2020 con·

119 2090 266 2156 munem3
296 2070 356 2136 sed
383 2072 507 2157 requiri
527 2071 662 2155 insuper
684 2079 723 2137 ut
745 2073 806 2137 iste
831 2091 926 2138 error
951 2092 1017 2138 non
1042 2073 1084 2137 sit
1109 2093 1222 2136 mosoc.

122 2186 250 2252 «Aliud
268 2194 364 2265 esset,
385 2188 491 2272 inquit
509 2187 803 2271 Schmalzgrueher
825 2189 869 2275 (in
888 2189 1022 2254 titulum
1041 2192 1079 2253 dc
1097 2192 1221 2268 tudiciis,

123 2326 139 2363 a
154 2303 260 2369 libri2
280 2302 505 2384 decretalium,
517 2326 550 2369 n.
569 2303 636 2389 20),
652 2307 679 2370 si
687 2313 778 2389 gesta
790 2313 897 2370 essent
909 2325 928 2370 a
935 2304 1048 2390 judice
1061 2307 1224 2371 existimato

123 2442 139 2479 «
156 2437 218 2500 per
236 2438 380 2484 crassum
395 2427 429 2485 et
444 2422 606 2503 supinum,
633 2428 690 2486 aut
712 2442 753 2487 ex
775 2420 890 2506 liquidi
914 2429 948 2486 et
973 2420 1140 2487 manifesti
1158 2418 1224 2505 juria

124 2557 140 2594 a
157 2535 337 2618 ignorantia
347 2537 607 2618 provenientem,
623 2556 791 2621 errorem;
810 2538 913 2622 qualis
928 2543 1014 2602 esset
1029 2539 1057 2602 si
1068 2539 1097 2602 is
1111 2538 1225 2622 quisen-

124 2673 140 2711 «
157 2651 294 2716 tentiam
307 2653 454 2735 protulit,
471 2653 507 2718 in
520 2672 559 2719 eo
576 2653 648 2728 loco
667 2653 724 2718 ubi
739 2654 886 2737 protulit,
903 2653 1035 2737 publice
1056 2654 1222 2725 damnatus,

125 2792 141 2827 α
159 2767 210 2832 vel
228 2767 438 2834 denuntiatus
451 2777 535 2834 esset
549 2768 592 2834 de
608 2769 715 2854 aliquo
729 2769 973 2853 impedimento,
990 2769 1033 2837 ob
1054 2770 1145 2855 quod
1159 2771 1225 2834 inca

125 2905 141 2942 «
159 2901 223 2965 pax
237 2888 322 2947 esset
336 2881 429 2947 officii
438 2881 578 2968 judicis:
595 2902 670 2947 nam
679 2885 754 2949 talis
765 2901 860 2950 error
871 2885 924 2950 vel
934 2887 1127 2968 ignorantia,
1142 2884 1226 2949 scien·

125 3023 141 3060 «
156 2999 209 3064 tiae
218 3000 453 3084 aequiparatur:
466 3009 703 3085 consequenter
709 3003 823 3068 ¹vitium
833 3002 1026 3067 sententiam
1034 3000 1171 3068 dicentis
1180 3015 1229 3065 nor

127 3140 143 3176 n
160 3117 258 3182 tollit.
275 3139 292 3179 a
309 3118 386 3183 ltlihi
402 3127 510 3182 tamen
523 3118 645 3183 inutilis
660 3117 792 3190 ridetur
804 3119 873 3184 haec
888 3119 1061 3184 restrictio.
1076 3121 1149 3184 Non
1162 3117 1230 3185 enim

124 3231 196 3297 dari
210 3251 303 3314 posse
315 3232 449 3299 videtur
463 3253 557 3299 error
570 3236 746 3299 communis
761 3235 816 3318 qui
830 3235 925 3300 simul
939 3235 982 3300 sit
995 3235 1043 3301 ita
1057 3255 1195 3315 crassus,
1204 3237 1231 3297 nt

124 3348 268 3413 Ecclesia
286 3368 352 3414 non
373 3349 534 3415 censenda
554 3351 597 3417 sit
617 3349 875 3435 jurisdictionem
897 3351 1065 3434 supplere.
1084 3347 1232 3420 Sumenda

127 3464 214 3529 enim
239 3467 426 3549 exemplum
449 3467 567 3552 judicis
595 3468 727 3551 publice
756 3468 1036 3547 excommunicati,
1063 3464 1235 3554 hujusmodi

125 3582 306 3666 ignorantia
315 3592 614 3649 crassaversoretur
625 3584 679 3649 vel
687 3585 773 3649 circa
785 3576 1236 3652 factumtolisexcommunicr

126 3700 234 3779 tionis,
258 3700 313 3765 vel
332 3702 418 3765 circa
433 3701 668 3766 consectarium
683 3700 765 3786 juris
781 3720 822 3766 ex
840 3720 880 3766 eo
891 3701 1007 3779 fluens,
1029 3700 1238 3769 excommuni-

127 3824 237 3882 catum
264 3835 381 3899 nempe
405 3815 551 3900 judicem
569 3817 630 3881 hoc
649 3818 719 3900 ipso
738 3815 963 3901 jurisdictione
984 3813 1111 3885 carere.
1134 3811 1238 3901 Quoad

127 3931 262 4012 factum,
281 3932 336 3998 vel
348 3932 393 3996 ita
404 3931 468 3996 fuit
484 3931 654 4014 publicum
672 3939 709 3996 ut
725 3932 767 3998 ad
781 3933 928 3998 notitiam
942 3934 1185 4000 communitatis
1195 3931 1240 3999 dc·

127 4048 240 4114 venire
254 4046 420 4126 debuerit,
435 4054 469 4112 et
488 4032 568 4111 tunc
587 4046 660 4112 dari
678 4066 744 4113 non
758 4055 865 4131 potest
878 4050 1059 4131 ignorantia
1075 4047 1240 4117 communis

127 4161 202 4228 talis
225 4161 320 4248 facti;
345 4160 467 4229 velita
494 4163 620 4245 prolata
644 4162 707 4228 luit
723 4164 1025 4244 excommunicatio,
1042 4171 1081 4229 ut
1106 4160 1241 4249 potuerit

130 4280 394 4346 communitatem
414 4281 531 4365 latere,
556 4290 590 4361 et
612 4290 691 4347 tunc
714 4283 894 4366 ignorantia
913 4302 980 4350 non
999 4290 1050 4349 est
1069 4302 1189 4363 crassa,
1212 4282 1240 4345 et

127 4402 225 4481 urget
236 4397 318 4463 ratio
331 4397 478 4464 utilitatis
490 4397 639 4483 publicae,
659 4407 696 4466 ut
710 4399 853 4468 Ecclesia
867 4399 924 4467 tali
935 4398 1038 4485 judici
1050 4397 1238 4486 jurisdictio·
