2714 4980
563 352 779 401 nossemus.
939 370 942 374 ·
1023 341 1027 347 '
1165 338 1226 401 233

117 477 301 556 «consulti,
323 478 379 562 qui
397 477 572 560 propositis
590 476 651 542 sibi
673 477 778 542 titulis
798 495 857 543 seu
876 477 1005 543 motivis
1021 476 1140 562 quibus
1156 495 1227 544 sese

116 591 263 658 «fundat
285 599 500 676 procurator,
520 589 699 675 respondet
722 595 760 656 dc
774 598 871 675 jore,·
892 592 1016 672 idest,
1040 593 1174 678 exponit
1195 601 1230 658 et

115 707 265 792 «probat
282 706 361 792 quid
374 708 457 792 juris
473 714 630 793 sequatur
654 725 695 773 ex
718 725 822 772 causae
845 708 1019 792 capitibus,
1036 715 1135 792 prout
1159 708 1190 774 ei
1211 728 1231 775 a

115 828 356 904 «procuratore
371 828 590 902 exponuntur.
609 818 700 886 Adeo
712 824 751 885 ut
764 818 915 886 advocati
931 820 1116 886 nullatenus
1128 821 1162 885 in
1177 837 1231 886 co-

115 959 130 997 a
145 935 325 1019 gnitionem
337 934 483 1028 ipsorum
499 952 723 1017 processuum,
742 952 850 1019 neque
865 935 898 998 in
915 953 952 1000 ea
966 952 1037 1019 quae
1052 934 1096 1001 ad
1109 935 1231 1000 factum

114 1052 323 1135 «pertinent,
345 1069 415 1117 sese
428 1050 598 1134 ingeraut3
616 1057 652 1115 et
668 1053 715 1115 sic
731 1058 825 1116 extra
836 1067 932 1116 omne
953 1050 1114 1116 mendacii
1130 1056 1165 1115 et
1178 1068 1231 1115 oa·

114 1167 275 1250 «lumniae
291 1166 474 1249 periculum
487 1173 672 1231 versantur.
689 1167 740 1231 Ita
756 1174 795 1232 ut
807 1165 945 1231 officium
957 1164 1142 1249 hujusmodi
1157 1184 1230 1249 pos-

113 1283 186 1348 «sit
204 1283 314 1349 forsan
330 1289 397 1348 eta
414 1281 561 1367 quolibet
575 1282 737 1366 religioso,
753 1284 852 1347 etiam
866 1288 901 1348 et
918 1282 1105 1347 reformatae
1120 1281 1231 1348 ohser-

114 1423 130 1460 a
145 1399 276 1475 vantiae,
286 1398 389 1463 illaesis
400 1398 500 1462 sacris
511 1399 697 1475 canonibus,
713 1399 904 1464 exerceri...
919 1399 966 1464 Ex
980 1417 1045 1483 quo
1058 1398 1165 1481 palam
1177 1397 1227 1476 fit,

114 1533 216 1592 «cur,
242 1512 321 1579 dum
343 1514 433 1598 apud
455 1522 589 1579 ceteras
613 1514 717 1580 curias
738 1516 849 1598 plures
868 1521 945 1579 sunt
966 1512 1116 1579 advocati
1134 1532 1231 1599 quam

114 1637 394 1715 «procuratores,
416 1632 450 1695 iu
471 1634 559 1696 curia
578 1632 719 1697 Romana
740 1632 845 1697 multo
866 1630 979 1714 plures
1001 1636 1233 1715 procuratores

114 1770 131 1805 ι
144 1765 245 1832 quam
265 1745 416 1812 advocati
437 1755 664 1811 numerentur.
682 1746 731 1812 Ex
750 1754 880 1811 centum
903 1763 1020 1829 nempe
1045 1746 1159 1823 ceusu,
1179 1747 1233 1810 vix

113 1887 131 1926 a
146 1862 265 1930 decem
285 1871 465 1930 occurrunt
482 1864 517 1927 in
532 1862 650 1947 quihus
665 1863 885 1928 interveniant
905 1860 1054 1927 advocati
1067 1883 1074 1946 ;
1092 1861 1151 1927 sed
1165 1863 1234 1945 ple-

115 2006 129 2037 a
145 1996 288 2062 rumque
303 1977 525 2061 expediuntur
548 1996 608 2061 per
630 1977 714 2043 solos
736 1984 983 2060 procuratores3
1002 1995 1042 2041 eo
1061 1976 1116 2041 vel
1133 1977 1234 2058 magis

115 2122 128 2153 a
144 2092 237 2181 quod
249 2093 284 2158 hi
294 2077 391 2177 periti
405 2112 475 2158 esse
488 2093 624 2170 soleant,
639 2101 674 2159 et
685 2093 779 2159 simul
791 2093 834 2160 ad
843 2091 1069 2168 exercendam,
1081 2091 1108 2156 si
1116 2091 1231 2167 velint,

115 2208 353 2276 «advocatiam
376 2209 512 2274 habiles.
539 2231 556 2271 a
582 2209 688 2296 (Card.
714 2209 757 2276 de
779 2211 882 2286 Luca,
901 2214 1025 2274 Dottorc
1042 2211 1180 2290 volucre,
1196 2206 1235 2272 li·

111 2326 175 2392 bro
192 2328 245 2403 15,
267 2342 337 2407 cap.
358 2326 414 2402 41,
437 2344 471 2389 u.
493 2327 531 2391 ts
555 2332 590 2390 et
603 2342 686 2409 seq,
706 2323 889 2390 mamone
908 2325 1090 2390 inlatinum
1100 2324 1236 2389 transla-

111 2437 230 2523 tione.)

623 2669 719 2746 MV.

388 2903 486 2960 Quinam
501 2903 591 2965 possint
603 2902 707 2950 advocati
720 2900 820 2950 odicium
834 2913 953 2949 exercere.

158 3137 185 3203 1.
207 3137 407 3202 «Postulare
421 3138 489 3205 sire
500 3138 660 3205 advocare
674 3155 787 3203 omnes
801 3142 937 3222 possunt
948 3136 1068 3221 quibus
1079 3153 1234 3220 expresse

116 3254 183 3318 oin
196 3252 271 3338 jure
286 3252 321 3319 id
334 3273 399 3321 nou
410 3254 577 3337 reperitur
587 3253 803 3338 prohibitum:
816 3271 890 3318 nam
905 3251 1050 3318 edictum
1066 3251 1108 3317 de
1123 3258 1236 3337 postu·

116 3394 133 3431 o
145 3369 246 3436 lando
262 3369 511 3453 prohibitorium
526 3377 587 3449 est,
607 3371 692 3436 sicut
713 3378 747 3435 et
761 3370 845 3437 iilud
864 3369 907 3436 de
926 3376 1236 3471 procuratoreoon·

117 3486 328 3552 ratituendo.
349 3508 365 3548 o
386 3486 557 3573 (Pirrhing,
582 3488 616 3552 in
630 3487 683 3551 tit.
705 3489 760 3564 37,
777 3487 855 3552 lihri
875 3490 888 3552 1
912 3487 1053 3566 decret,
1078 3492 1093 3565 5
1118 3484 1165 3572 2.)
1185 3489 1236 3553 Ita

114 3602 270 3670 doctores
296 3604 512 3667 communiter
535 3608 690 3685 tauquam
718 3602 848 3668 ommno
873 3610 1000 3668 certum
1023 3606 1149 3679 teuent,
1170 3618 1236 3666 non

113 3724 245 3785 tautum
256 3717 362 3802 queam
374 3717 427 3802 jus
440 3719 630 3795 Romanum,
650 3717 818 3783 sedetiam
834 3716 943 3802 quoad
958 3718 1067 3784 forum
1086 3719 1236 3783 ecclesia·

115 3837 245 3901 sticum.

160 3951 204 4017 Π.
230 3951 367 4032 Quinam
380 3950 454 4035 jure
472 3951 615 4016 Romano
635 3949 871 4035 prohibeantur
883 3951 924 4016 ab
939 3947 1122 4016 exercendo
1136 3947 1237 4016 advo-

117 4067 181 4132 cati
202 4085 354 4144 munere,
378 4068 535 4132 concinne
562 4068 712 4150 exposuit
733 4067 885 4144 vinnius,
913 4065 1070 4132 adnotans
1091 4066 1170 4131 alios
1195 4066 1238 4132 ob

118 4200 265 4267 personae
294 4181 532 4259 conditionem,
562 4184 641 4248 alios
670 4202 750 4250 vero
781 4189 919 4266 propter
949 4200 1061 4247 causas
1092 4200 1238 4266 personae

119 4299 316 4364 extrinsecas
330 4300 512 4365 removeri:
536 4322 553 4359 a
571 4300 702 4375 Eorum,
723 4299 840 4383 inquit,
861 4300 918 4384 qui
931 4298 1149 4383 prohibentur
1161 4316 1239 4365 con-

122 4432 287 4481 «orrroru
307 4432 474 4491 ruusouu,
493 4422 561 4480 tres
578 4413 687 4480 edicto
703 4412 836 4479 ordines
858 4422 981 4498 praetor
999 4416 1088 4481 iecit.
1116 4419 1238 4479 Primos
