2716 4988
60 106 125 181 ist
400 120 589 173 umcrarus
609 123 655 172 on
675 120 826 172 roorcus.

56 257 122 325 imo
138 254 252 323 alaico
269 260 304 321 et
321 252 466 330 femina,
478 254 558 317 casu
576 268 642 336 quo
653 268 716 336 per
733 264 881 317 errorem
896 247 1106 317 haberentur
1117 264 1179 333 pro

57 370 302 454 sacerdotibus3
322 386 393 454 quae
409 367 541 452 sequela
554 373 646 433 certo
661 366 743 432 falsa
759 373 820 432 est.
845 402 893 417 -
911 363 1149 448 Respondetur
1169 385 1177 430 ε

58 485 150 555 Ordo
177 484 399 562 sacerdotalis,
423 491 458 549 et
477 503 573 549 sexus
584 483 694 561 virilis,
714 481 757 548 ad
774 483 920 548 valorem
937 481 1182 547 sacramentalis

57 600 267 677 absolutionis
280 598 354 685 jure
368 597 478 664 divino
492 599 724 683 requiruntur3
743 618 809 664 uon
822 604 1058 682 potestantem
1071 596 1182 683 Ecole

58 718 105 784 sia
122 717 277 800 supplere
293 714 460 781 defectum
473 714 608 799 alicujus
627 713 829 791 conditionis,
843 732 940 799 quam
955 711 1011 798 jus
1031 710 1181 777 divinum

57 833 272 902 necessariam
288 832 378 898 fecit.

102 950 302 1017 Paooosmo
316 947 387 1013 111¹.
403 983 450 997 -
466 949 576 1011 Utrum
592 949 920 1030 injudiceexa‘stimcto
934 950 1122 1010 ammones
1139 951 1182 1010 stt

59 1067 167 1132 noro
176 1066 337 1141 animatos,
355 1069 390 1127 ot
403 1067 467 1145 cjrcs
480 1069 563 1144 posto
578 1067 641 1126 aiot
657 1064 774 1142 valida,
791 1065 921 1144 lcpttime
936 1068 1122 1127 controverti
1127 1082 1182 1144 po-

59 1188 127 1255 tert.
155 1215 201 1231 -
223 1182 274 1247 Dc
296 1180 356 1245 hac
380 1181 467 1244 enim
485 1198 522 1244 re
541 1177 712 1262 disputant
732 1177 885 1245 doctores
905 1177 1076 1253 catholici,
1103 1179 1182 1264 quin

58 1298 125 1365 ulla
143 1297 359 1365 intervenerit
373 1277 522 1361 Ecciesioe
538 1315 610 1362 rem
625 1295 809 1362 definientis
828 1294 958 1361 decisio.
980 1296 1107 1362 (litutos
1121 1314 1182 1380 pro

59 1422 95 1481 et
115 1422 229 1481 contra
255 1419 406 1479 auctores
434 1420 470 1478 et
497 1413 639 1478 rationes
669 1412 744 1479 vide
770 1412 860 1496 apud
888 1410 1184 1497 schmalagrueher

62 1529 107 1618 (in
115 1531 247 1597 titulum
259 1532 298 1595 dc
311 1533 453 1609 laodicio,
466 1529 543 1595 libri
558 1533 578 1593 ‘l
597 1528 822 1608 decretalium,
833 1549 867 1594 n.
885 1526 954 1614 21).

103 1647 267 1717 mousom.
283 1680 329 1695 -
344 1647 500 1710 Doctrina
515 1646 661 1727 exposita
679 1645 764 1710 circa
777 1644 921 1730 judicem
945 1645 1179 1723 existimatum,

61 1763 117 1848 qui
135 1779 252 1844 nempe
269 1759 494 1846 jurisdictione
509 1769 610 1838 caret,
628 1767 789 1826 ettamen
814 1781 855 1826 ex
880 1779 993 1827 errore
1017 1763 1184 1827 communi

61 1885 284 1963 putatuream
299 1877 432 1954 habere,
450 1878 582 1943 maximi
605 1879 761 1942 momenti
777 1885 844 1952 est,
864 1877 907 1942 ob
925 1878 1125 1961 multiplices
1141 1877 1184 1943 ad

61 1995 189 2079 praxim
215 1994 287 2080 ejus
316 1995 558 2078 applicationes.
601 1995 786 2077 Praeoipuos
818 2013 911 2059 casus
936 1995 983 2060 ita
1011 2001 1185 2061 enumerat

62 2111 351 2195 Sehmalzgrueber
379 2132 388 2176 ;
428 2139 443 2166 κ
470 2113 502 2174 1⁰
528 2111 647 2176 Valent
677 2118 749 2175 acta
776 2111 936 2194 Episcopi,
966 2110 1021 2176 vel
1046 2111 1185 2178 alterius

68 2228 241 2306 sPraelati,
267 2225 360 2311 cujus
380 2227 497 2292 electio
519 2232 658 2310 propter
682 2225 911 2311 quodcumque
939 2225 1021 2312 juris
1046 2226 1185 2293 humaui

68 2370 85 2413 s
100 2337 373 2428 impedimentum
380 2341 444 2407 fuit
458 2342 558 2419 nulla,
575 2342 603 2407 si
617 2340 687 2426 ejus
704 2343 835 2408 nullitas
854 2341 984 2427 publice
996 2343 1181 2427 ignoretur.

69 2485 85 2513 a
101 2460 136 2523 2⁰
150 2458 268 2525 Valent
281 2457 500 2524 absolutiones
519 2457 642 2523 collatae
656 2456 877 2536 sarcerdote,
898 2465 934 2524 et
950 2474 1060 2523 coram
1074 2476 1118 2524 co
1130 2476 1185 2524 ca-

68 2601 86 2630 ·
99 2574 226 2645 lebrata
247 2574 468 2653 matrimonia,
491 2575 553 2640 etsi
578 2592 658 2640 vere
680 2573 841 2658 parochus
864 2575 1005 2652 nonsit,
1027 2575 1108 2661 quia
1128 2574 1184 2641 vol

71 2719 87 2747 ι
101 2690 257 2769 intrusus,
274 2690 328 2757 vel
341 2688 384 2756 ad
398 2690 577 2755 animarum
588 2708 701 2755 curam
715 2689 756 2754 ab
771 2689 929 2773 Episcopo
941 2708 1008 2756 non
1021 2689 1186 2775 approba·

66 2814 165 2887 stus,
191 2804 289 2873 modo
314 2824 376 2890 pro
398 2806 542 2890 legitimo
567 2805 709 2891 parocho
734 2806 948 2879 communiter
971 2807 1013 2871 sit
1035 2805 1182 2873 habitus.

72 2950 88 2979 s
100 2926 138 2991 3⁰
152 2920 275 2990 Eadem
298 2929 371 2988 acta
389 2925 559 2988 sententie
578 2930 612 2989 et
631 2923 851 2989 absolutiones
872 2922 1062 3002 subsistunt,
1082 2940 1187 3009 quus

72 3037 224 3107 stumris
237 3037 414 3122 Episcopus
435 3038 490 3105 rel
510 3037 591 3104 alius
612 3039 766 3123 praelatus
788 3039 1097 3118 excommunicatus,
1114 3057 1186 3106 sus

67 3179 88 3211 ,ι
100 3168 233 3237 pensus,
256 3153 311 3219 rel
329 3151 554 3238 jurisdictione
573 3162 607 3220 et
622 3153 691 3238 ipsa
714 3155 890 3237 prelatura
905 3162 939 3220 et
952 3154 1115 3222 beneficio
1128 3157 1185 3223 rel

73 3296 88 3325 ι
104 3266 207 3335 officio
223 3270 372 3353 privatus
394 3269 518 3347 fuisset,
541 3269 639 3335 modo
661 3273 824 3337 communi
842 3291 956 3339 errore
975 3273 1186 3341 existimetur

73 3408 89 3441 ι
104 3383 212 3460 adhuc
224 3382 382 3468 praesiitus
393 3382 617 3469 jurisdictione
635 3385 816 3452 sufficienti.
835 3388 871 3452 4⁰
881 3387 928 3453 Ea
941 3389 1010 3472 ipsa
1022 3388 1186 3455 valebunt

72 3528 88 3559 a
104 3501 311 3586 quantumvis
330 3500 600 3584 impedimentum
621 3522 707 3568 unus
728 3503 783 3569 rel
805 3504 890 3569 alter
908 3505 1056 3583 sciverit,
1082 3505 1184 3573 modo

64 3639 88 3677 ,ι
102 3612 157 3681 iio
170 3611 288 3696 quihm
305 3619 396 3695 gesta
417 3621 504 3691 sunt,
522 3632 584 3698 pro
597 3616 684 3682 reris
704 3613 870 3700 judicibus
886 3590 1050 3685 communi
1066 3637 1185 3687 erroro

74 3754 89 3783 ι
104 3728 169 3795 siut
184 3727 303 3812 habiti3
323 3729 399 3812 quia
415 3730 506 3812 leges
527 3749 592 3795 non
610 3731 771 3815 privatam
791 3731 851 3797 sod
874 3750 1076 3801 communem
1099 3735 1186 3803 msti-

73 3844 280 3923 smatioucm
307 3843 493 3913 attendunt.
522 3848 557 3910 5ο
579 3847 690 3912 Valori
712 3866 731 3911 a
752 3866 787 3913 se
813 3855 961 3915 actorum
984 3868 1051 3915 non
1075 3850 1187 3919 oberit

73 3986 89 4031 s
104 3960 188 4027 mula
198 3958 283 4027 tides
293 3961 395 4045 ipsius
409 3960 538 4046 judicis,
553 3964 696 4048 parochi,
711 3971 768 4029 aut
782 3963 978 4044 confessarii,
1000 3967 1135 4035 scientis
1149 3988 1184 4035 ae

75 4103 89 4131 ·
106 4092 219 4145 carere
228 4073 464 4160 jurisdictione,
478 4078 575 4146 modo
588 4082 751 4148 communi
761 4099 876 4147 errore
889 4083 1119 4155 existimentur
1127 4085 1187 4157 hoc

75 4220 91 4248 a
107 4189 253 4278 prediti3
269 4194 345 4279 quis
360 4194 556 4261 heneficium
570 4214 636 4263 uon
654 4204 704 4263 est
719 4195 833 4263 datum
846 4199 881 4263 iu
895 4197 1041 4267 favorem
1054 4197 1182 4284 judicis,
