2714 4980
123 301 187 365 314
468 318 655 369 macrinus
675 320 721 367 na
742 320 890 370 raorcus.

19 450 21 454 '
120 461 205 523 aaa,
232 462 342 511 aarum
363 447 580 512 commissario
593 441 634 512 ad
649 447 710 512 hoo
728 446 888 530 deputato
899 445 1010 532 jurare
1024 454 1060 512 et
1074 445 1219 531 deponere

124 570 276 647 peamau
289 571 410 645 quarto,
429 572 467 630 ut
483 573 657 649 prestetur
671 565 767 630 tactis
781 565 956 648 evangeliis
972 588 979 649 ;
998 565 1059 631 sed
1076 566 1222 632 elerieiin

122 679 223 744 enoris
239 680 416 756 constituti,
436 679 564 764 dejure
580 681 743 745 aommnui
754 686 787 746 et
798 681 974 746 universali
987 681 1221 760 consuetudine,

123 794 235 880 jurant
254 797 428 878 propositis
447 795 620 861 dumtaxat
640 797 826 880 evangeliis,
852 804 888 863 et
917 816 1014 862 manu
1039 798 1166 880 pectori
1185 796 1225 862 ud

121 917 222 976 mota.
234 911 312 991 Quae
320 913 428 978 omnia
439 912 515 977 vide
523 913 656 978 evoluta
664 911 753 996 apud
763 912 1054 996 Sahmalzgraeber
1064 912 1111 998 (in
1120 913 1171 977 tit.
1180 914 1222 990 ιθ,

121 1026 229 1092 libri2
249 1025 390 1104 decret,
410 1047 445 1090 n.
465 1024 533 1111 86).

122 1167 123 1170 “
168 1149 199 1208 7.
225 1140 313 1224 Quid
334 1151 444 1209 autem
463 1143 573 1228 jurare
595 1143 739 1210 debeant
756 1151 858 1210 testes
871 1144 917 1209 sio
934 1146 1070 1228 exponit
1084 1143 1227 1212 madoci·

121 1267 209 1328 tatas
227 1267 341 1324 auctor
365 1259 409 1346 (n.
439 1258 491 1344 88)
517 1281 525 1325 ε
550 1282 567 1322 a
586 1261 703 1326 durare
725 1259 859 1339 debent,
880 1260 973 1347 quod
992 1280 1055 1326 neo
1077 1260 1158 1326 odio
1178 1279 1226 1327 nea

119 1399 141 1438 a
155 1377 293 1441 amicitia
306 1383 363 1441 aut
378 1375 503 1455 favore,
522 1377 575 1442 rel
593 1378 700 1462 aliquo
716 1378 778 1443 alio
792 1378 963 1444 commodo
978 1376 1092 1444 habito
1112 1385 1168 1443 aut
1183 1378 1227 1443 ba-

122 1516 141 1554 u
152 1493 261 1559 bendo
274 1493 400 1559 inducti
414 1492 547 1559 suntad
561 1493 812 1573 testificandum,
835 1494 894 1560 sed
914 1495 994 1560 moti
1016 1513 1130 1560 amore
1143 1495 1228 1560 solius

122 1606 318 1694 avertatis,
348 1609 437 1695 quod
462 1611 654 1688 veritatem,
683 1610 767 1676 siout
793 1609 973 1675 secundum
1007 1609 1227 1675 conscientiam

119 1751 138 1786 a
153 1745 242 1791 suam
253 1727 414 1803 noverint,
432 1725 474 1790 ad
488 1726 640 1792 articulos
651 1733 684 1790 et
696 1726 946 1810 interrogatoria
955 1725 1017 1791 sibi
1026 1724 1228 1810 proponenda

121 1870 138 1903 a
150 1843 295 1909 fideliter
307 1844 371 1908 sint
385 1842 522 1926 dicturi3
537 1852 571 1909 et
582 1842 723 1927 denique
741 1842 829 1928 quod
843 1842 1068 1926 depositiones
1080 1849 1228 1908 suasante

124 1960 326 2044 «legitimam
342 1979 455 2025 earum
470 1959 721 2042 publicationem
745 1960 854 2024 neutri
871 1959 956 2042 parti
978 1958 1084 2024 velint
1106 1957 1229 2024 manile·

123 2085 252 2145 astare.
280 2099 305 2138 »v

124 2213 125 2217 ¹
144 2238 147 2243 -
164 2198 196 2260 8.
231 2224 244 2248 a
270 2194 336 2261 Hae
359 2193 580 2278 juramentum
598 2191 816 2277 repetendum
837 2199 899 2271 est,
925 2193 952 2257 si
972 2191 1063 2257 idem
1090 2192 1183 2258 testis
1200 2192 1229 2257 iu

122 2286 268 2375 «eadem
283 2316 421 2375 causaet
438 2310 588 2374 instantia
604 2286 808 2374 examinetur
823 2327 922 2392 super
937 2307 1076 2373 diversis
1093 2315 1131 2373 et
1147 2306 1230 2374 noris

122 2449 139 2486 a
151 2426 304 2503 articulis,
328 2432 366 2490 ut
384 2430 511 2491 constat
532 2445 573 2490 ex
598 2425 704 2508 rapite
733 2429 949 2488 Fraterattetts
975 2424 1042 2509 (17,
1066 2423 1226 2499 titubat,

116 2541 222 2606 «libri
236 2544 256 2606 2
271 2540 425 2626 decret).
440 2543 537 2606 Seeus
552 2548 601 2609 est
619 2541 646 2606 si
663 2540 756 2607 testis
770 2547 940 2623 repetatur
954 2539 1059 2605 solam
1070 2537 1115 2603 ad
1126 2538 1231 2604 deale-

67 2649 68 2652 ’
116 2682 133 2720 ιι
146 2658 285 2725 randum
297 2660 516 2725 testimonium
527 2678 639 2742 suum;
657 2663 735 2721 tuno
750 2657 836 2721 enim
851 2675 937 2721 novo
952 2654 1144 2739 juramento
1154 2670 1231 2739 opus

96 2751 97 2754 Ἴ
116 2795 209 2843 «oon
224 2782 284 2840 est.
313 2797 329 2837 a
358 2773 669 2861 (Sahmalzgrueber,
686 2773 759 2837 loeo
775 2773 848 2850 ait,
864 2791 897 2836 n.
912 2775 953 2838 87
965 2769 992 2856 .)

122 2944 127 2949 -
143 2888 307 2976 Quinam
317 2895 363 2957 4⁸.
382 2927 427 2939 -
437 2895 485 2956 Aa
497 2899 528 2955 et
541 2895 616 2973 qaid
626 2893 755 2973 prodeat
769 2896 857 2952 testes
872 2876 1063 2970 attentares?
1074 2924 1122 2937 -
1133 2885 1232 2954 Valde

110 3011 214 3076 ardua
240 3017 290 3076 est
306 3010 373 3075 haeo
392 3009 537 3093 quaestio,
559 3013 593 3073 et
614 3007 647 3072 in
666 3025 731 3091 qua
748 3006 901 3071 doctores
921 3022 987 3070 non
1005 3023 1124 3088 parum
1139 3002 1233 3070 desn-

27 3188 33 3200 .
111 3129 201 3194 dant.
220 3127 381 3195 Dicuntur
399 3132 508 3190 autem
520 3127 689 3206 stapularas
703 3122 728 3188 ii
742 3128 844 3188 testes
856 3123 913 3207 qui
928 3121 1016 3187 varia
1032 3129 1134 3206 atquo
1149 3121 1231 3185 inter

113 3261 185 3316 sese
198 3243 328 3309 diversa
344 3241 526 3326 deponunt.

123 3406 127 3416 ,
156 3355 323 3443 Ejusmodi
340 3357 475 3421 testium
494 3354 752 3438 depositionibus
764 3354 887 3418 nullam
903 3354 968 3418 vim
985 3354 1094 3418 inesse
1106 3352 1232 3420 eonolu·

112 3474 258 3541 dandum
277 3473 447 3540 rideretur
463 3491 505 3538 ex
524 3473 629 3555 capite
644 3476 719 3536 Cam
735 3474 872 3535 dtteataa-
887 3470 952 3557 (32,
974 3468 1152 3554 deliteat),
1175 3467 1229 3535 ubi

111 3590 260 3659 decernit
284 3589 454 3668 Pontifex,
484 3609 584 3652 eoram
610 3591 813 3670 probationem
841 3608 902 3650 esse
926 3586 1175 3666 insufficientem,
1199 3604 1229 3648 aa

110 3713 188 3792 qaod
201 3711 314 3790 sinqab
325 3714 421 3770 eareat
438 3712 473 3769 ta
486 3711 549 3769 rats
567 3711 746 3768 testimoniis
761 3706 942 3786 simpulum.
971 3794 973 3798 Α
989 3701 991 3705 ’

119 3809 364 3894 {Nihilominus
388 3825 605 3890 communiter
620 3824 804 3889 existimant
830 3823 1000 3887 canonista
1029 3820 1230 3906 disdnguea·

108 3944 186 4016 dum
200 3964 271 4012 esse
280 3919 369 4010 inter
383 3943 489 4008 varias
503 3939 637 4007 testium
652 3941 863 4025 singularium
884 3941 1020 4023 species.
1051 3961 1068 4001 a
1093 3938 1231 4022 Quidam

111 4064 198 4150 «aa
217 4060 516 4144 saumarzgxueaen
532 4059 630 4123 inat.
649 4060 703 4135 aa,
721 4058 796 4123 aaa
812 4060 830 4121 2
844 4039 985 4136 decret,
1001 4074 1036 4119 a.
1059 4053 1135 4139 raa)
1150 4055 1231 4120 ara

111 4186 217 4243 asuut
240 4179 461 4261 singularitate
481 4179 688 4255 adversativa,
709 4175 763 4239 alii
777 4177 973 4253 euaaatattoa,
998 4173 1054 4237 alii
1077 4170 1230 4250 dtbaraifi·

113 4315 129 4354 a
142 4299 253 4357 eattae.
266 4297 470 4358 ⁴aldoersuttua
483 4295 697 4374 ataqatara'tata
710 4293 987 4372 ¹siaryalareasunt,
1013 4288 1071 4372 qui
1098 4287 1144 4352 de
1166 4304 1228 4352 mo

114 4413 300 4476 auom-aon
317 4405 470 4482 iterabit
489 4406 550 4475 ‘aet
569 4405 686 4471 saltem
708 4422 775 4469 non
793 4405 925 4477 iterato.
948 4402 1038 4468 rama
1062 4409 1101 4466 ot
1123 4397 1227 4490 quand
