2714 4980
134 309 198 381 int
489 328 677 381 umcrsws
693 331 743 379 ou
764 329 913 379 runicus.
1028 319 1030 322 ‘

177 456 219 522 11.
235 453 399 539 Distingui
418 462 553 538 possunt
571 456 605 520 in
625 460 745 540 judices
762 457 942 539 stupuimus,
972 465 1007 523 et
1024 461 1146 541 judices
1166 461 1250 523 colu·

131 578 236 637 otioos.
253 570 313 636 Alii
324 589 442 654 nempe
451 571 496 636 ita
507 569 693 656 judicialem
705 577 902 656 potestatem
914 570 1093 656 possident,
1105 580 1146 640 ut
1157 595 1262 644 uuus·

132 690 267 774 quisque
287 689 375 753 solus
393 707 466 754 eum
482 706 638 755 exercere
659 688 788 756 raleut:
805 688 858 755 ulii
878 707 959 754 vero
974 707 1046 754 eam
1066 710 1134 756 nou
1154 694 1250 775 possi·

133 803 383 890 dentquatenus
395 804 522 888 singuli,
537 803 596 873 sed
608 811 767 890 quatenus
774 805 914 883 collecti,
926 823 986 871 sou
995 824 1070 871 cum
1081 806 1251 878 aliissimul

130 919 325 1008 judicantes,
350 929 384 986 et
403 921 437 984 in
452 920 513 988 hoc
529 922 703 1005 posteriori
720 939 797 987 casu
818 939 884 986 non
903 924 1129 1009 uuusquisque
1149 923 1246 1002 solus,

133 1036 192 1105 sed
204 1037 497 1122 ipsumooliegium
512 1046 564 1105 est
575 1036 792 1124 verusiudex.
805 1038 913 1107 Priori
923 1037 1022 1109 modo
1028 1037 1246 1124 indiderunt,

133 1153 1246 1238 verugrctu,Summusrontuexreuuvcccuueenmncclcaiur.

134 1280 169 1339 et
182 1271 362 1358 umiibetiu
375 1270 508 1341 ffloecesi
517 1292 575 1341 sua
587 1274 783 1358 Episcopus:
799 1273 973 1356 posteriori
985 1273 1086 1341 modo
1097 1275 1249 1347 nomme

134 1390 399 1476 congregationes
410 1390 638 1469 cardinalium,
653 1391 784 1476 quondo
795 1390 996 1476 judicialiter
1009 1391 1208 1475 pmucduut.
1220 1400 1252 1460 et

132 1509 260 1598 iudices
272 1526 384 1577 omnes
396 1509 453 1593 qui
470 1509 583 1592 plures
594 1507 790 1593 delegantur
802 1516 841 1575 ut
854 1508 1069 1593 mllsgiciiter
1079 1522 1197 1580 musas
1207 1507 1253 1580 u·

114 1627 263 1695 'rimant

179 1743 238 1808 III.
256 1742 295 1807 In
312 1743 483 1806 ordinarios
503 1747 537 1805 et
554 1743 715 1823 delcpotos.
734 1740 900 1808 Ordinurii
921 1739 1076 1809 dicuntur
1099 1741 1253 1811 nomaso

137 1860 194 1947 qni
206 1865 401 1944 potestatem
410 1857 579 1945 judicandi
588 1857 710 1926 hubent
724 1878 764 1927 ex
773 1857 848 1944 jure
864 1860 992 1927 muneri
1004 1877 1065 1925 suo
1077 1870 1250 1927 emesam:

137 1977 296 2062 delegati,
313 1978 370 2062 qni
391 1995 464 2044 eum
484 1977 648 2061 accipiunt
670 1975 712 2043 ab
739 1976 889 2055 homine,
911 1975 946 2043 id
971 1984 1039 2057 est,
1056 1996 1100 2046 ex
1120 1977 1253 2062 specicii

138 2093 291 2162 mandato
303 2094 466 2179 principis,
481 2093 535 2162 rel
545 2093 681 2161 ulterius
693 2092 860 2172 ordinarii,
876 2093 1052 2178 deleganda·
1066 2067 1256 2163 ficulnum

138 2211 298 2279 habentis.
315 2210 502 2279 Notandum
514 2218 625 2279 autem
636 2216 688 2279 est
703 2230 760 2279 eos
771 2213 828 2296 qui
839 2214 991 2278 ordinarii
1005 2219 1179 2292 vocantur,
1197 2211 1256 2280 du-

138 2329 229 2415 plicis
247 2347 318 2396 esse
332 2329 476 2413 generis3
493 2335 569 2395 suut
584 2328 671 2395 enim
691 2327 748 2412 qui
765 2327 811 2393 ita
827 2325 1086 2412 jurisdictionem
1099 2327 1256 2397 habento

136 2446 211 2533 jure
224 2444 326 2512 officio
340 2463 401 2512 suo
419 2464 589 2523 annexam,
609 2451 648 2509 ut
658 2462 733 2511 eum
744 2445 813 2511 uitis
826 2441 980 2527 delegare
996 2450 1139 2528 queaut3
1155 2443 1257 2529 qualis

138 2571 199 2641 est,
221 2562 315 2628 verbi
331 2561 445 2646 gratia,
465 2561 664 2645 Episcopus:
683 2567 717 2629 et
728 2561 881 2645 suntqui
900 2561 1187 2643 licetpotcstatem
1207 2557 1257 2644 ju·

140 2679 288 2747 dicialem
301 2679 424 2762 pariter
439 2679 472 2745 ri
486 2677 569 2761 legis
583 2683 619 2745 et
639 2696 680 2742 ex
696 2675 799 2747 officio
814 2676 966 2755 habeant,
986 2688 1058 2743 eom
1072 2683 1186 2747 tamen
1201 2675 1258 2743 de·-
1287 2706 1303 2717 -

139 2796 253 2882 legare
272 2801 456 2879 nequeuut3
481 2792 576 2862 verbi
602 2793 715 2876 gratim
738 2791 885 2859 vicarius
910 2792 1072 2875 generum
1094 2792 1255 2876 Episcopi.

141 2912 271 2980 Priores
285 2911 399 2979 stricto
411 2928 510 2979 sensu
528 2908 682 2980 ordinarii
693 2914 790 2975 sunt:
808 2909 1006 2992 posteriores
1020 2907 1132 2975 minus
1143 2909 1258 2975 stricto
1278 2938 1303 2953 ⁴

141 3038 256 3114 scnsu;
272 3031 346 3114 quin
357 3027 434 3098 ideo
444 3036 572 3098 tautum
584 3027 740 3095 ordinarii
751 3034 920 3105 vocantur,
935 3034 973 3094 ut
986 3025 1191 3110 intelligatur
1204 3043 1303 3094 cos-

142 3146 296 3231 dcputari
311 3146 354 3213 ah
368 3147 439 3230 ipse
452 3146 526 3230 lege
539 3144 776 3228 ecclesiastica3
797 3141 842 3213 cd
859 3122 1099 3213 distinctionem
1121 3143 1259 3211 auorum

143 3263 200 3348 qui
214 3261 407 3347 delegentur
420 3280 482 3346 per
497 3262 636 3346 speciale
649 3260 837 3331 mmuctum
851 3279 910 3329 seu
923 3258 965 3327 oi)
981 3259 1122 3327 homme.

188 3379 243 3447 IV.
260 3379 298 3447 In
313 3386 506 3463 comminutas
516 3385 552 3448 et
561 3385 800 3462 iommpctantes.
814 3378 1010 3461 competens
1020 3373 1146 3445 dicitur
1155 3373 1260 3460 iudex

152 3496 288 3567 rurum
310 3493 355 3565 cd
378 3495 518 3582 aliquem
533 3514 661 3567 missum
684 3492 922 3574 definiendam,
941 3492 1072 3579 quaudo
1094 3491 1151 3565 iiia
1165 3510 1267 3559 caum

144 3611 245 3698 ipsius
259 3609 476 3698 junsdictioni
495 3610 655 3697 subjacet,
670 3619 705 3681 et
721 3611 850 3682 aliunde
864 3629 929 3677 uon
948 3608 1068 3675 adsunt
1081 3614 1181 3674 cortu
1201 3609 1263 3673 cir-

145 3728 356 3808 mussantis,
376 3729 411 3794 in
425 3728 682 3815 quibusjudices
697 3729 802 3812 alege
822 3727 1079 3812 prohibenturue
1100 3723 1144 3790 de
1165 3743 1265 3803 conss

145 3968 308 4037 nuntient.
321 3967 550 4051 Incnmpetens
562 3965 737 4050 enindus,
756 3961 885 4050 quondo
900 3962 955 4029 vel
969 3961 1070 4044 ipsius
1079 3957 1265 4044 jurisdictio

146 4084 190 4152 ad
202 4102 328 4152 causum
339 4104 410 4152 sese
422 4105 488 4152 non
499 4083 658 4162 extendit,
674 4084 727 4149 vel
735 4081 913 4148 intervenit
929 4080 1034 4164 eliqua
1045 4097 1087 4143 ex
1098 4074 1267 4161 praedictis

150 4199 409 4278 circumstantiis,
427 4198 594 4285 inquibus
612 4199 937 4282 cicumeuntes,
957 4201 995 4261 ut
1008 4192 1129 4260 uirilius
1145 4191 1265 4260 valoris

148 4313 517 4401 sitjudicisseuteutic..
780 4333 783 4337 ’

194 4433 234 4500 V.
251 4433 288 4498 In
300 4430 428 4518 judices
439 4438 561 4516 proprie
579 4433 686 4512 dictos,
704 4430 786 4497 etin
802 4432 944 4494 arbitros.
