2716 4988
118 296 159 358 70
465 308 652 355 sancturus
675 310 719 355 br:
741 309 889 356 subiens.

116 451 189 500 cem
202 450 299 516 ogere
309 431 422 515 possit.
441 431 513 496 lam
527 431 649 497 verosi
667 432 781 510 altera,
799 450 917 516 nempe
936 433 1174 512 ecclesiastica,
1188 434 1231 499 ita

116 570 136 616 a
149 552 221 616 Deo
229 549 379 615 instituta
389 549 441 626 sit,
459 554 496 613 ut
509 568 574 614 non
589 550 689 632 possit
700 568 812 615 errare
824 549 885 614 sibi
896 549 1076 617 tribuendo
1091 568 1166 636 quoe
1178 568 1233 616 sua

115 685 182 733 non
207 673 294 743 sunt,
317 663 466 730 saeculari
489 682 569 730 vero
596 665 666 730 baec
693 665 903 731 infallibilitas
923 663 1001 732 data
1021 685 1088 732 non
1113 665 1230 744 fuerit,

116 784 224 868 palam
242 782 280 848 lit
299 779 342 847 ad
360 781 538 846 Ecclesiam
559 783 725 864 pertinere
745 799 931 865 supremam
950 778 1153 846 decisionem
1178 779 1235 845 du-

117 902 247 966 biorum
262 901 347 964 circa
362 899 532 983 utriusque
548 903 810 982 competentiam.
827 900 983 965 Nimirum
1002 899 1150 965 Ecclesia
1159 899 1206 963 ita
1219 918 1236 965 a

120 1018 247 1083 Christo
265 1017 298 1080 in
313 1018 412 1081 terris
427 1017 573 1082 instituta
592 1017 666 1094 fuit,
687 1024 726 1081 ut
742 1025 776 1081 et
793 1036 851 1082 sua
861 1014 936 1101 jura
952 1016 1173 1081 infallibiliter
1187 1034 1237 1080 co

123 1138 296 1218 gnosceret
322 1153 358 1198 ac
378 1131 546 1199 declarare
563 1141 684 1217 posset,
708 1140 742 1199 et
766 1135 836 1217 pari
853 1133 1080 1199 infallibilitate
1102 1141 1237 1199 caeteros

121 1251 280 1329 homines,
300 1256 398 1336 atque
417 1252 518 1334 ipsam
541 1251 732 1316 saecularem
752 1257 964 1333 potestatem,
988 1251 1075 1316 cuca
1096 1251 1239 1334 ipsorum

122 1367 309 1452 respectiva
325 1366 400 1452 jura
427 1375 462 1432 et
488 1366 590 1432 officia
619 1366 774 1450 doceret;
795 1367 964 1452 voluitque
983 1365 1072 1432 idem
1095 1366 1239 1433 Christus

121 1488 191 1555 baec
206 1486 312 1554 omnia
327 1484 461 1552 docenti
475 1484 626 1550 Ecclesiae
641 1485 683 1551 ab
697 1484 859 1563 omnibus,
876 1492 974 1570 atque
991 1484 1033 1550 ab
1050 1485 1131 1568 ipsis
1146 1484 1239 1550 etiam

123 1601 331 1673 secularibus
341 1600 568 1684 potestatibus,
585 1600 818 1684 obtemperari.
833 1599 872 1666 Id
883 1602 1082 1685 quinegant,
1099 1598 1240 1667 divinam

124 1720 276 1787 Ecclesia
287 1718 526 1784 institutionem
539 1718 696 1784 catholice
712 1737 777 1784 non
790 1718 987 1802 intelligunt.
1005 1719 1043 1796 Ii,
1063 1717 1164 1784 verbi
1177 1736 1242 1803 gra·

124 1840 184 1917 tia,
206 1837 264 1922 qui
279 1838 397 1902 bmeut
419 1855 460 1901 ne
481 1835 626 1902 Ecclesia
648 1854 687 1902 ea
706 1853 778 1921 quae
797 1836 961 1901 saecularis
977 1835 1156 1919 potestatis
1175 1840 1243 1902 sunt

127 1955 188 2021 sibi
201 1960 357 2037 usurpat,
382 1952 436 2019 vel
455 1952 633 2018 admittunt
650 1953 802 2018 Ecclesiae
819 1953 853 2016 in
873 1953 938 2017 suis
951 1949 1244 2019 delinitionibusel

128 2072 273 2158 generali
293 2069 461 2155 disciplina
483 2070 758 2147 infallibilitatem,
780 2071 834 2135 vel
853 2088 919 2133 non
944 2092 951 2135 ε
972 2070 1115 2152 siprius,
1136 2068 1244 2136 absur

129 2186 209 2254 dum
232 2206 302 2252 esse
317 2204 432 2251 eorum
452 2187 604 2250 timorem
625 2184 803 2263 fateantur,
822 2204 897 2251 oum
912 2204 1079 2271 nunquam
1098 2185 1244 2253 occider*

131 2305 244 2390 possit,
258 2311 296 2369 ut
306 2303 459 2380 Ecclesia,
473 2300 562 2388 quod
573 2300 615 2367 ad
629 2303 732 2385 ipsam
743 2319 809 2366 non
823 2304 977 2386 pertinet,
996 2302 1051 2368 vel
1063 2320 1168 2368 suum
1180 2301 1244 2370 oet

131 2423 209 2499 aiat,
230 2420 285 2485 vel
299 2420 393 2504 praxi
410 2426 547 2502 usurpet
570 2441 578 2484 :
599 2419 627 2484 si
648 2420 821 2502 posterius,
843 2417 992 2484 desinant
1009 2438 1081 2485 sese
1103 2421 1244 2488 accim

134 2538 328 2621 catholicos3
353 2536 450 2602 afide
463 2539 549 2601 enim
564 2543 598 2602 et
616 2535 765 2603 doctriua
783 2536 941 2602 catholica
951 2544 1064 2620 aperte
1077 2535 1244 2604 deficiunt

180 2655 362 2721 Saouauuu
385 2672 591 2722 rmnounuu.
617 2690 664 2703 -
690 2657 738 2720 Ad
764 2642 995 2735 distinqueaalas
1015 2659 1168 2736 proprias
1202 2657 1244 2738 soa

137 2776 327 2838 ecclesiastici
342 2779 372 2836 el
386 2775 540 2836 saecularis
555 2791 672 2851 causas,
693 2779 759 2835 lato
778 2773 883 2854 rapula
904 2779 976 2835 soal
994 2773 1116 2835 decreto
1129 2771 1244 2853 portal

139 2899 186 2956 clo
207 2899 237 2956 et
256 2894 460 2971 annaliorum,
477 2911 542 2972 patae
555 2892 632 2953 boae
645 2892 868 2954 distinctionem
888 2887 969 2953 olore
987 2894 1164 2969 camaliam,
1185 2897 1244 2954 etl

139 3012 306 3092 pecoralem
322 3010 460 3072 Ecclesiae
481 3010 673 3089 disciplinam
690 3026 742 3070 scu
758 3009 975 3088 lepislulioucm
994 3011 1202 3072 transierunt.
1218 3042 1244 3057 -

141 3126 295 3211 Sequitur
315 3144 356 3190 ex
376 3125 524 3207 superius
539 3123 680 3189 stabilito
691 3123 849 3206 principio
868 3144 875 3187 :
897 3121 1038 3194 diximus
1052 3122 1187 3189 scilicet
1204 3124 1244 3190 Er

143 3241 273 3309 alesiam
297 3259 363 3305 non
382 3258 476 3322 posse
509 3257 570 3322 per
600 3238 802 3322 disciplinam
830 3239 1017 3323 generalem
1043 3237 1170 3322 aliquid
1197 3258 1244 3304 no

142 3346 237 3424 suuni
252 3357 313 3423 sibi
323 3376 480 3440 usurpare
493 3364 550 3422 aut
562 3376 657 3422 suum
670 3354 857 3440 declarare;
872 3355 1014 3441 eoquod
1028 3356 1127 3421 etiam
1144 3358 1184 3422 in
1200 3356 1244 3423 d'n

145 3475 260 3559 ciplina
279 3475 424 3559 generali
445 3472 601 3538 divinitus
614 3472 801 3558 adjuvetur,
819 3493 861 3538 ne
881 3493 1029 3539 errorem
1048 3473 1201 3557 practice
1220 3475 1244 3540 ir

144 3592 278 3672 fundat,
308 3599 342 3658 et
366 3591 455 3677 quod
475 3591 631 3676 injustum
655 3597 690 3656 et
711 3611 851 3676 pravum
875 3600 925 3657 est
949 3598 1134 3675 perpetret.
1155 3592 1244 3658 Pom

144 3709 280 3776 decreta
296 3728 504 3775 romanorum
520 3707 712 3793 pontificum
730 3716 766 3775 et
786 3709 997 3775 conciliorum
1017 3725 1088 3792 quaa
1111 3726 1178 3791 per
1195 3727 1244 3776 mc

145 3829 223 3896 dum
237 3829 318 3912 legis
332 3828 492 3911 generalis
505 3826 669 3906 feruntur,
688 3825 730 3893 ad
744 3825 947 3911 disciplinam
961 3825 1147 3910 generalem
1162 3836 1244 3911 pert

144 3953 234 4011 nent.
251 3944 284 4008 Si
298 3961 376 4027 ergo
391 3962 452 4027 per
467 3944 529 4008 ista
539 3940 675 4008 decreta
690 3942 888 4021 declaretur,
906 3943 990 4009 tales
1004 3951 1037 4008 et
1050 3941 1134 4008 tales
1150 3962 1244 4012 caum

118 4042 121 4046 ⁴
144 4070 299 4148 uuquam
307 4059 350 4126 ad
366 4060 544 4126 Ecclesiam
558 4060 690 4145 proprio
704 4059 778 4145 jure
793 4061 1008 4143 pertinentes,
1026 4077 1096 4124 esse
1116 4059 1244 4145 ajudia

45 4220 48 4224 ⁴
146 4178 367 4245 ecclesiastico
380 4174 590 4255 dirimendas,
612 4176 748 4262 qarisque
767 4174 946 4242 catholicus
963 4193 1024 4261 pru
1043 4181 1244 4245 certateuer

147 4295 248 4361 debet
263 4291 422 4379 ejusmodi
439 4313 552 4360 causas
569 4312 687 4360 revera
711 4311 782 4359 esse
802 4292 865 4359 fori
888 4292 1109 4360 ecclesiastici.
1129 4293 1197 4378 Qui
1210 4314 1244 4362 or

145 4423 214 4481 tem
231 4414 432 4482 cummanum
458 4415 608 4491 sentiret,
623 4420 660 4480 et
678 4412 854 4479 sustineret
870 4412 994 4499 aliquas
1005 4410 1148 4479 eudictis
1161 4432 1244 4481 caus
