2714 4980
532 324 615 375 rans
633 325 747 374 rarus.
1157 306 1195 370 57

77 454 228 533 amoenis,
251 455 419 531 tectoribus,
436 458 491 515 aut
506 453 607 530 laicis,
620 453 663 515 ab
679 453 968 534 archipresbyterum
982 448 1198 513 onomaton

77 574 235 650 concessis,
250 575 278 633 si
290 574 488 652 septimanam
502 587 569 632 cum
582 588 615 632 eo
626 571 723 650 facere
736 571 902 648 distulerit,
918 570 1092 650 sustipetur.

125 687 219 753 Anno
235 688 311 766 589,
330 685 504 752 concilium
521 685 731 752 Narbonense
751 683 812 750 sub
827 682 1017 751 Reecaredo
1033 701 1124 769 rege,
1142 703 1199 750 aa·

77 823 164 870 none
182 806 222 869 12
236 824 244 869 :
260 806 433 887 Presbyteri
443 810 676 887 increpenturut
694 805 817 867 redeant
826 826 842 882 ,·
854 805 994 866 diaconos
1007 808 1038 866 et
1054 819 1197 867 menore

77 922 133 985 aas
149 917 196 1008 (id
213 926 265 986 est
279 917 518 1005 degradandos)
532 928 562 986 et
572 923 721 1004 stipntbio
735 921 903 1002 wuardes
912 941 927 1000 ,·
943 921 1072 1001 reliquos
1087 918 1197 1002 nuptis

76 1039 245 1101 cambas.

60 1149 63 1153 ’
121 1152 260 1220 Sanetus
275 1154 451 1239 Gregorius
462 1155 596 1240 Magnus
610 1156 645 1221 in
654 1153 763 1221 suaad
777 1155 967 1221 bunuarium
978 1153 1197 1221 calaritanum

76 1270 276 1355 Episcopum
287 1272 424 1355 epistola
441 1294 449 1340 ε
465 1275 597 1338 Pontum
614 1291 684 1336 vero
702 1274 853 1353 clericum,
869 1279 922 1354 qui
936 1291 1013 1355 sape
1031 1274 1145 1336 dicitur
1161 1277 1197 1335 in

76 1390 238 1468 mobfimis
250 1391 460 1507 deprehensus,
478 1398 530 1474 qai
545 1393 679 1474 desputo
692 1390 798 1455 babitu
809 1411 863 1455 suo
876 1393 918 1454 aa
933 1392 1043 1454 taicam
1060 1408 1197 1454 recusus

76 1512 186 1588 uitam,
205 1513 239 1573 in
254 1512 390 1590 African
404 1513 546 1592 sapam,-
560 1515 646 1574 sitta
660 1517 716 1590 est,
735 1511 885 1592 corporati
893 1514 983 1592 prius
994 1513 1196 1592 permisisti

76 1628 226 1708 vindicta,
241 1631 432 1711 providimus
447 1634 480 1692 in
491 1633 701 1712 penitentiam
714 1631 808 1708 ctari;
821 1634 967 1710 quatenus
986 1633 1017 1690 et
1034 1628 1195 1691 meandum

75 1745 272 1824 apostolicam
280 1751 469 1826 sententiam,
488 1765 528 1809 en
535 1751 637 1810 carnis
650 1745 811 1825 afflictione
821 1751 948 1828 spiritus
961 1746 1064 1808 salvus
1077 1743 1153 1823 fiet:
1164 1751 1196 1808 at

77 1865 213 1924 terrenas
232 1870 422 1944 peccatorum
436 1866 549 1944 sordes,
571 1883 645 1946 quas
658 1869 764 1946 maris
779 1868 964 1927 contraxisse
978 1865 1077 1943 fertur
1096 1867 1195 1945 operi·

77 1979 142 2058 bus,
168 1980 369 2063 hammonem
391 1987 486 2063 possit
499 1983 679 2045 assiduitate
696 1983 811 2044 diluere
833 1977 1055 2065 (epistolarum
1077 1977 1134 2044 lib.
1155 1979 1188 2056 4,

77 2113 130 2180 ep.
147 2097 202 2174 27,
217 2102 244 2161 t.
259 2099 291 2175 2,
310 2115 383 2182 pag.
401 2101 477 2176 707,
491 2096 571 2164 edit.
589 2095 787 2181 Benedici).

121 2216 203 2293 Quos
219 2220 319 2278 tannen
329 2220 357 2277 si
371 2218 527 2279 emendare
538 2235 568 2278 se
583 2235 603 2278 a
619 2217 729 2279 tatibus
744 2222 832 2297 atque
847 2220 995 2296 corripere
1010 2217 1091 2279 nolte
1110 2233 1195 2300 repe·

79 2335 165 2410 reris,
181 2333 311 2412 furenti
325 2333 568 2415 cumprebenetere
582 2335 646 2397 zeto
660 2341 688 2396 te
702 2337 838 2397 uolumus
855 2354 866 2396 .·
885 2339 914 2396 et
934 2339 962 2396 si
981 2336 1101 2416 quictem
1114 2340 1194 2398 serui

79 2454 158 2527 sunt,
181 2440 352 2512 verbatim
373 2453 621 2532 acuentibusque,
643 2452 749 2532 quibua
775 2453 816 2514 ad
838 2453 1072 2515 emendationem
1086 2470 1194 2534 perue-

79 2568 143 2627 nire
166 2567 301 2647 aaleant,
320 2572 469 2648 castipare
484 2587 495 2630 .·
508 2574 536 2630 si
553 2586 623 2631 acro
636 2575 706 2632 sunt
727 2569 825 2648 tiberi,
840 2571 1005 2661 inclusione
1021 2571 1116 2651 ‹lipna
1129 2571 1194 2634 dis·
1303 2639 1326 2660 Ι

81 2685 223 2764 trictaque
238 2689 308 2746 sunt
320 2687 569 2771 inpoenitentium
584 2686 741 2767 redipenbi
756 2683 862 2772 (ibid,
873 2684 930 2755 lib.
955 2687 987 2764 0,
1009 2686 1104 2770 epist.
1134 2686 1189 2762 65,

81 2795 158 2864 edit.
175 2795 376 2883 Benedici).

120 2914 289 3002 Ejusmodi
302 2925 411 2983 autem
427 2918 614 3002 corporales
631 2935 753 3005 poenas,
775 2938 849 2986 cum
873 2928 909 2986 et
929 2939 949 2985 a
972 2919 1120 2986 seculari
1134 2937 1193 3004 po-

80 3040 197 3101 testate
207 3033 356 3102 adhiberi
366 3036 487 3122 ubique
502 3037 657 3116 solerent,
675 3038 793 3103 mirum
807 3054 873 3102 non
888 3035 1064 3103 videbatur
1081 3035 1123 3102 ab
1138 3054 1194 3102 ec-

80 3149 261 3216 clesiasticis
273 3150 371 3217 etiam
385 3150 551 3236 judicibus
560 3153 672 3238 infligi.
690 3152 796 3240 Atque
810 3151 899 3220 idem
911 3151 1087 3220 dicendum
1102 3151 1192 3220 venit

78 3263 118 3332 de
132 3267 265 3333 mulctis
281 3269 475 3352 pecuniaria,
495 3271 606 3336 aliisve
620 3272 725 3354 poeais
732 3271 977 3356 temporalibus.

118 3382 286 3450 Probatur
303 3385 350 3449 4⁰.
364 3390 416 3450 Ec
430 3393 554 3470 entiam
568 3409 626 3451 usu
642 3409 738 3471 puna
753 3392 852 3454 anitii.
866 3427 913 3441 -
923 3391 961 3457 ln
976 3391 1110 3457 concilio
1127 3392 1192 3460 lio·

74 3519 172 3568 mano
183 3503 259 3567 anni
271 3502 345 3582 503,
357 3504 402 3570 ita
414 3504 583 3571 decretum
595 3505 658 3571 suit
671 3527 678 3570 :
693 3511 736 3570 lli
750 3514 802 3590 qni
815 3510 943 3572 aboema
957 3515 1000 3573 eis
1010 3512 1187 3593 moliuntur,

69 3625 153 3683 sicin
176 3639 197 3683 a
223 3627 336 3685 sanetis
360 3624 502 3686 Patribus
524 3625 638 3687 dudum
660 3631 808 3688 statutum
827 3632 882 3706 cst,
910 3634 940 3690 et
961 3627 1049 3692 bodie
1068 3631 1191 3710 spendo

69 3739 140 3800 nati
161 3745 193 3801 et
213 3741 376 3820 apostolica
400 3745 579 3804 auctoritate
609 3741 764 3821 firmatur,
795 3748 919 3824 penitus
940 3741 1145 3828 abjiciuntur,
1160 3753 1190 3809 et

69 3856 180 3933 unitio,
200 3861 264 3918 suis
276 3858 410 3920 omnibscs
425 3859 562 3938 sublatis,
573 3865 717 3940 perpetuo
732 3862 906 3924 tractantur.
919 3860 1051 3946 (labbe,
1062 3867 1141 3926 tom.
1154 3864 1185 3938 5,

73 3970 135 4036 eol.
157 3971 233 4049 504,
257 3969 336 4037 edit.
358 3969 489 4057 Venet.)
506 3974 544 4038 In
557 3992 623 4058 quo
636 3980 732 4040 texta
745 3974 889 4041 notanda
904 3983 980 4041 sunt
993 3975 1061 4043 hoea
1074 3976 1185 4057 verba,

76 4092 152 4151 sieut
170 4107 190 4150 a
204 4093 316 4152 sanctis
326 4092 479 4154 Patribus
497 4091 611 4154 dullum
625 4098 773 4155 statutum
787 4098 855 4154 est:
873 4091 1013 4176 probant
1024 4092 1111 4159 enim
1123 4092 1190 4180 jam

77 4208 145 4268 tum
160 4205 325 4291 aanuam
339 4206 438 4271 iniisse
454 4204 655 4291 disciplinam
670 4225 731 4289 per
743 4226 873 4291 poenam
888 4208 976 4274 exilii
988 4217 1023 4276 et
1036 4210 1190 4279 confisca-

78 4315 172 4387 tionis
197 4320 359 4388 bonorum
388 4321 601 4407 procedendi.
625 4323 710 4390 Item
736 4323 769 4388 in
792 4323 927 4391 concilio
953 4326 1185 4409 Anrefianensi,

80 4426 151 4503 anni
175 4438 252 4530 541,
269 4457 393 4506 maone
407 4441 449 4508 29
469 4461 476 4506 :
495 4443 530 4506 Si
545 4460 611 4523 qua
625 4442 764 4504 mutieres
777 4443 891 4523 burim
906 4448 940 4508 in
956 4446 1106 4512 manno
1123 4466 1188 4512 cum
