2714 4980
22 4552 122 4672 “1¹

127 316 196 379 280·
469 327 657 377 rnucrnrns
679 330 724 377 un
745 326 894 377 spurcus.

123 456 165 520 sit
187 472 241 520 res
261 452 304 520 de
327 451 450 538 qualis
473 448 636 519 moretur.
656 451 750 541 (Vide
775 452 943 537 Pirrbing,
961 455 997 518 in
1012 453 1065 520 tit.
1088 455 1120 532 l,
1141 445 1188 520 lib.
1201 447 1224 520 l'

125 568 267 648 decret,
281 589 315 633 n.
334 571 367 652 6;
384 570 538 646 demeris,
552 570 656 635 verbo
669 574 775 650 Ferus,
795 581 829 633 n.
844 568 914 655 31.)
928 561 1022 636 Ratio
1037 588 1098 635 cur
1107 569 1221 636 clericus

125 685 234 750 Rome
251 698 395 767 presens
412 685 512 768 possit
529 684 576 749 ibi
595 692 751 770 tauquam
768 705 877 752 corum
897 684 1071 753 Ordinoric
1088 684 1224 751 domicilii

127 799 304 877 conveniri,
322 806 382 877 cst,
404 799 478 885 quia
494 800 594 883 Papa,
612 802 666 865 cui
679 806 767 867 totus
787 800 928 867 mundus
946 802 1152 868 territorium
1171 809 1224 878 est,

122 913 380 1001 jurisdictionem
395 933 435 979 ex
450 912 612 979 domicilio
628 922 732 979 ortam
747 915 848 982 habet
863 918 1065 1001 cumulative
1085 935 1159 981 cum
1176 916 1229 980 sin·

127 1031 209 1114 gulis
232 1029 400 1113 Episcopis
424 1030 458 1094 in
484 1030 646 1113 quoslibet
672 1032 1001 1114 ipsorumsubditos.
1029 1032 1140 1098 Simile
1165 1029 1231 1116 quid

127 1145 204 1210 olim
219 1145 327 1210 extitit
341 1145 375 1207 in
386 1145 528 1211 Romana
543 1146 731 1230 republica:
749 1166 861 1213 omnes
874 1148 998 1213 scilicet
1012 1146 1055 1212 nd
1069 1148 1233 1213 Romanum

127 1264 300 1346 imperium
310 1264 523 1345 perimentes,
538 1264 566 1327 si
580 1264 689 1328 Rome
701 1271 878 1347 presentes
891 1264 1016 1355 forent,
1024 1269 1179 1347 poterant
1189 1259 1234 1328 ibi·

128 1377 205 1445 dem
222 1380 403 1457 conveniri,
433 1397 473 1444 eo
490 1377 599 1463 quoad
613 1379 713 1444 Roma
737 1380 915 1446 communis
930 1379 1077 1446 omnium
1095 1380 1195 1462 patria
1209 1383 1233 1441 et

131 1495 245 1561 civitas
257 1502 447 1559 censeretur
463 1495 546 1581 (lege
559 1499 652 1560 Romo
664 1498 718 1574 33,
737 1494 769 1561 ff.
789 1499 830 1560 cd
848 1491 1024 1579 municip).

145 1648 149 1653 ·
174 1615 318 1690 secondo,
337 1612 482 1697 mamus
503 1613 643 1678 clericus
657 1612 765 1678 Rome
782 1631 925 1696 presens
942 1619 977 1678 et
996 1611 1044 1675 ibi
1056 1617 1233 1685 conventus,

133 1729 229 1794 curie
242 1729 391 1794 Romane
406 1726 515 1793 forum
527 1727 691 1794 declinere
704 1736 858 1813 nequeat,
876 1735 984 1812 potest
995 1735 1109 1793 tamen
1123 1743 1235 1792 causan

132 1851 252 1912 domum
266 1866 389 1909 evocare
404 1845 510 1932 (idest,
528 1845 677 1910 obtinere
692 1853 729 1910 ut
742 1845 803 1910 sibi
818 1846 917 1910 liceat
931 1845 965 1910 iu
978 1862 1072 1909 suam
1089 1843 1235 1909 dioecesin

131 1963 267 2042 reverti,
289 1969 323 2027 et
338 1961 384 2026 ibi
407 1960 603 2026 adversariis
624 1980 733 2027 coram
753 1959 927 2028 Ordinario
946 1979 1006 2025 suo
1024 1954 1233 2043 respondere),

134 2079 162 2144 si
174 2079 320 2164 objiciat,
339 2095 373 2142 sc
389 2076 477 2143 domi
495 2077 566 2142 fore
585 2076 686 2161 muge
706 2096 743 2142 ac
761 2074 1031 2160 respondendum
1043 2077 1234 2141 instructum

134 2195 191 2261 Est
215 2195 315 2260 etiam
337 2193 515 2259 communis
542 2191 714 2258 doctorum
740 2184 925 2275 seutentie3
954 2210 1028 2278 que
1057 2188 1236 2274 ceteroquin

136 2317 252 2396 aperte
267 2313 416 2395 sequitur
430 2329 471 2374 ex
487 2309 609 2374 ultimis
625 2310 735 2375 verbis
749 2327 847 2392 supra
863 2310 969 2375 citatae
985 2306 1159 2374 decretalis
1175 2307 1236 2372 Ge

136 2427 218 2512 gorii
238 2427 292 2492 lx.
314 2426 463 2491 Facultas
482 2430 593 2490 autem
619 2442 749 2490 causam
772 2423 906 2490 domum
933 2421 1096 2489 avocandi
1118 2422 1236 2487 multum

139 2539 248 2606 differt
260 2562 280 2606 a
293 2540 448 2606 facultate
463 2540 571 2606 forum
586 2538 770 2605 declinandi
786 2562 792 2606 :
807 2559 881 2605 nam
896 2543 987 2623 prior
1001 2538 1109 2622 alege
1124 2532 1237 2602 concedi

140 2665 250 2743 potest
269 2644 355 2742 justa
378 2655 420 2722 de
442 2676 557 2735 causa,
585 2658 682 2722 etiam
699 2658 805 2740 posito
830 2655 919 2742 quod
937 2655 1046 2721 iorum
1068 2655 1110 2719 sit
1130 2669 1248 2736 compe.

141 2785 237 2842 tens:
257 2776 419 2859 posterior
434 2794 514 2840 vero
529 2773 592 2839 fori
607 2773 895 2857 incompetentiam
914 2772 1080 2855 supponit.

189 2897 299 2970 Tertio,
318 2899 356 2956 ut
375 2891 531 2968 clericus,
543 2889 733 2974 predictam
755 2891 916 2955 rationem
933 2886 1140 2971 exponendo,
1161 2884 1240 2972 possit

144 3028 274 3076 causam
298 3007 431 3074 domum
448 3025 601 3085 avocere,
618 3025 752 3072 necesse
771 3014 822 3070 est
844 3013 883 3071 ut
902 3005 1038 3071 Romam
1066 3005 1194 3071 venerit
1213 3019 1242 3067 er

144 3146 235 3190 ccccc
251 3130 438 3203 uecesscrte
454 3122 548 3188 verbi
565 3123 668 3206 gratia
682 3129 720 3187 ut
734 3123 862 3186 venerit
876 3127 1031 3203 tanquam
1046 3119 1185 3203 legatus,
1203 3114 1243 3182 vel

147 3262 186 3308 eo
198 3249 343 3318 vocatus,
356 3241 410 3306 rel
423 3238 465 3304 ad
477 3237 650 3304 ferendum
661 3238 893 3315 testimonium,
905 3242 970 3300 etc.
982 3233 1079 3301 Unde
1092 3237 1120 3300 si
1130 3236 1243 3302 Roman

146 3359 276 3424 venerit
296 3348 616 3435 voluntarie,'idest,
636 3354 757 3438 absque
774 3353 841 3417 ulla
863 3353 1057 3417 necessitate
1072 3353 1135 3419 rel
1158 3348 1253 3438 quei--

147 3474 349 3550 necessitate,
368 3470 525 3555 predicta
540 3470 696 3534 facultate
717 3466 996 3534 causamdomum
1008 3465 1193 3534 advocandi
1206 3483 1245 3528 ca·

149 3590 254 3656 nebit:
273 3590 420 3675 sequitur
436 3608 476 3653 ex
491 3589 562 3670 ipso
575 3590 681 3652 citate
700 3584 875 3651 decretalis
892 3589 1006 3663 textu,
1026 3583 1087 3650 ubi
1100 3583 1244 3653 'habetne

149 3714 211 3773 cisi
226 3712 376 3790 projesta
393 3713 423 3767 et
437 3709 603 3768 necessario
620 3723 710 3766 occsa
725 3708 864 3766 venisset.

161 3864 179 3874 ,⁷
195 3829 321 3905 anrto,
338 3823 422 3888 anin
434 3819 591 3905 predicto
604 3838 690 3898 casu,
710 3838 776 3884 non
790 3825 918 3884 tantum
935 3814 1057 3894 clerici,
1073 3814 1134 3882 sed
1149 3821 1182 3881 et
1192 3808 1247 3877 laici

150 3943 184 4005 in
198 3941 301 4006 causis
315 3938 538 4024 spiritualibus
551 3938 585 4001 in
604 3936 694 4001 curia
714 3936 858 4000 Romanu
875 3932 1042 3998 conveniri
1060 3929 1203 4015 possint?
1215 3956 1248 3975 -

155 4081 171 4118 o
184 4055 376 4140 Respondes
392 4077 399 4120 :
415 4061 550 4138 possunt
563 4054 597 4117 in
612 4053 661 4116 his
675 4071 767 4135 eque
787 4070 829 4142 ἃς
843 4049 962 4128 clerici,
985 4052 1013 4113 si
1030 4047 1155 4114 ibidem
1172 4059 1248 4127 repe·

155 4175 319 4251 «riantur,
337 4190 399 4238 nec
414 4188 542 4236 causam
559 4168 694 4234 domum
708 4165 885 4233 revocandi
897 4164 1081 4230 babeant...
1101 4165 1189 4231 ilatio
1199 4164 1244 4232 eti·

155 4309 171 4348 c
185 4290 260 4373 quia
275 4289 425 4354 Summus
440 4286 591 4353 Pontifex
604 4287 638 4350 in
654 4284 757 4349 causis
773 4281 995 4366 spiritualibus
1010 4298 1102 4366 eque
1116 4281 1207 4345 laicos
1218 4289 1255 4336 εῦ-

153 4388 580 4479 ,aeereeclssnionerteos
592 4402 700 4471 cenet:
716 4400 896 4483 crgo-seut
909 4399 943 4462 in
958 4398 1062 4472 cause
1076 4396 1252 4463 cesorum
