2714 4980
464 356 467 363 .
543 311 623 367 esus
644 313 804 361 securene.
1169 297 1234 363 tit

108 441 319 519 preceperat
333 436 434 503 certis
445 435 640 521 quibusdam
658 437 785 511 ¹clericis
801 439 964 521 exemptis
977 443 1016 503 ut
1038 438 1238 521 processioni

108 550 352 627 intervenirent
369 571 378 616 :
395 569 461 617 non
475 539 673 636 paruerunt}
690 560 726 619 et
740 572 825 623 uuus
839 572 880 619 cx
896 553 944 618 eis
955 552 1085 621 missam
1101 572 1167 619 non
1178 553 1238 619 ob-

108 667 276 740 stantibus
302 667 448 739 censuris
477 667 669 734 celebrarit.
696 669 735 741 In.
763 666 901 749 dubium
930 688 995 733 non
1021 668 1237 737 revocabatur

108 782 280 849 dictorum
297 783 492 849 clericorum
503 784 681 867 exempti03
698 782 788 859 unde
798 784 923 866 pariter
934 791 1063 851 certum
1074 783 1238 855 eradebat

108 917 177 963 non
188 899 335 982 potuisse
349 917 405 964 ecs
419 917 480 982 per
492 917 646 964 censuras
657 900 728 983 cogi
742 899 784 964 ab
802 898 1063 983 drobiepiscopo,
1081 899 1143 964 nisi
1157 917 1237 983 qua-

107 1020 210 1089 tenus
221 1012 316 1089 Sedis
335 1014 527 1097 Apostolicae
552 1013 713 1098 delegato.
730 1013 795 1085 Sed
810 1033 955 1080 censurae
970 1015 1043 1089 latae
1068 1014 1202 1081 fuerant
1218 1034 1237 1079 a

113 1131 248 1197 vicario
265 1130 411 1214 generali
426 1130 549 1214 absque
560 1129 694 1214 speciali
709 1131 932 1211 commissione
942 1130 1005 1207 sibi
1016 1130 1059 1197 ab
1078 1130 1236 1213 Episcopo

107 1247 211 1314 facta.
227 1247 310 1319 Hinc
328 1246 465 1321 dubium
474 1267 515 1314 cc
530 1266 661 1311 caesare
674 1250 756 1326 tctoe,
781 1250 896 1328 fuerint
916 1254 1085 1326 attentato,
1106 1265 1158 1327 sec
1177 1265 1235 1329 pc

106 1371 172 1437 tius
186 1367 424 1443 aestumator,
446 1369 493 1429 ite
513 1370 548 1426 act
561 1370 657 1428 rector
668 1366 834 1445 predictus
848 1367 1009 1443 incurrerit
1022 1364 1235 1444 trrapctcrttc

109 1489 174 1545 tem
188 1483 225 1545 ob
245 1483 473 1549 octctrcttoccm
493 1483 527 1542 ia
539 1482 686 1542 cmci-
705 1507 717 1532 ιι
736 1478 842 1561 Super
855 1477 918 1543 hoc
938 1476 1049 1555 dubio,
1072 1477 1118 1541 ait
1131 1476 1234 1543 Sacrae

109 1626 125 1653 ι
143 1593 413 1679 Congregationis
426 1594 633 1672 secretarius,
657 1593 746 1659 nullo
760 1592 824 1659 fuit
841 1599 937 1677 capta
952 1591 1107 1675 resolutio
1122 1610 1184 1665 nec
1201 1593 1236 1675 in

111 1742 126 1768 a
145 1712 255 1797 prima
268 1711 373 1776 necin
388 1709 532 1779 secunda
552 1709 829 1792 congregatione3
845 1727 887 1776 ex
903 1727 968 1792 quo
984 1706 1139 1774 videlicet
1158 1728 1235 1781 cene

109 1858 123 1885 «ι
138 1845 227 1895 surae
241 1826 316 1899 latae
330 1825 628 1901 fueruntaVicario
639 1823 795 1906 generali,
804 1832 910 1905 etnon
920 1823 963 1907 pb
975 1823 1235 1903 Eminentissimo

108 1974 123 1999 a
142 1942 409 2025 brobicpiscopo.
440 1943 521 2007 Cum
553 1941 675 2008 etenim
697 1940 787 2015 nulla
810 1941 852 2006 sit
874 1941 1097 2019 controversia
1126 1941 1235 2026 quoad

108 2059 390 2142 «exemptionem
412 2064 661 2131 censuratorum
688 2056 763 2142 (qua
784 2062 1003 2121 concurrente
1019 2075 1086 2135 non
1103 2062 1234 2140 poterat

107 2206 123 2233 α
140 2175 305 2243 adversus
330 2170 463 2239 eosdem
484 2171 527 2238 ad
555 2190 710 2239 censuras
727 2169 872 2254 procedi,
903 2171 964 2237 nisi
983 2169 1059 2255 jure
1081 2169 1234 2254 delegato

104 2321 121 2348 a
138 2292 269 2363 sanctae
284 2286 400 2373 Sedis),
412 2286 594 2372 ponderata
605 2287 669 2351 fuit
679 2285 854 2364 distinctio,
872 2304 944 2371 quae
954 2285 993 2352 fit
1007 2307 1026 2351 a
1042 2285 1233 2366 doctoribus

106 2437 121 2479 r
139 2425 245 2490 super
256 2411 397 2489 puncto;
414 2424 457 2477 an
472 2403 621 2479 vicarius
632 2402 910 2486 generalisuaieat
926 2404 995 2468 sine
1009 2403 1143 2487 speciali
1150 2422 1234 2471 cnm·

105 2556 121 2582 ι
139 2523 297 2591 missione
312 2521 507 2606 procedere,
523 2522 557 2585 in
579 2521 629 2593 bis
643 2538 715 2605 qua
738 2539 756 2587 a
774 2538 866 2586 sacro
884 2520 1021 2595 concilio
1044 2518 1233 2597 itidentino

109 2669 125 2698 a
142 2637 400 2705 committuntur
412 2636 580 2719 Episcopis
589 2641 743 2718 tanquam
751 2632 1040 2718 Sediedpostolice
1053 2632 1231 2719 delegatis3

108 2785 124 2827 ᾳ
142 2773 225 2830 cum
237 2750 359 2830 dicant,
374 2749 463 2836 quod
481 2749 628 2815 Vicarius
644 2753 754 2833 potest
768 2750 836 2815 sine
853 2749 985 2833 speciali
1010 2750 1233 2829 commissione

105 2897 125 2929 a
143 2868 527 2945 dictosactusexercere,
540 2865 566 2930 si
577 2863 1062 2931 anteconcilianridentinum
1072 2863 1233 2948 Episcopo

108 3016 124 3043 a
139 2983 357 3067 competebat
384 2983 524 3049 facultas
546 3001 602 3048 eos
625 2979 768 3047 faciendi
788 2979 862 3065 jure
881 2979 1064 3064 ordinari03
1089 2981 1168 3047 licet
1190 2978 1234 3047 ad

109 3132 124 3175 ᾳ
138 3098 350 3180 excitandam
359 3097 618 3183 jurisdictionem
630 3095 842 3177 ordinariam,
860 3102 894 3161 et
907 3095 1124 3180 amputandas
1139 3114 1230 3180 quase

110 3247 125 3272 κ
144 3233 289 3300 cumque
316 3214 563 3293 controversias,
596 3211 738 3279 fuerita
765 3229 855 3279 sacro
879 3211 1017 3289 concilio
1044 3210 1234 3295 Tridentino

110 3363 125 3411 ᾳ
143 3331 343 3399 constitutus
353 3329 531 3412 Episcopus
547 3326 640 3393 Sedis
653 3327 845 3410 apostoticae
861 3326 1031 3411 delegatus
1050 3346 1167 3395 :secus
1180 3348 1235 3393 au-

109 3478 126 3507 a
142 3455 226 3527 tem,
247 3445 379 3531 quando
404 3444 541 3523 facultas
556 3452 670 3520 potum
684 3444 824 3528 gerendi
842 3465 909 3528 pon
927 3445 1139 3531 competebat
1158 3453 1234 3511 ante

106 3592 127 3631 c
144 3563 322 3643 concilium
336 3560 562 3629 Tridentinum
576 3561 736 3644 Episcopo
758 3560 833 3647 jure
850 3560 1033 3647 ordinario;
1059 3562 1093 3627 in
1113 3561 1175 3631 hac
1192 3561 1235 3648 siff

109 3713 127 3743 a
143 3679 283 3767 quidem
297 3679 376 3755 facti
387 3679 508 3763 specie,
526 3680 554 3744 si
565 3685 658 3745 actus
669 3679 882 3761 explicatura
896 3679 1024 3757 vicario
1035 3679 1239 3762 generabat

112 3831 128 3858 r
146 3819 216 3874 non
227 3798 269 3873 ab
284 3798 453 3881 Episcopo,
471 3814 603 3873 necesse
621 3803 671 3861 est
686 3794 855 3862 docerede
862 3797 998 3878 speciali
1009 3778 1242 3867 commissione

111 3946 127 3973 a
146 3916 190 3983 ab
215 3914 374 3999 Episcopo
401 3914 488 3979 facta
514 3911 623 3979 eidem
641 3913 769 3991 Vitaric
789 3913 943 3996 generali,
969 3912 1019 3977 uti
1046 3909 1163 3977 ridere
1184 3918 1236 3997 est

109 4060 126 4091 a
146 4030 239 4117 apud
263 4033 461 4115 Fagnanum,
482 4031 516 4095 in
538 4038 637 4115 caput
660 4036 822 4112 Quondam
847 4030 918 4096 n.4
942 4037 978 4109 et
999 4048 1084 4115 seq„
1104 4031 1142 4095 de
1160 4028 1237 4109 offi-

113 4186 127 4213 s
145 4163 193 4225 cio
208 4157 382 4236 debeatis»
406 4150 456 4237 (tn
471 4153 621 4216 Tiresccro
633 4151 738 4227 reret,
758 4154 837 4213 tom.
858 4150 890 4226 3,
908 4165 982 4230 pag.
1004 4143 1094 4229 138.)

154 4269 353 4356 Respondes
367 4267 412 4341 ed
425 4267 480 4339 11:
516 4295 530 4327 r
549 4265 630 4332 Cum
651 4264 814 4348 delegatio
835 4270 885 4329 est
903 4262 989 4341 facta
1012 4258 1151 4343 vicario,
1169 4279 1235 4341 non

113 4393 262 4476 «potest
279 4386 458 4473 Episcopus
482 4383 609 4457 litteras
626 4379 756 4468 exequi,
785 4379 845 4456 uisi
859 4397 920 4466 per
942 4378 1026 4453 uam
1041 4375 1235 4463 subtelam,-
