<?xml version="1.0" encoding="UTF-8"?>
<!DOCTYPE html PUBLIC "-//W3C//DTD XHTML 1.0 Transitional//EN"
    "http://www.w3.org/TR/xhtml1/DTD/xhtml1-transitional.dtd">
<html xmlns="http://www.w3.org/1999/xhtml" xml:lang="en" lang="en">
 <head>
  <title>
</title>
<meta http-equiv="Content-Type" content="text/html;charset=utf-8" />
  <meta name='ocr-system' content='tesseract 3.04.00' />
  <meta name='ocr-capabilities' content='ocr_page ocr_carea ocr_par ocr_line ocrx_word'/>
</head>
<body>
  <div class='ocr_page' id='page_1' title='image "./tractatusdejudi00bouigoog_0289.png"; bbox 0 0 2714 4980; ppageno 0'>
   <div class='ocr_carea' id='block_1_1' title="bbox 143 319 916 389">
    <p class='ocr_par' dir='ltr' id='par_1_1' title="bbox 143 319 916 389">
     <span class='ocr_line' id='line_1_1' title="bbox 143 319 916 389; baseline 0.004 -6"><span class='ocrx_word' id='word_1_1' title='bbox 143 319 207 384; x_wconf 77' lang='lat'><strong>276</strong></span> <span class='ocrx_word' id='word_1_2' title='bbox 492 337 679 385; x_wconf 75' lang='lat' dir='ltr'><strong>moranus</strong></span> <span class='ocrx_word' id='word_1_3' title='bbox 702 339 746 385; x_wconf 83' lang='lat' dir='ltr'><strong>nn</strong></span> <span class='ocrx_word' id='word_1_4' title='bbox 767 338 916 389; x_wconf 77' lang='lat' dir='ltr'><strong>surmus.</strong></span> 
     </span>
    </p>
   </div>
   <div class='ocr_carea' id='block_1_2' title="bbox 113 459 1268 4512">
    <p class='ocr_par' dir='ltr' id='par_1_2' title="bbox 141 459 1238 661">
     <span class='ocr_line' id='line_1_2' title="bbox 142 459 1238 554; baseline 0.011 -29"><span class='ocrx_word' id='word_1_5' title='bbox 142 483 160 525; x_wconf 77' lang='lat' dir='ltr'><strong>c</strong></span> <span class='ocrx_word' id='word_1_6' title='bbox 174 468 290 548; x_wconf 88' lang='lat' dir='ltr'><strong>estque</strong></span> <span class='ocrx_word' id='word_1_7' title='bbox 299 459 361 527; x_wconf 87' lang='lat' dir='ltr'><strong>hoc</strong></span> <span class='ocrx_word' id='word_1_8' title='bbox 375 459 503 541; x_wconf 84' lang='lat' dir='ltr'><strong>verum,</strong></span> <span class='ocrx_word' id='word_1_9' title='bbox 520 459 806 546; x_wconf 85' lang='lat' dir='ltr'><strong>etiamsiparochia</strong></span> <span class='ocrx_word' id='word_1_10' title='bbox 816 461 969 531; x_wconf 84' lang='lat' dir='ltr'><strong>domicilii</strong></span> <span class='ocrx_word' id='word_1_11' title='bbox 983 461 1078 535; x_wconf 75' lang='lat' dir='ltr'><strong>facile</strong></span> <span class='ocrx_word' id='word_1_12' title='bbox 1091 463 1174 535; x_wconf 83' lang='lat' dir='ltr'><strong>adiri</strong></span> <span class='ocrx_word' id='word_1_13' title='bbox 1184 481 1238 554; x_wconf 71' lang='lat' dir='ltr'><strong>poa</strong></span> 
     </span>
     <span class='ocr_line' id='line_1_3' title="bbox 141 577 784 661; baseline 0.011 -26"><span class='ocrx_word' id='word_1_14' title='bbox 141 599 159 640; x_wconf 88' lang='lat'>«</span> <span class='ocrx_word' id='word_1_15' title='bbox 173 580 225 657; x_wconf 88' lang='lat' dir='ltr'><strong>sit,</strong></span> <span class='ocrx_word' id='word_1_16' title='bbox 243 586 281 643; x_wconf 90' lang='lat' dir='ltr'><strong>nt</strong></span> <span class='ocrx_word' id='word_1_17' title='bbox 294 580 403 661; x_wconf 82' lang='lat' dir='ltr'><strong>praxis</strong></span> <span class='ocrx_word' id='word_1_18' title='bbox 416 578 607 642; x_wconf 89' lang='lat' dir='ltr'><strong>universalis</strong></span> <span class='ocrx_word' id='word_1_19' title='bbox 621 577 784 644; x_wconf 90' lang='lat' dir='ltr'><strong>observat.</strong></span> 
     </span>
    </p>

    <p class='ocr_par' dir='ltr' id='par_1_3' title="bbox 134 692 1240 1366">
     <span class='ocr_line' id='line_1_4' title="bbox 184 692 1240 785; baseline 0.009 -28"><span class='ocrx_word' id='word_1_20' title='bbox 184 699 296 776; x_wconf 78' lang='lat' dir='ltr'><strong>Tertio,</strong></span> <span class='ocrx_word' id='word_1_21' title='bbox 326 717 344 757; x_wconf 79' lang='lat' dir='ltr'><strong>u</strong></span> <span class='ocrx_word' id='word_1_22' title='bbox 369 692 468 760; x_wconf 91' lang='lat' dir='ltr'><strong>iidem</strong></span> <span class='ocrx_word' id='word_1_23' title='bbox 482 695 602 760; x_wconf 90' lang='lat' dir='ltr'><strong>inloco</strong></span> <span class='ocrx_word' id='word_1_24' title='bbox 615 695 873 780; x_wconf 88' lang='lat' dir='ltr'><strong>qnasi-domicilii</strong></span> <span class='ocrx_word' id='word_1_25' title='bbox 897 697 1101 780; x_wconf 79' lang='lat' dir='ltr'><strong>probabilius</strong></span> <span class='ocrx_word' id='word_1_26' title='bbox 1122 709 1240 785; x_wconf 81' lang='lat' dir='ltr'><strong>possunt</strong></span> 
     </span>
     <span class='ocr_line' id='line_1_5' title="bbox 137 809 1238 897; baseline 0.007 -22"><span class='ocrx_word' id='word_1_27' title='bbox 137 809 351 894; x_wconf 77' lang='lat' dir='ltr'><strong>«dispensari</strong></span> <span class='ocrx_word' id='word_1_28' title='bbox 364 812 398 877; x_wconf 91' lang='lat' dir='ltr'><strong>in</strong></span> <span class='ocrx_word' id='word_1_29' title='bbox 413 812 498 876; x_wconf 85' lang='lat' dir='ltr'><strong>votis</strong></span> <span class='ocrx_word' id='word_1_30' title='bbox 515 819 549 876; x_wconf 91' lang='lat' dir='ltr'><strong>et</strong></span> <span class='ocrx_word' id='word_1_31' title='bbox 565 810 768 895; x_wconf 67' lang='lat' dir='ltr'><strong>juramentis</strong></span> <span class='ocrx_word' id='word_1_32' title='bbox 789 812 882 897; x_wconf 84' lang='lat' dir='ltr'><strong>jungi</strong></span> <span class='ocrx_word' id='word_1_33' title='bbox 896 815 1116 895; x_wconf 86' lang='lat' dir='ltr'><strong>matrimonio,</strong></span> <span class='ocrx_word' id='word_1_34' title='bbox 1135 815 1238 882; x_wconf 88' lang='lat' dir='ltr'><strong>babere</strong></span> 
     </span>
     <span class='ocr_line' id='line_1_6' title="bbox 136 927 1240 1012; baseline 0.008 -22"><span class='ocrx_word' id='word_1_35' title='bbox 136 949 156 990; x_wconf 74' lang='lat' dir='ltr'><strong>a</strong></span> <span class='ocrx_word' id='word_1_36' title='bbox 169 927 414 1011; x_wconf 71' lang='lat' dir='ltr'><strong>sepulturam.&#39;..</strong></span> <span class='ocrx_word' id='word_1_37' title='bbox 427 927 469 992; x_wconf 87' lang='lat' dir='ltr'><strong>Et</strong></span> <span class='ocrx_word' id='word_1_38' title='bbox 489 927 572 992; x_wconf 89' lang='lat' dir='ltr'><strong>ratio</strong></span> <span class='ocrx_word' id='word_1_39' title='bbox 586 935 646 1005; x_wconf 86' lang='lat' dir='ltr'><strong>est,</strong></span> <span class='ocrx_word' id='word_1_40' title='bbox 664 928 738 1012; x_wconf 88' lang='lat' dir='ltr'><strong>quia</strong></span> <span class='ocrx_word' id='word_1_41' title='bbox 752 927 908 1012; x_wconf 91' lang='lat' dir='ltr'><strong>quamdiu</strong></span> <span class='ocrx_word' id='word_1_42' title='bbox 922 931 955 994; x_wconf 94' lang='lat' dir='ltr'><strong>in</strong></span> <span class='ocrx_word' id='word_1_43' title='bbox 970 930 1026 996; x_wconf 89' lang='lat' dir='ltr'><strong>tali</strong></span> <span class='ocrx_word' id='word_1_44' title='bbox 1039 930 1116 997; x_wconf 89' lang='lat' dir='ltr'><strong>loco</strong></span> <span class='ocrx_word' id='word_1_45' title='bbox 1129 952 1240 998; x_wconf 83' lang='lat' dir='ltr'><strong>moran·</strong></span> 
     </span>
     <span class='ocr_line' id='line_1_7' title="bbox 136 1045 1240 1134; baseline 0.005 -25"><span class='ocrx_word' id='word_1_46' title='bbox 136 1062 154 1109; x_wconf 80' lang='lat' dir='ltr'><strong>u</strong></span> <span class='ocrx_word' id='word_1_47' title='bbox 168 1053 234 1125; x_wconf 83' lang='lat' dir='ltr'><strong>tur,</strong></span> <span class='ocrx_word' id='word_1_48' title='bbox 253 1064 332 1111; x_wconf 84' lang='lat' dir='ltr'><strong>vere</strong></span> <span class='ocrx_word' id='word_1_49' title='bbox 348 1053 425 1110; x_wconf 91' lang='lat' dir='ltr'><strong>sunt</strong></span> <span class='ocrx_word' id='word_1_50' title='bbox 440 1045 626 1128; x_wconf 90' lang='lat' dir='ltr'><strong>parochiani</strong></span> <span class='ocrx_word' id='word_1_51' title='bbox 636 1045 722 1109; x_wconf 91' lang='lat' dir='ltr'><strong>illius</strong></span> <span class='ocrx_word' id='word_1_52' title='bbox 734 1045 809 1124; x_wconf 87' lang='lat' dir='ltr'><strong>loci,</strong></span> <span class='ocrx_word' id='word_1_53' title='bbox 828 1051 1118 1134; x_wconf 76' lang='lat' dir='ltr'><strong>et&#39;consequenter</strong></span> <span class='ocrx_word' id='word_1_54' title='bbox 1134 1050 1240 1116; x_wconf 80' lang='lat' dir='ltr'><strong>favori·</strong></span> 
     </span>
     <span class='ocr_line' id='line_1_8' title="bbox 134 1156 1236 1250; baseline 0 -24"><span class='ocrx_word' id='word_1_55' title='bbox 134 1161 228 1228; x_wconf 81' lang='lat' dir='ltr'><strong>abus</strong></span> <span class='ocrx_word' id='word_1_56' title='bbox 249 1171 283 1228; x_wconf 89' lang='lat' dir='ltr'><strong>et</strong></span> <span class='ocrx_word' id='word_1_57' title='bbox 307 1161 434 1247; x_wconf 87' lang='lat' dir='ltr'><strong>juribus</strong></span> <span class='ocrx_word' id='word_1_58' title='bbox 465 1162 737 1246; x_wconf 89' lang='lat' dir='ltr'><strong>parochianorum</strong></span> <span class='ocrx_word' id='word_1_59' title='bbox 763 1162 834 1226; x_wconf 88' lang='lat' dir='ltr'><strong>loci·</strong></span> <span class='ocrx_word' id='word_1_60' title='bbox 855 1156 1003 1249; x_wconf 91' lang='lat' dir='ltr'><strong>ejusdem</strong></span> <span class='ocrx_word' id='word_1_61' title='bbox 1040 1165 1193 1250; x_wconf 79' lang='lat' dir='ltr'><strong>gaudent.</strong></span> <span class='ocrx_word' id='word_1_62' title='bbox 1223 1190 1236 1226; x_wconf 72' lang='grc' dir='ltr'><strong>ι»</strong></span> 
     </span>
     <span class='ocr_line' id='line_1_9' title="bbox 136 1276 629 1366; baseline -0.002 -23"><span class='ocrx_word' id='word_1_63' title='bbox 136 1277 447 1366; x_wconf 79' lang='lat' dir='ltr'><strong>(Schmalzgrueber,</strong></span> <span class='ocrx_word' id='word_1_64' title='bbox 467 1278 538 1344; x_wconf 92' lang='lat' dir='ltr'><strong>loco</strong></span> <span class='ocrx_word' id='word_1_65' title='bbox 559 1276 629 1363; x_wconf 87' lang='lat' dir='ltr'><strong>cit.)</strong></span> 
     </span>
    </p>

    <p class='ocr_par' dir='ltr' id='par_1_4' title="bbox 126 1376 1235 2182">
     <span class='ocr_line' id='line_1_10' title="bbox 175 1376 1234 1481; baseline 0.006 -23"><span class='ocrx_word' id='word_1_66' title='bbox 175 1400 302 1476; x_wconf 81' lang='lat' dir='ltr'><strong>Quarto,</strong></span> <span class='ocrx_word' id='word_1_67' title='bbox 326 1403 452 1460; x_wconf 88' lang='lat' dir='ltr'><strong>certum</strong></span> <span class='ocrx_word' id='word_1_68' title='bbox 465 1402 515 1459; x_wconf 89' lang='lat' dir='ltr'><strong>est</strong></span> <span class='ocrx_word' id='word_1_69' title='bbox 529 1413 604 1459; x_wconf 92' lang='lat' dir='ltr'><strong>eum</strong></span> <span class='ocrx_word' id='word_1_70' title='bbox 619 1394 675 1478; x_wconf 87' lang='lat' dir='ltr'><strong>qui</strong></span> <span class='ocrx_word' id='word_1_71' title='bbox 687 1393 786 1460; x_wconf 91' lang='lat' dir='ltr'><strong>habet</strong></span> <span class='ocrx_word' id='word_1_72' title='bbox 799 1396 919 1461; x_wconf 90' lang='lat' dir='ltr'><strong>alicubi</strong></span> <span class='ocrx_word' id='word_1_73' title='bbox 930 1376 1234 1481; x_wconf 80' lang='lat' dir='ltr'><strong>qnasi-domicilium,</strong></span> 
     </span>
     <span class='ocr_line' id='line_1_11' title="bbox 129 1509 1234 1594; baseline 0.002 -18"><span class='ocrx_word' id='word_1_74' title='bbox 129 1529 224 1594; x_wconf 88' lang='lat' dir='ltr'><strong>posse</strong></span> <span class='ocrx_word' id='word_1_75' title='bbox 243 1509 365 1577; x_wconf 90' lang='lat' dir='ltr'><strong>ibidem</strong></span> <span class='ocrx_word' id='word_1_76' title='bbox 392 1511 560 1575; x_wconf 84' lang='lat' dir='ltr'><strong>conveniri</strong></span> <span class='ocrx_word' id='word_1_77' title='bbox 586 1511 710 1575; x_wconf 89' lang='lat' dir='ltr'><strong>ratione</strong></span> <span class='ocrx_word' id='word_1_78' title='bbox 734 1517 963 1577; x_wconf 81' lang='lat' dir='ltr'><strong>contractuum</strong></span> <span class='ocrx_word' id='word_1_79' title='bbox 996 1513 1234 1593; x_wconf 81' lang='lat' dir='ltr'><strong>celebratorum,</strong></span> 
     </span>
     <span class='ocr_line' id='line_1_12' title="bbox 129 1625 1235 1710; baseline -0.001 -17"><span class='ocrx_word' id='word_1_80' title='bbox 129 1627 185 1693; x_wconf 83' lang='lat' dir='ltr'><strong>rel</strong></span> <span class='ocrx_word' id='word_1_81' title='bbox 198 1625 392 1692; x_wconf 88' lang='lat' dir='ltr'><strong>delictorum</strong></span> <span class='ocrx_word' id='word_1_82' title='bbox 416 1626 671 1702; x_wconf 87' lang='lat' dir='ltr'><strong>commissorum,</strong></span> <span class='ocrx_word' id='word_1_83' title='bbox 686 1626 719 1689; x_wconf 92' lang='lat' dir='ltr'><strong>in</strong></span> <span class='ocrx_word' id='word_1_84' title='bbox 735 1625 995 1710; x_wconf 87' lang='lat' dir='ltr'><strong>quasi-domicilii</strong></span> <span class='ocrx_word' id='word_1_85' title='bbox 1007 1628 1094 1694; x_wconf 76' lang='lat' dir='ltr'><strong>loco.</strong></span> <span class='ocrx_word' id='word_1_86' title='bbox 1118 1651 1136 1692; x_wconf 72' lang='grc' dir='ltr'><em>α</em></span> <span class='ocrx_word' id='word_1_87' title='bbox 1159 1630 1235 1696; x_wconf 82' lang='lat' dir='ltr'><strong>Ratio</strong></span> 
     </span>
     <span class='ocr_line' id='line_1_13' title="bbox 130 1740 1232 1828; baseline 0.003 -22"><span class='ocrx_word' id='word_1_88' title='bbox 130 1748 351 1828; x_wconf 79' lang='lat' dir='ltr'><strong>«potensest,</strong></span> <span class='ocrx_word' id='word_1_89' title='bbox 368 1742 445 1827; x_wconf 89' lang='lat' dir='ltr'><strong>quia</strong></span> <span class='ocrx_word' id='word_1_90' title='bbox 457 1748 548 1807; x_wconf 87' lang='lat' dir='ltr'><strong>actus</strong></span> <span class='ocrx_word' id='word_1_91' title='bbox 558 1742 591 1806; x_wconf 93' lang='lat' dir='ltr'><strong>in</strong></span> <span class='ocrx_word' id='word_1_92' title='bbox 604 1740 868 1826; x_wconf 86' lang='lat' dir='ltr'><strong>quasi-domicilio</strong></span> <span class='ocrx_word' id='word_1_93' title='bbox 887 1745 980 1828; x_wconf 81' lang='lat' dir='ltr'><strong>gesti,</strong></span> <span class='ocrx_word' id='word_1_94' title='bbox 999 1746 1055 1811; x_wconf 83' lang='lat' dir='ltr'><strong>vel</strong></span> <span class='ocrx_word' id='word_1_95' title='bbox 1069 1754 1146 1811; x_wconf 91' lang='lat' dir='ltr'><strong>sunt</strong></span> <span class='ocrx_word' id='word_1_96' title='bbox 1157 1745 1232 1824; x_wconf 90' lang='lat' dir='ltr'><strong>liciti,</strong></span> 
     </span>
     <span class='ocr_line' id='line_1_14' title="bbox 130 1856 1234 1942; baseline 0.001 -19"><span class='ocrx_word' id='word_1_97' title='bbox 130 1859 214 1925; x_wconf 76' lang='lat' dir='ltr'><strong>«vel</strong></span> <span class='ocrx_word' id='word_1_98' title='bbox 230 1860 334 1924; x_wconf 88' lang='lat' dir='ltr'><strong>illiciti</strong></span> <span class='ocrx_word' id='word_1_99' title='bbox 353 1881 360 1925; x_wconf 92' lang='lat'>:</span> <span class='ocrx_word' id='word_1_100' title='bbox 378 1859 405 1923; x_wconf 90' lang='lat' dir='ltr'><strong>si</strong></span> <span class='ocrx_word' id='word_1_101' title='bbox 421 1859 529 1942; x_wconf 88' lang='lat' dir='ltr'><strong>prius,</strong></span> <span class='ocrx_word' id='word_1_102' title='bbox 555 1856 705 1923; x_wconf 87' lang='lat' dir='ltr'><strong>tribuunt</strong></span> <span class='ocrx_word' id='word_1_103' title='bbox 722 1857 831 1924; x_wconf 84' lang='lat' dir='ltr'><strong>forum</strong></span> <span class='ocrx_word' id='word_1_104' title='bbox 845 1862 972 1926; x_wconf 91' lang='lat' dir='ltr'><strong>ratione</strong></span> <span class='ocrx_word' id='word_1_105' title='bbox 990 1868 1179 1927; x_wconf 88' lang='lat' dir='ltr'><strong>contractus</strong></span> <span class='ocrx_word' id='word_1_106' title='bbox 1190 1859 1234 1927; x_wconf 83' lang='lat' dir='ltr'><strong>rel</strong></span> 
     </span>
     <span class='ocr_line' id='line_1_15' title="bbox 129 1975 1231 2062; baseline 0.005 -23"><span class='ocrx_word' id='word_1_107' title='bbox 129 1977 449 2062; x_wconf 77' lang='lat' dir='ltr'><strong>«quasi-contractus</strong></span> <span class='ocrx_word' id='word_1_108' title='bbox 473 1996 480 2040; x_wconf 91' lang='lat'>:</span> <span class='ocrx_word' id='word_1_109' title='bbox 506 1975 533 2038; x_wconf 91' lang='lat' dir='ltr'><strong>si</strong></span> <span class='ocrx_word' id='word_1_110' title='bbox 553 1975 727 2056; x_wconf 88' lang='lat' dir='ltr'><strong>posterius,</strong></span> <span class='ocrx_word' id='word_1_111' title='bbox 747 1975 854 2040; x_wconf 81' lang='lat' dir='ltr'><strong>forum</strong></span> <span class='ocrx_word' id='word_1_112' title='bbox 871 1975 985 2041; x_wconf 88' lang='lat' dir='ltr'><strong>delicti</strong></span> <span class='ocrx_word' id='word_1_113' title='bbox 1009 1987 1196 2060; x_wconf 86' lang='lat' dir='ltr'><strong>operantur.</strong></span> <span class='ocrx_word' id='word_1_114' title='bbox 1219 1999 1231 2035; x_wconf 73' lang='lat' dir='ltr'><strong>a</strong></span> 
     </span>
     <span class='ocr_line' id='line_1_16' title="bbox 126 2089 1034 2182; baseline -0.002 -23"><span class='ocrx_word' id='word_1_115' title='bbox 126 2090 438 2182; x_wconf 84' lang='lat' dir='ltr'><strong>(Schmalzgrneber‚</strong></span> <span class='ocrx_word' id='word_1_116' title='bbox 453 2091 486 2154; x_wconf 91' lang='lat' dir='ltr'><strong>in</strong></span> <span class='ocrx_word' id='word_1_117' title='bbox 502 2091 555 2155; x_wconf 89' lang='lat' dir='ltr'><strong>tit.</strong></span> <span class='ocrx_word' id='word_1_118' title='bbox 573 2092 605 2168; x_wconf 78' lang='lat'><strong>2,</strong></span> <span class='ocrx_word' id='word_1_119' title='bbox 622 2090 698 2154; x_wconf 88' lang='lat' dir='ltr'><strong>libri</strong></span> <span class='ocrx_word' id='word_1_120' title='bbox 712 2093 731 2154; x_wconf 83' lang='lat'><strong>2</strong></span> <span class='ocrx_word' id='word_1_121' title='bbox 748 2089 890 2171; x_wconf 84' lang='lat' dir='ltr'><strong>decret,</strong></span> <span class='ocrx_word' id='word_1_122' title='bbox 909 2110 941 2156; x_wconf 93' lang='lat' dir='ltr'><strong>n.</strong></span> <span class='ocrx_word' id='word_1_123' title='bbox 966 2091 1034 2176; x_wconf 81' lang='lat'>17.)</span> 
     </span>
    </p>

    <p class='ocr_par' dir='ltr' id='par_1_5' title="bbox 113 2205 1268 4512">
     <span class='ocr_line' id='line_1_17' title="bbox 172 2205 1232 2293; baseline 0.002 -21"><span class='ocrx_word' id='word_1_124' title='bbox 172 2214 296 2291; x_wconf 79' lang='lat' dir='ltr'><strong>Quinto,</strong></span> <span class='ocrx_word' id='word_1_125' title='bbox 314 2205 422 2293; x_wconf 89' lang='lat' dir='ltr'><strong>quoad</strong></span> <span class='ocrx_word' id='word_1_126' title='bbox 433 2214 526 2271; x_wconf 88' lang='lat' dir='ltr'><strong>actus</strong></span> <span class='ocrx_word' id='word_1_127' title='bbox 541 2211 648 2290; x_wconf 81' lang='lat' dir='ltr'><strong>gestos</strong></span> <span class='ocrx_word' id='word_1_128' title='bbox 663 2206 750 2285; x_wconf 91' lang='lat' dir='ltr'><strong>alibi,</strong></span> <span class='ocrx_word' id='word_1_129' title='bbox 768 2226 809 2272; x_wconf 89' lang='lat' dir='ltr'><strong>an</strong></span> <span class='ocrx_word' id='word_1_130' title='bbox 824 2207 927 2291; x_wconf 88' lang='lat' dir='ltr'><strong>possit</strong></span> <span class='ocrx_word' id='word_1_131' title='bbox 945 2209 1017 2290; x_wconf 90' lang='lat' dir='ltr'><strong>quis</strong></span> <span class='ocrx_word' id='word_1_132' title='bbox 1033 2210 1232 2274; x_wconf 85' lang='lat' dir='ltr'><strong>convenin’in</strong></span> 
     </span>
     <span class='ocr_line' id='line_1_18' title="bbox 125 2323 1232 2411; baseline -0.001 -21"><span class='ocrx_word' id='word_1_133' title='bbox 125 2324 389 2411; x_wconf 85' lang='lat' dir='ltr'><strong>quasi-domicilii</strong></span> <span class='ocrx_word' id='word_1_134' title='bbox 411 2324 497 2401; x_wconf 87' lang='lat' dir='ltr'><strong>loco,</strong></span> <span class='ocrx_word' id='word_1_135' title='bbox 523 2324 792 2389; x_wconf 87' lang='lat' dir='ltr'><strong>controvertitur.</strong></span> <span class='ocrx_word' id='word_1_136' title='bbox 809 2323 869 2389; x_wconf 76' lang='lat' dir='ltr'><strong>Alii</strong></span> <span class='ocrx_word' id='word_1_137' title='bbox 887 2332 1024 2408; x_wconf 82' lang='lat' dir='ltr'><strong>negant;</strong></span> <span class='ocrx_word' id='word_1_138' title='bbox 1045 2326 1122 2409; x_wconf 81' lang='lat' dir='ltr'><strong>quia</strong></span> <span class='ocrx_word' id='word_1_139' title='bbox 1138 2332 1232 2391; x_wconf 81' lang='lat' dir='ltr'><strong>textus</strong></span> 
     </span>
     <span class='ocr_line' id='line_1_19' title="bbox 124 2437 1231 2528; baseline -0.003 -22"><span class='ocrx_word' id='word_1_140' title='bbox 124 2439 206 2527; x_wconf 86' lang='lat' dir='ltr'><strong>juris</strong></span> <span class='ocrx_word' id='word_1_141' title='bbox 219 2440 364 2518; x_wconf 89' lang='lat' dir='ltr'><strong>Romani,</strong></span> <span class='ocrx_word' id='word_1_142' title='bbox 392 2441 448 2525; x_wconf 90' lang='lat' dir='ltr'><strong>qui</strong></span> <span class='ocrx_word' id='word_1_143' title='bbox 471 2438 662 2504; x_wconf 80' lang='lat' dir='ltr'><strong>facultatem</strong></span> <span class='ocrx_word' id='word_1_144' title='bbox 678 2437 758 2503; x_wconf 88' lang='lat' dir='ltr'><strong>dant</strong></span> <span class='ocrx_word' id='word_1_145' title='bbox 775 2438 992 2505; x_wconf 88' lang='lat' dir='ltr'><strong>conveniendi</strong></span> <span class='ocrx_word' id='word_1_146' title='bbox 1006 2441 1113 2528; x_wconf 88' lang='lat' dir='ltr'><strong>Reum</strong></span> <span class='ocrx_word' id='word_1_147' title='bbox 1124 2442 1157 2505; x_wconf 91' lang='lat' dir='ltr'><strong>in</strong></span> <span class='ocrx_word' id='word_1_148' title='bbox 1171 2441 1231 2506; x_wconf 92' lang='lat' dir='ltr'><strong>loco</strong></span> 
     </span>
     <span class='ocr_line' id='line_1_20' title="bbox 126 2554 1231 2642; baseline 0.001 -23"><span class='ocrx_word' id='word_1_149' title='bbox 126 2557 226 2642; x_wconf 88' lang='lat' dir='ltr'><strong>ipsius</strong></span> <span class='ocrx_word' id='word_1_150' title='bbox 246 2554 410 2636; x_wconf 88' lang='lat' dir='ltr'><strong>domicilii,</strong></span> <span class='ocrx_word' id='word_1_151' title='bbox 428 2554 536 2641; x_wconf 90' lang='lat' dir='ltr'><strong>quoad</strong></span> <span class='ocrx_word' id='word_1_152' title='bbox 556 2564 649 2620; x_wconf 88' lang='lat' dir='ltr'><strong>actus</strong></span> <span class='ocrx_word' id='word_1_153' title='bbox 673 2554 744 2640; x_wconf 89' lang='lat' dir='ltr'><strong>ejus</strong></span> <span class='ocrx_word' id='word_1_154' title='bbox 764 2555 840 2621; x_wconf 91' lang='lat' dir='ltr'><strong>alibi</strong></span> <span class='ocrx_word' id='word_1_155' title='bbox 862 2562 990 2640; x_wconf 80' lang='lat' dir='ltr'><strong>gestos,</strong></span> <span class='ocrx_word' id='word_1_156' title='bbox 1017 2555 1060 2622; x_wconf 92' lang='lat' dir='ltr'><strong>de</strong></span> <span class='ocrx_word' id='word_1_157' title='bbox 1083 2556 1231 2623; x_wconf 88' lang='lat' dir='ltr'><strong>domicilio</strong></span> 
     </span>
     <span class='ocr_line' id='line_1_21' title="bbox 126 2669 1231 2758; baseline 0 -19"><span class='ocrx_word' id='word_1_158' title='bbox 126 2673 260 2758; x_wconf 85' lang='lat' dir='ltr'><strong>proprie</strong></span> <span class='ocrx_word' id='word_1_159' title='bbox 288 2671 376 2737; x_wconf 90' lang='lat' dir='ltr'><strong>dicto</strong></span> <span class='ocrx_word' id='word_1_160' title='bbox 402 2672 601 2756; x_wconf 82' lang='lat' dir='ltr'><strong>loquuntur,</strong></span> <span class='ocrx_word' id='word_1_161' title='bbox 630 2691 692 2736; x_wconf 88' lang='lat' dir='ltr'><strong>nec</strong></span> <span class='ocrx_word' id='word_1_162' title='bbox 720 2669 844 2736; x_wconf 87' lang='lat' dir='ltr'><strong>debent</strong></span> <span class='ocrx_word' id='word_1_163' title='bbox 865 2670 908 2736; x_wconf 91' lang='lat' dir='ltr'><strong>ad</strong></span> <span class='ocrx_word' id='word_1_164' title='bbox 930 2672 1231 2757; x_wconf 86' lang='lat' dir='ltr'><strong>quasi-domicilium</strong></span> 
     </span>
     <span class='ocr_line' id='line_1_22' title="bbox 126 2785 1230 2873; baseline -0.003 -17"><span class='ocrx_word' id='word_1_165' title='bbox 126 2788 276 2873; x_wconf 84' lang='lat' dir='ltr'><strong>extendi3</strong></span> <span class='ocrx_word' id='word_1_166' title='bbox 293 2789 383 2867; x_wconf 91' lang='lat' dir='ltr'><strong>item,</strong></span> <span class='ocrx_word' id='word_1_167' title='bbox 409 2789 483 2873; x_wconf 91' lang='lat' dir='ltr'><strong>quia</strong></span> <span class='ocrx_word' id='word_1_168' title='bbox 507 2787 648 2872; x_wconf 90' lang='lat' dir='ltr'><strong>alioquin</strong></span> <span class='ocrx_word' id='word_1_169' title='bbox 663 2805 729 2852; x_wconf 96' lang='lat' dir='ltr'><strong>non</strong></span> <span class='ocrx_word' id='word_1_170' title='bbox 748 2794 834 2851; x_wconf 87' lang='lat' dir='ltr'><strong>esset</strong></span> <span class='ocrx_word' id='word_1_171' title='bbox 850 2785 1029 2853; x_wconf 87' lang='lat' dir='ltr'><strong>discrimen</strong></span> <span class='ocrx_word' id='word_1_172' title='bbox 1047 2788 1230 2855; x_wconf 87' lang='lat' dir='ltr'><strong>domicilium</strong></span> 
     </span>
     <span class='ocr_line' id='line_1_23' title="bbox 125 2902 1230 2990; baseline -0.005 -17"><span class='ocrx_word' id='word_1_173' title='bbox 125 2909 213 2973; x_wconf 89' lang='lat' dir='ltr'><strong>inter</strong></span> <span class='ocrx_word' id='word_1_174' title='bbox 233 2913 269 2972; x_wconf 92' lang='lat' dir='ltr'><strong>et</strong></span> <span class='ocrx_word' id='word_1_175' title='bbox 294 2903 610 2990; x_wconf 85' lang='lat' dir='ltr'><strong>qnasi-domicilium,</strong></span> <span class='ocrx_word' id='word_1_176' title='bbox 628 2902 690 2966; x_wconf 92' lang='lat' dir='ltr'><strong>nisi</strong></span> <span class='ocrx_word' id='word_1_177' title='bbox 702 2904 737 2967; x_wconf 92' lang='lat' dir='ltr'><strong>in</strong></span> <span class='ocrx_word' id='word_1_178' title='bbox 751 2902 813 2968; x_wconf 91' lang='lat' dir='ltr'><strong>hoc</strong></span> <span class='ocrx_word' id='word_1_179' title='bbox 832 2902 921 2988; x_wconf 92' lang='lat' dir='ltr'><strong>quod</strong></span> <span class='ocrx_word' id='word_1_180' title='bbox 942 2903 1027 2969; x_wconf 91' lang='lat' dir='ltr'><strong>illud</strong></span> <span class='ocrx_word' id='word_1_181' title='bbox 1048 2913 1137 2972; x_wconf 88' lang='lat' dir='ltr'><strong>esset</strong></span> <span class='ocrx_word' id='word_1_182' title='bbox 1154 2921 1230 2971; x_wconf 83' lang='lat' dir='ltr'><strong>exse</strong></span> 
     </span>
     <span class='ocr_line' id='line_1_24' title="bbox 127 3018 1226 3108; baseline -0.006 -19"><span class='ocrx_word' id='word_1_183' title='bbox 127 3031 336 3108; x_wconf 89' lang='lat' dir='ltr'><strong>perpetuum,</strong></span> <span class='ocrx_word' id='word_1_184' title='bbox 355 3021 416 3085; x_wconf 91' lang='lat' dir='ltr'><strong>hoc</strong></span> <span class='ocrx_word' id='word_1_185' title='bbox 429 3026 693 3104; x_wconf 82' lang='lat' dir='ltr'><strong>temporaneum3</strong></span> <span class='ocrx_word' id='word_1_186' title='bbox 710 3019 800 3103; x_wconf 89' lang='lat' dir='ltr'><strong>quod</strong></span> <span class='ocrx_word' id='word_1_187' title='bbox 821 3018 885 3084; x_wconf 88' lang='lat' dir='ltr'><strong>dici</strong></span> <span class='ocrx_word' id='word_1_188' title='bbox 902 3038 1110 3106; x_wconf 90' lang='lat' dir='ltr'><strong>nequaqnam</strong></span> <span class='ocrx_word' id='word_1_189' title='bbox 1122 3025 1226 3106; x_wconf 89' lang='lat' dir='ltr'><strong>potest.</strong></span> 
     </span>
     <span class='ocr_line' id='line_1_25' title="bbox 129 3135 1226 3223; baseline -0.002 -20"><span class='ocrx_word' id='word_1_190' title='bbox 129 3163 146 3203; x_wconf 76' lang='lat' dir='ltr'><strong>a</strong></span> <span class='ocrx_word' id='word_1_191' title='bbox 159 3138 223 3205; x_wconf 87' lang='lat' dir='ltr'><strong>Sed</strong></span> <span class='ocrx_word' id='word_1_192' title='bbox 235 3136 407 3203; x_wconf 86' lang='lat' dir='ltr'><strong>retinenda</strong></span> <span class='ocrx_word' id='word_1_193' title='bbox 421 3144 473 3203; x_wconf 88' lang='lat' dir='ltr'><strong>est</strong></span> <span class='ocrx_word' id='word_1_194' title='bbox 486 3135 676 3201; x_wconf 88' lang='lat' dir='ltr'><strong>affirmativa</strong></span> <span class='ocrx_word' id='word_1_195' title='bbox 690 3136 852 3200; x_wconf 89' lang='lat' dir='ltr'><strong>sententia</strong></span> <span class='ocrx_word' id='word_1_196' title='bbox 863 3136 919 3223; x_wconf 89' lang='lat' dir='ltr'><strong>(ait</strong></span> <span class='ocrx_word' id='word_1_197' title='bbox 938 3136 1226 3222; x_wconf 82' lang='lat' dir='ltr'><strong>Schmalzgrneber,</strong></span> 
     </span>
     <span class='ocr_line' id='line_1_26' title="bbox 128 3249 1227 3343; baseline 0.002 -25"><span class='ocrx_word' id='word_1_198' title='bbox 128 3257 191 3320; x_wconf 82' lang='lat' dir='ltr'><strong>«in</strong></span> <span class='ocrx_word' id='word_1_199' title='bbox 206 3256 257 3320; x_wconf 83' lang='lat' dir='ltr'><strong>tit.</strong></span> <span class='ocrx_word' id='word_1_200' title='bbox 275 3257 306 3334; x_wconf 76' lang='lat'><strong>2,</strong></span> <span class='ocrx_word' id='word_1_201' title='bbox 323 3254 382 3319; x_wconf 91' lang='lat' dir='ltr'><strong>lib.</strong></span> <span class='ocrx_word' id='word_1_202' title='bbox 403 3256 423 3317; x_wconf 80' lang='lat'><strong>2</strong></span> <span class='ocrx_word' id='word_1_203' title='bbox 441 3252 582 3330; x_wconf 83' lang='lat' dir='ltr'><strong>decret,</strong></span> <span class='ocrx_word' id='word_1_204' title='bbox 597 3273 630 3316; x_wconf 90' lang='lat' dir='ltr'><strong>n.</strong></span> <span class='ocrx_word' id='word_1_205' title='bbox 651 3249 722 3336; x_wconf 87' lang='lat'>17);</span> <span class='ocrx_word' id='word_1_206' title='bbox 740 3253 902 3337; x_wconf 80' lang='lat' dir='ltr'><strong>quietalis</strong></span> <span class='ocrx_word' id='word_1_207' title='bbox 919 3250 1095 3343; x_wconf 78' lang='lat' dir='ltr'><strong>subjicitur</strong></span> <span class='ocrx_word' id='word_1_208' title='bbox 1114 3251 1227 3340; x_wconf 76' lang='lat' dir='ltr'><strong>jurisd&#39;r</strong></span> 
     </span>
     <span class='ocr_line' id='line_1_27' title="bbox 128 3367 1226 3454; baseline 0.003 -19"><span class='ocrx_word' id='word_1_209' title='bbox 128 3372 257 3437; x_wconf 72' lang='lat' dir='ltr'><strong>actioni</strong></span> <span class='ocrx_word' id='word_1_210' title='bbox 268 3370 332 3436; x_wconf 84' lang='lat' dir='ltr'><strong>fort</strong></span> <span class='ocrx_word' id='word_1_211' title='bbox 350 3370 471 3435; x_wconf 89' lang='lat' dir='ltr'><strong>interni</strong></span> <span class='ocrx_word' id='word_1_212' title='bbox 483 3370 517 3432; x_wconf 95' lang='lat' dir='ltr'><strong>in</strong></span> <span class='ocrx_word' id='word_1_213' title='bbox 532 3368 605 3433; x_wconf 89' lang='lat' dir='ltr'><strong>loco</strong></span> <span class='ocrx_word' id='word_1_214' title='bbox 624 3368 681 3433; x_wconf 91' lang='lat' dir='ltr'><strong>ubi</strong></span> <span class='ocrx_word' id='word_1_215' title='bbox 697 3367 1003 3454; x_wconf 84' lang='lat' dir='ltr'><strong>qnasidomicilium</strong></span> <span class='ocrx_word' id='word_1_216' title='bbox 1024 3369 1128 3437; x_wconf 89' lang='lat' dir='ltr'><strong>habet</strong></span> <span class='ocrx_word' id='word_1_217' title='bbox 1145 3393 1153 3438; x_wconf 92' lang='lat'>:</span> <span class='ocrx_word' id='word_1_218' title='bbox 1171 3371 1226 3437; x_wconf 88' lang='lat' dir='ltr'><strong>fru-</strong></span> 
     </span>
     <span class='ocr_line' id='line_1_28' title="bbox 126 3484 1268 3572; baseline 0 -17"><span class='ocrx_word' id='word_1_219' title='bbox 126 3497 221 3555; x_wconf 82' lang='lat' dir='ltr'><strong>«stra</strong></span> <span class='ocrx_word' id='word_1_220' title='bbox 238 3496 349 3553; x_wconf 87' lang='lat' dir='ltr'><strong>autem</strong></span> <span class='ocrx_word' id='word_1_221' title='bbox 371 3487 446 3571; x_wconf 92' lang='lat' dir='ltr'><strong>plus</strong></span> <span class='ocrx_word' id='word_1_222' title='bbox 464 3485 643 3571; x_wconf 90' lang='lat' dir='ltr'><strong>requiritur</strong></span> <span class='ocrx_word' id='word_1_223' title='bbox 665 3494 703 3552; x_wconf 90' lang='lat' dir='ltr'><strong>nt</strong></span> <span class='ocrx_word' id='word_1_224' title='bbox 725 3484 915 3570; x_wconf 90' lang='lat' dir='ltr'><strong>subjiciatur</strong></span> <span class='ocrx_word' id='word_1_225' title='bbox 934 3485 1155 3572; x_wconf 87' lang='lat' dir='ltr'><strong>jurisdictioni</strong></span> <span class='ocrx_word' id='word_1_226' title='bbox 1177 3487 1224 3554; x_wconf 80' lang='lat' dir='ltr'><strong>tori</strong></span> <span class='ocrx_word' id='word_1_227' title='bbox 1266 3550 1268 3555; x_wconf 89' lang='lat'><em>.</em></span> 
     </span>
     <span class='ocr_line' id='line_1_29' title="bbox 126 3602 1222 3690; baseline -0.005 -18"><span class='ocrx_word' id='word_1_228' title='bbox 126 3606 303 3689; x_wconf 81' lang='lat' dir='ltr'><strong>aexterni3</strong></span> <span class='ocrx_word' id='word_1_229' title='bbox 330 3602 419 3689; x_wconf 89' lang='lat' dir='ltr'><strong>quod</strong></span> <span class='ocrx_word' id='word_1_230' title='bbox 441 3604 468 3668; x_wconf 86' lang='lat' dir='ltr'><strong>si</strong></span> <span class='ocrx_word' id='word_1_231' title='bbox 488 3610 597 3669; x_wconf 87' lang='lat' dir='ltr'><strong>antem</strong></span> <span class='ocrx_word' id='word_1_232' title='bbox 615 3602 873 3688; x_wconf 88' lang='lat' dir='ltr'><strong>jurisdictionem</strong></span> <span class='ocrx_word' id='word_1_233' title='bbox 895 3604 960 3668; x_wconf 80' lang='lat' dir='ltr'><strong>fori</strong></span> <span class='ocrx_word' id='word_1_234' title='bbox 984 3607 1117 3671; x_wconf 84' lang='lat' dir='ltr'><strong>externi</strong></span> <span class='ocrx_word' id='word_1_235' title='bbox 1139 3603 1222 3690; x_wconf 87' lang='lat' dir='ltr'><strong>juder</strong></span> 
     </span>
     <span class='ocr_line' id='line_1_30' title="bbox 120 3718 1221 3804; baseline -0.004 -18"><span class='ocrx_word' id='word_1_236' title='bbox 120 3746 143 3786; x_wconf 72' lang='lat' dir='ltr'><strong>a</strong></span> <span class='ocrx_word' id='word_1_237' title='bbox 154 3724 220 3788; x_wconf 91' lang='lat' dir='ltr'><strong>loci</strong></span> <span class='ocrx_word' id='word_1_238' title='bbox 245 3722 330 3786; x_wconf 91' lang='lat' dir='ltr'><strong>illius</strong></span> <span class='ocrx_word' id='word_1_239' title='bbox 348 3721 383 3784; x_wconf 94' lang='lat' dir='ltr'><strong>in</strong></span> <span class='ocrx_word' id='word_1_240' title='bbox 400 3738 475 3785; x_wconf 89' lang='lat' dir='ltr'><strong>enm</strong></span> <span class='ocrx_word' id='word_1_241' title='bbox 493 3718 604 3797; x_wconf 83' lang='lat' dir='ltr'><strong>habet,</strong></span> <span class='ocrx_word' id='word_1_242' title='bbox 624 3738 820 3802; x_wconf 84' lang='lat' dir='ltr'><strong>cognoscere</strong></span> <span class='ocrx_word' id='word_1_243' title='bbox 838 3721 937 3785; x_wconf 87' lang='lat' dir='ltr'><strong>etiam</strong></span> <span class='ocrx_word' id='word_1_244' title='bbox 956 3718 998 3785; x_wconf 92' lang='lat' dir='ltr'><strong>de</strong></span> <span class='ocrx_word' id='word_1_245' title='bbox 1017 3721 1146 3788; x_wconf 90' lang='lat' dir='ltr'><strong>actibus</strong></span> <span class='ocrx_word' id='word_1_246' title='bbox 1159 3718 1221 3804; x_wconf 84' lang='lat' dir='ltr'><strong>ejus·</strong></span> 
     </span>
     <span class='ocr_line' id='line_1_31' title="bbox 124 3835 1219 3923; baseline -0.003 -20"><span class='ocrx_word' id='word_1_247' title='bbox 124 3839 232 3906; x_wconf 82' lang='lat' dir='ltr'><strong>«dem</strong></span> <span class='ocrx_word' id='word_1_248' title='bbox 257 3837 454 3920; x_wconf 88' lang='lat' dir='ltr'><strong>ubicumque</strong></span> <span class='ocrx_word' id='word_1_249' title='bbox 479 3836 577 3919; x_wconf 79' lang='lat' dir='ltr'><strong>gestis</strong></span> <span class='ocrx_word' id='word_1_250' title='bbox 598 3841 717 3918; x_wconf 87' lang='lat' dir='ltr'><strong>potest.</strong></span> <span class='ocrx_word' id='word_1_251' title='bbox 746 3835 965 3901; x_wconf 79' lang='lat' dir='ltr'><strong>confirmatur</strong></span> <span class='ocrx_word' id='word_1_252' title='bbox 993 3856 1000 3898; x_wconf 91' lang='lat'>:</span> <span class='ocrx_word' id='word_1_253' title='bbox 1026 3839 1103 3923; x_wconf 88' lang='lat' dir='ltr'><strong>quia</strong></span> <span class='ocrx_word' id='word_1_254' title='bbox 1123 3855 1180 3922; x_wconf 87' lang='lat' dir='ltr'><strong>per</strong></span> <span class='ocrx_word' id='word_1_255' title='bbox 1195 3851 1219 3900; x_wconf 75' lang='lat' dir='ltr'><strong>ac</strong></span> 
     </span>
     <span class='ocr_line' id='line_1_32' title="bbox 122 3952 1217 4040; baseline -0.006 -15"><span class='ocrx_word' id='word_1_256' title='bbox 122 3960 287 4026; x_wconf 81' lang='lat' dir='ltr'><strong>«videtur</strong></span> <span class='ocrx_word' id='word_1_257' title='bbox 301 3952 480 4022; x_wconf 87' lang='lat' dir='ltr'><strong>absurdum</strong></span> <span class='ocrx_word' id='word_1_258' title='bbox 504 3975 585 4034; x_wconf 89' lang='lat' dir='ltr'><strong>esse,</strong></span> <span class='ocrx_word' id='word_1_259' title='bbox 602 3964 639 4021; x_wconf 89' lang='lat' dir='ltr'><strong>ut</strong></span> <span class='ocrx_word' id='word_1_260' title='bbox 658 3958 729 4040; x_wconf 89' lang='lat' dir='ltr'><strong>quis</strong></span> <span class='ocrx_word' id='word_1_261' title='bbox 749 3956 807 4022; x_wconf 90' lang='lat' dir='ltr'><strong>diu</strong></span> <span class='ocrx_word' id='word_1_262' title='bbox 825 3964 974 4021; x_wconf 87' lang='lat' dir='ltr'><strong>moretur</strong></span> <span class='ocrx_word' id='word_1_263' title='bbox 995 3958 1031 4021; x_wconf 94' lang='lat' dir='ltr'><strong>in</strong></span> <span class='ocrx_word' id='word_1_264' title='bbox 1052 3957 1137 4036; x_wconf 87' lang='lat' dir='ltr'><strong>loco,</strong></span> <span class='ocrx_word' id='word_1_265' title='bbox 1155 3955 1217 4023; x_wconf 87' lang='lat' dir='ltr'><strong>etin</strong></span> 
     </span>
     <span class='ocr_line' id='line_1_33' title="bbox 122 4066 1215 4160; baseline -0.005 -18"><span class='ocrx_word' id='word_1_266' title='bbox 122 4097 194 4144; x_wconf 80' lang='lat' dir='ltr'><strong>«eo</strong></span> <span class='ocrx_word' id='word_1_267' title='bbox 206 4073 409 4160; x_wconf 88' lang='lat' dir='ltr'><strong>respondere</strong></span> <span class='ocrx_word' id='word_1_268' title='bbox 425 4091 491 4137; x_wconf 91' lang='lat' dir='ltr'><strong>non</strong></span> <span class='ocrx_word' id='word_1_269' title='bbox 505 4080 669 4151; x_wconf 88' lang='lat' dir='ltr'><strong>teneatur,</strong></span> <span class='ocrx_word' id='word_1_270' title='bbox 684 4075 866 4155; x_wconf 79' lang='lat' dir='ltr'><strong>prasertim</strong></span> <span class='ocrx_word' id='word_1_271' title='bbox 881 4092 956 4138; x_wconf 88' lang='lat' dir='ltr'><strong>cnm</strong></span> <span class='ocrx_word' id='word_1_272' title='bbox 972 4072 1022 4158; x_wconf 88' lang='lat' dir='ltr'><strong>(nt</strong></span> <span class='ocrx_word' id='word_1_273' title='bbox 1035 4073 1159 4142; x_wconf 89' lang='lat' dir='ltr'><strong>dictum</strong></span> <span class='ocrx_word' id='word_1_274' title='bbox 1172 4066 1215 4151; x_wconf 86' lang='lat' dir='ltr'><strong>cst)</strong></span> 
     </span>
     <span class='ocr_line' id='line_1_34' title="bbox 121 4187 1217 4277; baseline -0.005 -20"><span class='ocrx_word' id='word_1_275' title='bbox 121 4192 290 4277; x_wconf 75' lang='lat' dir='ltr'><strong>«legibus,</strong></span> <span class='ocrx_word' id='word_1_276' title='bbox 315 4190 444 4256; x_wconf 88' lang='lat' dir='ltr'><strong>statutis</strong></span> <span class='ocrx_word' id='word_1_277' title='bbox 458 4196 492 4255; x_wconf 91' lang='lat' dir='ltr'><strong>et</strong></span> <span class='ocrx_word' id='word_1_278' title='bbox 508 4187 797 4254; x_wconf 88' lang='lat' dir='ltr'><strong>consuetudinibus</strong></span> <span class='ocrx_word' id='word_1_279' title='bbox 817 4191 881 4255; x_wconf 90' lang='lat' dir='ltr'><strong>loci</strong></span> <span class='ocrx_word' id='word_1_280' title='bbox 894 4190 928 4254; x_wconf 89' lang='lat' dir='ltr'><strong>in</strong></span> <span class='ocrx_word' id='word_1_281' title='bbox 943 4208 1010 4274; x_wconf 89' lang='lat' dir='ltr'><strong>quo</strong></span> <span class='ocrx_word' id='word_1_282' title='bbox 1026 4189 1160 4277; x_wconf 77' lang='lat' dir='ltr'><strong>degunt</strong></span> <span class='ocrx_word' id='word_1_283' title='bbox 1174 4188 1217 4253; x_wconf 85' lang='lat' dir='ltr'><strong>lu·</strong></span> 
     </span>
     <span class='ocr_line' id='line_1_35' title="bbox 121 4305 1215 4394; baseline -0.008 -22"><span class='ocrx_word' id='word_1_284' title='bbox 121 4306 291 4394; x_wconf 80' lang='lat' dir='ltr'><strong>«jusmodi</strong></span> <span class='ocrx_word' id='word_1_285' title='bbox 311 4305 424 4373; x_wconf 89' lang='lat' dir='ltr'><strong>incolae</strong></span> <span class='ocrx_word' id='word_1_286' title='bbox 449 4313 483 4370; x_wconf 90' lang='lat' dir='ltr'><strong>et</strong></span> <span class='ocrx_word' id='word_1_287' title='bbox 508 4306 569 4389; x_wconf 90' lang='lat' dir='ltr'><strong>ipsi</strong></span> <span class='ocrx_word' id='word_1_288' title='bbox 589 4311 775 4372; x_wconf 87' lang='lat' dir='ltr'><strong>teneantur.</strong></span> <span class='ocrx_word' id='word_1_289' title='bbox 804 4330 820 4368; x_wconf 88' lang='lat'>»</span> <span class='ocrx_word' id='word_1_290' title='bbox 847 4307 950 4390; x_wconf 81' lang='lat' dir='ltr'><strong>Negat</strong></span> <span class='ocrx_word' id='word_1_291' title='bbox 977 4307 1100 4374; x_wconf 87' lang='lat' dir='ltr'><strong>citatus</strong></span> <span class='ocrx_word' id='word_1_292' title='bbox 1123 4311 1215 4373; x_wconf 86' lang='lat' dir='ltr'><strong>auctor</strong></span> 
     </span>
     <span class='ocr_line' id='line_1_36' title="bbox 113 4414 1212 4512; baseline -0.009 -19"><span class='ocrx_word' id='word_1_293' title='bbox 113 4427 197 4512; x_wconf 91' lang='lat' dir='ltr'><strong>juris</strong></span> <span class='ocrx_word' id='word_1_294' title='bbox 222 4433 353 4501; x_wconf 83' lang='lat' dir='ltr'><strong>textus,</strong></span> <span class='ocrx_word' id='word_1_295' title='bbox 378 4444 395 4486; x_wconf 91' lang='lat' dir='ltr'><strong>a</strong></span> <span class='ocrx_word' id='word_1_296' title='bbox 418 4424 576 4488; x_wconf 84' lang='lat' dir='ltr'><strong>sententia</strong></span> <span class='ocrx_word' id='word_1_297' title='bbox 602 4422 750 4504; x_wconf 87' lang='lat' dir='ltr'><strong>opposita</strong></span> <span class='ocrx_word' id='word_1_298' title='bbox 774 4423 948 4505; x_wconf 84' lang='lat' dir='ltr'><strong>allegatos,</strong></span> <span class='ocrx_word' id='word_1_299' title='bbox 977 4440 1045 4490; x_wconf 91' lang='lat' dir='ltr'><strong>non</strong></span> <span class='ocrx_word' id='word_1_300' title='bbox 1073 4414 1212 4509; x_wconf 85' lang='lat' dir='ltr'><strong>possead</strong></span> 
     </span>
    </p>
   </div>
   <div class='ocr_carea' id='block_1_3' title="bbox 0 0 1362 4980">
    <p class='ocr_par' dir='ltr' id='par_1_6' title="bbox 0 0 1362 4980">
     <span class='ocr_line' id='line_1_37' title="bbox 0 0 1362 4980; baseline 0 3"><span class='ocrx_word' id='word_1_301' title='bbox 0 0 1362 4980; x_wconf 95' lang='lat' dir='ltr'><strong> </strong></span> 
     </span>
    </p>
   </div>
  </div>
 </body>
</html>
