<?xml version="1.0" encoding="UTF-8"?>
<!DOCTYPE html PUBLIC "-//W3C//DTD XHTML 1.0 Transitional//EN"
    "http://www.w3.org/TR/xhtml1/DTD/xhtml1-transitional.dtd">
<html xmlns="http://www.w3.org/1999/xhtml" xml:lang="en" lang="en">
 <head>
  <title>
</title>
<meta http-equiv="Content-Type" content="text/html;charset=utf-8" />
  <meta name='ocr-system' content='tesseract 3.04.00' />
  <meta name='ocr-capabilities' content='ocr_page ocr_carea ocr_par ocr_line ocrx_word'/>
</head>
<body>
  <div class='ocr_page' id='page_1' title='image "./tractatusdejudi00bouigoog_0418.png"; bbox 0 0 2714 4980; ppageno 0'>
   <div class='ocr_carea' id='block_1_1' title="bbox 488 295 1183 358">
    <p class='ocr_par' dir='ltr' id='par_1_1' title="bbox 488 295 1183 358">
     <span class='ocr_line' id='line_1_1' title="bbox 488 295 1183 358; baseline 0.01 -9"><span class='ocrx_word' id='word_1_1' title='bbox 488 302 568 350; x_wconf 78' lang='lat' dir='ltr'><strong>anns</strong></span> <span class='ocrx_word' id='word_1_2' title='bbox 590 302 749 350; x_wconf 80' lang='lat' dir='ltr'><strong>sucunna.</strong></span> <span class='ocrx_word' id='word_1_3' title='bbox 1119 295 1183 358; x_wconf 79' lang='lat'><strong>405</strong></span> 
     </span>
    </p>
   </div>
   <div class='ocr_carea' id='block_1_2' title="bbox 17 426 1189 4477">
    <p class='ocr_par' dir='ltr' id='par_1_2' title="bbox 64 426 1188 1327">
     <span class='ocr_line' id='line_1_2' title="bbox 68 426 1186 515; baseline 0.012 -27"><span class='ocrx_word' id='word_1_4' title='bbox 68 451 85 489; x_wconf 82' lang='lat' dir='ltr'><strong>a</strong></span> <span class='ocrx_word' id='word_1_5' title='bbox 102 430 225 493; x_wconf 92' lang='lat' dir='ltr'><strong>minum</strong></span> <span class='ocrx_word' id='word_1_6' title='bbox 240 427 284 494; x_wconf 92' lang='lat' dir='ltr'><strong>ad</strong></span> <span class='ocrx_word' id='word_1_7' title='bbox 299 426 562 493; x_wconf 91' lang='lat' dir='ltr'><strong>constituendum</strong></span> <span class='ocrx_word' id='word_1_8' title='bbox 574 428 754 512; x_wconf 80' lang='lat' dir='ltr'><strong>Viearium3</strong></span> <span class='ocrx_word' id='word_1_9' title='bbox 767 448 831 514; x_wconf 91' lang='lat' dir='ltr'><strong>quo</strong></span> <span class='ocrx_word' id='word_1_10' title='bbox 850 431 969 515; x_wconf 90' lang='lat' dir='ltr'><strong>elapso,</strong></span> <span class='ocrx_word' id='word_1_11' title='bbox 985 434 1011 498; x_wconf 91' lang='lat' dir='ltr'><strong>si</strong></span> <span class='ocrx_word' id='word_1_12' title='bbox 1026 454 1091 498; x_wconf 90' lang='lat' dir='ltr'><strong>non</strong></span> <span class='ocrx_word' id='word_1_13' title='bbox 1109 454 1186 500; x_wconf 91' lang='lat' dir='ltr'><strong>con·</strong></span> 
     </span>
     <span class='ocr_line' id='line_1_3' title="bbox 67 543 1186 629; baseline 0.011 -23"><span class='ocrx_word' id='word_1_14' title='bbox 67 545 227 622; x_wconf 84' lang='lat' dir='ltr'><strong>astituat,</strong></span> <span class='ocrx_word' id='word_1_15' title='bbox 255 545 395 629; x_wconf 86' lang='lat' dir='ltr'><strong>ipsemet</strong></span> <span class='ocrx_word' id='word_1_16' title='bbox 421 543 689 628; x_wconf 80' lang='lat' dir='ltr'><strong>Metropolitanus</strong></span> <span class='ocrx_word' id='word_1_17' title='bbox 719 546 884 611; x_wconf 84' lang='lat' dir='ltr'><strong>Vicarium</strong></span> <span class='ocrx_word' id='word_1_18' title='bbox 913 551 1100 629; x_wconf 85' lang='lat' dir='ltr'><strong>constituet,</strong></span> <span class='ocrx_word' id='word_1_19' title='bbox 1131 553 1186 618; x_wconf 82' lang='lat' dir='ltr'><strong>rel</strong></span> 
     </span>
     <span class='ocr_line' id='line_1_4' title="bbox 66 660 1182 752; baseline 0.008 -30"><span class='ocrx_word' id='word_1_20' title='bbox 66 684 83 722; x_wconf 80' lang='lat' dir='ltr'><strong>a</strong></span> <span class='ocrx_word' id='word_1_21' title='bbox 101 661 297 746; x_wconf 86' lang='lat' dir='ltr'><strong>Episcopum</strong></span> <span class='ocrx_word' id='word_1_22' title='bbox 307 660 350 727; x_wconf 94' lang='lat' dir='ltr'><strong>ad</strong></span> <span class='ocrx_word' id='word_1_23' title='bbox 367 661 458 726; x_wconf 91' lang='lat' dir='ltr'><strong>illum</strong></span> <span class='ocrx_word' id='word_1_24' title='bbox 472 660 737 727; x_wconf 91' lang='lat' dir='ltr'><strong>constituendum</strong></span> <span class='ocrx_word' id='word_1_25' title='bbox 754 680 872 746; x_wconf 83' lang='lat' dir='ltr'><strong>cogere</strong></span> <span class='ocrx_word' id='word_1_26' title='bbox 885 670 1004 747; x_wconf 91' lang='lat' dir='ltr'><strong>potest.</strong></span> <span class='ocrx_word' id='word_1_27' title='bbox 1019 666 1182 752; x_wconf 88' lang='lat' dir='ltr'><strong>Pirrhing,</strong></span> 
     </span>
     <span class='ocr_line' id='line_1_5' title="bbox 66 775 1183 869; baseline 0.013 -33"><span class='ocrx_word' id='word_1_28' title='bbox 66 800 83 836; x_wconf 86' lang='lat' dir='ltr'><strong>a</strong></span> <span class='ocrx_word' id='word_1_29' title='bbox 105 775 151 842; x_wconf 87' lang='lat' dir='ltr'><strong>ad</strong></span> <span class='ocrx_word' id='word_1_30' title='bbox 169 777 301 842; x_wconf 90' lang='lat' dir='ltr'><strong>titulum</strong></span> <span class='ocrx_word' id='word_1_31' title='bbox 316 781 353 842; x_wconf 86' lang='lat' dir='ltr'><strong>dc</strong></span> <span class='ocrx_word' id='word_1_32' title='bbox 365 777 474 859; x_wconf 78' lang='lat' dir='ltr'><strong>Officio</strong></span> <span class='ocrx_word' id='word_1_33' title='bbox 498 782 624 857; x_wconf 81' lang='lat' dir='ltr'><strong>Vicorit,</strong></span> <span class='ocrx_word' id='word_1_34' title='bbox 645 797 679 841; x_wconf 93' lang='lat' dir='ltr'><strong>n.</strong></span> <span class='ocrx_word' id='word_1_35' title='bbox 698 781 759 862; x_wconf 77' lang='lat'><strong>283</strong></span> <span class='ocrx_word' id='word_1_36' title='bbox 776 779 938 859; x_wconf 77' lang='lat' dir='ltr'><strong>ShroziuS,</strong></span> <span class='ocrx_word' id='word_1_37' title='bbox 955 781 1013 846; x_wconf 79' lang='lat' dir='ltr'><strong>lib.</strong></span> <span class='ocrx_word' id='word_1_38' title='bbox 1036 785 1065 862; x_wconf 90' lang='lat' dir='ltr'><strong>l,</strong></span> <span class='ocrx_word' id='word_1_39' title='bbox 1081 801 1113 869; x_wconf 91' lang='lat' dir='ltr'><strong>q.</strong></span> <span class='ocrx_word' id='word_1_40' title='bbox 1128 785 1183 863; x_wconf 81' lang='grc'><strong>46,</strong></span> 
     </span>
     <span class='ocr_line' id='line_1_6' title="bbox 66 893 1188 985; baseline 0.011 -31"><span class='ocrx_word' id='word_1_41' title='bbox 66 915 84 954; x_wconf 89' lang='grc'>«</span> <span class='ocrx_word' id='word_1_42' title='bbox 101 914 136 958; x_wconf 93' lang='lat' dir='ltr'><strong>n.</strong></span> <span class='ocrx_word' id='word_1_43' title='bbox 159 894 198 978; x_wconf 70' lang='grc' dir='ltr'><strong>[ις</strong></span> <span class='ocrx_word' id='word_1_44' title='bbox 214 900 248 958; x_wconf 92' lang='lat' dir='ltr'><strong>et</strong></span> <span class='ocrx_word' id='word_1_45' title='bbox 264 895 420 972; x_wconf 85' lang='lat' dir='ltr'><strong>exactius,</strong></span> <span class='ocrx_word' id='word_1_46' title='bbox 437 911 469 979; x_wconf 91' lang='lat' dir='ltr'><strong>q.</strong></span> <span class='ocrx_word' id='word_1_47' title='bbox 489 896 529 958; x_wconf 86' lang='lat'><strong>57</strong></span> <span class='ocrx_word' id='word_1_48' title='bbox 543 914 550 976; x_wconf 81' lang='lat'><em>3</em></span> <span class='ocrx_word' id='word_1_49' title='bbox 568 893 669 958; x_wconf 89' lang='lat' dir='ltr'><strong>citans</strong></span> <span class='ocrx_word' id='word_1_50' title='bbox 684 900 783 978; x_wconf 91' lang='lat' dir='ltr'><strong>caput</strong></span> <span class='ocrx_word' id='word_1_51' title='bbox 795 899 870 959; x_wconf 84' lang='lat' dir='ltr'><strong>Cam</strong></span> <span class='ocrx_word' id='word_1_52' title='bbox 885 902 979 960; x_wconf 78' lang='lat' dir='ltr'><strong>simas</strong></span> <span class='ocrx_word' id='word_1_53' title='bbox 993 902 1025 980; x_wconf 83' lang='lat'><strong>9,</strong></span> <span class='ocrx_word' id='word_1_54' title='bbox 1038 918 1070 985; x_wconf 89' lang='lat' dir='ltr'><strong>q.</strong></span> <span class='ocrx_word' id='word_1_55' title='bbox 1086 903 1119 979; x_wconf 88' lang='lat'><strong>3,</strong></span> <span class='ocrx_word' id='word_1_56' title='bbox 1131 900 1188 966; x_wconf 90' lang='lat' dir='ltr'><strong>uhi</strong></span> 
     </span>
     <span class='ocr_line' id='line_1_7' title="bbox 66 1008 1187 1092; baseline 0.012 -24"><span class='ocrx_word' id='word_1_57' title='bbox 66 1033 83 1071; x_wconf 83' lang='lat' dir='ltr'><strong>a</strong></span> <span class='ocrx_word' id='word_1_58' title='bbox 103 1008 237 1088; x_wconf 88' lang='lat' dir='ltr'><strong>dicitur,</strong></span> <span class='ocrx_word' id='word_1_59' title='bbox 254 1014 289 1076; x_wconf 85' lang='lat' dir='ltr'><strong>Sc&#39;</strong></span> <span class='ocrx_word' id='word_1_60' title='bbox 304 1013 468 1092; x_wconf 79' lang='lat' dir='ltr'><strong>Episcopus</strong></span> <span class='ocrx_word' id='word_1_61' title='bbox 491 1030 551 1073; x_wconf 85' lang='lat' dir='ltr'><strong>noo</strong></span> <span class='ocrx_word' id='word_1_62' title='bbox 571 1016 721 1092; x_wconf 79' lang='lat' dir='ltr'><strong>sotoqorot</strong></span> <span class='ocrx_word' id='word_1_63' title='bbox 736 1018 867 1076; x_wconf 82' lang='lat' dir='ltr'><strong>statuero</strong></span> <span class='ocrx_word' id='word_1_64' title='bbox 881 1033 1058 1078; x_wconf 81' lang='lat' dir='ltr'><strong>ocooaomacm</strong></span> <span class='ocrx_word' id='word_1_65' title='bbox 1078 1022 1112 1080; x_wconf 82' lang='lat' dir='ltr'><strong>ia</strong></span> <span class='ocrx_word' id='word_1_66' title='bbox 1132 1038 1187 1081; x_wconf 77' lang='lat' dir='ltr'><strong>saro</strong></span> 
     </span>
     <span class='ocr_line' id='line_1_8' title="bbox 64 1129 1188 1213; baseline 0.011 -25"><span class='ocrx_word' id='word_1_67' title='bbox 64 1150 82 1189; x_wconf 86' lang='lat' dir='ltr'><strong>a</strong></span> <span class='ocrx_word' id='word_1_68' title='bbox 101 1129 247 1208; x_wconf 80' lang='lat' dir='ltr'><strong>Ecclesia,</strong></span> <span class='ocrx_word' id='word_1_69' title='bbox 270 1129 519 1209; x_wconf 75' lang='lat' dir='ltr'><strong>Metropolitanus</strong></span> <span class='ocrx_word' id='word_1_70' title='bbox 532 1148 599 1191; x_wconf 82' lang='lat' dir='ltr'><strong>eom</strong></span> <span class='ocrx_word' id='word_1_71' title='bbox 611 1134 789 1193; x_wconf 79' lang='lat' dir='ltr'><strong>constituero</strong></span> <span class='ocrx_word' id='word_1_72' title='bbox 805 1138 920 1213; x_wconf 87' lang='lat' dir='ltr'><strong>potcst;</strong></span> <span class='ocrx_word' id='word_1_73' title='bbox 934 1132 1013 1197; x_wconf 89' lang='lat' dir='ltr'><strong>item</strong></span> <span class='ocrx_word' id='word_1_74' title='bbox 1026 1133 1188 1200; x_wconf 86' lang='lat' dir='ltr'><strong>Tridenti-</strong></span> 
     </span>
     <span class='ocr_line' id='line_1_9' title="bbox 65 1244 565 1327; baseline -0.004 -21"><span class='ocrx_word' id='word_1_75' title='bbox 65 1248 82 1306; x_wconf 68' lang='grc' dir='ltr'><strong>ἑ(</strong></span> <span class='ocrx_word' id='word_1_76' title='bbox 103 1261 194 1322; x_wconf 90' lang='lat' dir='ltr'><strong>num,</strong></span> <span class='ocrx_word' id='word_1_77' title='bbox 213 1262 283 1327; x_wconf 87' lang='lat' dir='ltr'><strong>cap.</strong></span> <span class='ocrx_word' id='word_1_78' title='bbox 306 1245 359 1322; x_wconf 88' lang='grc'><strong>16,</strong></span> <span class='ocrx_word' id='word_1_79' title='bbox 377 1261 454 1309; x_wconf 93' lang='lat' dir='ltr'><strong>sess.</strong></span> <span class='ocrx_word' id='word_1_80' title='bbox 473 1244 527 1308; x_wconf 77' lang='lat'><strong>24.</strong></span> <span class='ocrx_word' id='word_1_81' title='bbox 549 1265 565 1304; x_wconf 76' lang='lat' dir='ltr'><strong>a</strong></span> 
     </span>
    </p>

    <p class='ocr_par' dir='ltr' id='par_1_3' title="bbox 17 1359 1189 3402">
     <span class='ocr_line' id='line_1_10' title="bbox 107 1359 1189 1444; baseline 0.006 -18"><span class='ocrx_word' id='word_1_82' title='bbox 107 1363 144 1426; x_wconf 85' lang='lat'><strong>3⁰</strong></span> <span class='ocrx_word' id='word_1_83' title='bbox 159 1359 322 1426; x_wconf 81' lang='lat' dir='ltr'><strong>Praedicta</strong></span> <span class='ocrx_word' id='word_1_84' title='bbox 337 1359 576 1425; x_wconf 83' lang='lat' dir='ltr'><strong>canonistarum</strong></span> <span class='ocrx_word' id='word_1_85' title='bbox 591 1361 807 1444; x_wconf 84' lang='lat' dir='ltr'><strong>allegatorum</strong></span> <span class='ocrx_word' id='word_1_86' title='bbox 821 1364 993 1444; x_wconf 87' lang='lat' dir='ltr'><strong>sententia,</strong></span> <span class='ocrx_word' id='word_1_87' title='bbox 1002 1365 1105 1431; x_wconf 92' lang='lat' dir='ltr'><strong>solido</strong></span> <span class='ocrx_word' id='word_1_88' title='bbox 1116 1366 1189 1433; x_wconf 84' lang='lat' dir='ltr'><strong>fun-</strong></span> 
     </span>
     <span class='ocr_line' id='line_1_11' title="bbox 60 1476 1187 1565; baseline 0.007 -23"><span class='ocrx_word' id='word_1_89' title='bbox 60 1477 218 1560; x_wconf 85' lang='lat' dir='ltr'><strong>damento</strong></span> <span class='ocrx_word' id='word_1_90' title='bbox 234 1476 436 1542; x_wconf 88' lang='lat' dir='ltr'><strong>nonnititur.</strong></span> <span class='ocrx_word' id='word_1_91' title='bbox 451 1477 531 1542; x_wconf 90' lang='lat' dir='ltr'><strong>Nam</strong></span> <span class='ocrx_word' id='word_1_92' title='bbox 545 1484 614 1542; x_wconf 89' lang='lat' dir='ltr'><strong>tres</strong></span> <span class='ocrx_word' id='word_1_93' title='bbox 624 1478 706 1561; x_wconf 80' lang='lat' dir='ltr'><strong>legis</strong></span> <span class='ocrx_word' id='word_1_94' title='bbox 719 1485 842 1561; x_wconf 84' lang='lat' dir='ltr'><strong>textus,</strong></span> <span class='ocrx_word' id='word_1_95' title='bbox 854 1499 935 1565; x_wconf 91' lang='lat' dir='ltr'><strong>quos</strong></span> <span class='ocrx_word' id='word_1_96' title='bbox 950 1480 1129 1562; x_wconf 89' lang='lat' dir='ltr'><strong>adducunt,</strong></span> <span class='ocrx_word' id='word_1_97' title='bbox 1144 1483 1187 1550; x_wconf 92' lang='lat' dir='ltr'><strong>ad</strong></span> 
     </span>
     <span class='ocr_line' id='line_1_12' title="bbox 61 1591 1185 1683; baseline 0.005 -23"><span class='ocrx_word' id='word_1_98' title='bbox 61 1612 134 1660; x_wconf 89' lang='lat' dir='ltr'><strong>rem</strong></span> <span class='ocrx_word' id='word_1_99' title='bbox 148 1612 215 1659; x_wconf 94' lang='lat' dir='ltr'><strong>non</strong></span> <span class='ocrx_word' id='word_1_100' title='bbox 231 1591 364 1658; x_wconf 85' lang='lat' dir='ltr'><strong>iaciunt.</strong></span> <span class='ocrx_word' id='word_1_101' title='bbox 382 1593 509 1658; x_wconf 88' lang='lat' dir='ltr'><strong>Etenim</strong></span> <span class='ocrx_word' id='word_1_102' title='bbox 521 1593 555 1656; x_wconf 94' lang='lat' dir='ltr'><strong>in</strong></span> <span class='ocrx_word' id='word_1_103' title='bbox 571 1594 678 1678; x_wconf 91' lang='lat' dir='ltr'><strong>capite</strong></span> <span class='ocrx_word' id='word_1_104' title='bbox 690 1595 790 1660; x_wconf 88' lang='lat' dir='ltr'><strong>citato</strong></span> <span class='ocrx_word' id='word_1_105' title='bbox 805 1600 881 1660; x_wconf 85' lang='lat' dir='ltr'><strong>Cara</strong></span> <span class='ocrx_word' id='word_1_106' title='bbox 896 1602 1001 1677; x_wconf 80' lang='lat' dir='ltr'><strong>simos,</strong></span> <span class='ocrx_word' id='word_1_107' title='bbox 1020 1600 1128 1683; x_wconf 81' lang='lat' dir='ltr'><strong>agitur</strong></span> <span class='ocrx_word' id='word_1_108' title='bbox 1142 1599 1185 1666; x_wconf 90' lang='lat' dir='ltr'><strong>de</strong></span> 
     </span>
     <span class='ocr_line' id='line_1_13' title="bbox 63 1707 1188 1796; baseline 0.004 -21"><span class='ocrx_word' id='word_1_109' title='bbox 63 1727 243 1786; x_wconf 78' lang='lat' dir='ltr'><strong>ceconomo,</strong></span> <span class='ocrx_word' id='word_1_110' title='bbox 260 1707 380 1774; x_wconf 93' lang='lat' dir='ltr'><strong>nonde</strong></span> <span class='ocrx_word' id='word_1_111' title='bbox 397 1709 525 1775; x_wconf 90' lang='lat' dir='ltr'><strong>Vicario</strong></span> <span class='ocrx_word' id='word_1_112' title='bbox 536 1710 681 1792; x_wconf 88' lang='lat' dir='ltr'><strong>generali</strong></span> <span class='ocrx_word' id='word_1_113' title='bbox 697 1710 863 1796; x_wconf 90' lang='lat' dir='ltr'><strong>Episcopi;</strong></span> <span class='ocrx_word' id='word_1_114' title='bbox 878 1719 912 1778; x_wconf 92' lang='lat' dir='ltr'><strong>et</strong></span> <span class='ocrx_word' id='word_1_115' title='bbox 926 1721 1099 1796; x_wconf 79' lang='lat' dir='ltr'><strong>praterea,</strong></span> <span class='ocrx_word' id='word_1_116' title='bbox 1113 1733 1188 1779; x_wconf 95' lang='lat' dir='ltr'><strong>cum</strong></span> 
     </span>
     <span class='ocr_line' id='line_1_14' title="bbox 64 1825 1187 1913; baseline 0.001 -18"><span class='ocrx_word' id='word_1_117' title='bbox 64 1825 314 1909; x_wconf 81' lang='lat' dir='ltr'><strong>Metropolitum</strong></span> <span class='ocrx_word' id='word_1_118' title='bbox 329 1831 474 1908; x_wconf 92' lang='lat' dir='ltr'><strong>potestas</strong></span> <span class='ocrx_word' id='word_1_119' title='bbox 488 1825 565 1891; x_wconf 92' lang='lat' dir='ltr'><strong>olim</strong></span> <span class='ocrx_word' id='word_1_120' title='bbox 581 1826 686 1890; x_wconf 78' lang='lat' dir='ltr'><strong>mrdto</strong></span> <span class='ocrx_word' id='word_1_121' title='bbox 704 1825 808 1912; x_wconf 89' lang='lat' dir='ltr'><strong>major</strong></span> <span class='ocrx_word' id='word_1_122' title='bbox 829 1828 930 1894; x_wconf 88' lang='lat' dir='ltr'><strong>inerit</strong></span> <span class='ocrx_word' id='word_1_123' title='bbox 950 1837 984 1894; x_wconf 92' lang='lat' dir='ltr'><strong>et</strong></span> <span class='ocrx_word' id='word_1_124' title='bbox 1003 1838 1115 1913; x_wconf 92' lang='lat' dir='ltr'><strong>postea</strong></span> <span class='ocrx_word' id='word_1_125' title='bbox 1127 1831 1187 1896; x_wconf 90' lang='lat' dir='ltr'><strong>im-</strong></span> 
     </span>
     <span class='ocr_line' id='line_1_15' title="bbox 62 1940 1187 2029; baseline 0.004 -22"><span class='ocrx_word' id='word_1_126' title='bbox 62 1959 210 2007; x_wconf 85' lang='lat' dir='ltr'><strong>mensam</strong></span> <span class='ocrx_word' id='word_1_127' title='bbox 227 1940 484 2005; x_wconf 88' lang='lat' dir='ltr'><strong>immunitionem</strong></span> <span class='ocrx_word' id='word_1_128' title='bbox 497 1959 590 2023; x_wconf 91' lang='lat' dir='ltr'><strong>passa</strong></span> <span class='ocrx_word' id='word_1_129' title='bbox 607 1941 661 2029; x_wconf 87' lang='lat' dir='ltr'><strong>sit,</strong></span> <span class='ocrx_word' id='word_1_130' title='bbox 671 1962 736 2008; x_wconf 93' lang='lat' dir='ltr'><strong>non</strong></span> <span class='ocrx_word' id='word_1_131' title='bbox 750 1950 858 2025; x_wconf 92' lang='lat' dir='ltr'><strong>potest</strong></span> <span class='ocrx_word' id='word_1_132' title='bbox 868 1943 1062 2010; x_wconf 91' lang='lat' dir='ltr'><strong>hodiernum</strong></span> <span class='ocrx_word' id='word_1_133' title='bbox 1075 1945 1187 2012; x_wconf 78' lang='lat' dir='ltr'><strong>Archi-</strong></span> 
     </span>
     <span class='ocr_line' id='line_1_16' title="bbox 62 2055 1186 2144; baseline 0.004 -20"><span class='ocrx_word' id='word_1_134' title='bbox 62 2058 292 2143; x_wconf 84' lang='lat' dir='ltr'><strong>episcopornm</strong></span> <span class='ocrx_word' id='word_1_135' title='bbox 308 2055 372 2141; x_wconf 88' lang='lat' dir='ltr'><strong>jus,</strong></span> <span class='ocrx_word' id='word_1_136' title='bbox 395 2075 436 2121; x_wconf 83' lang='lat' dir='ltr'><strong>ex</strong></span> <span class='ocrx_word' id='word_1_137' title='bbox 460 2057 600 2143; x_wconf 84' lang='lat' dir='ltr'><strong>antiquis</strong></span> <span class='ocrx_word' id='word_1_138' title='bbox 625 2057 688 2123; x_wconf 90' lang='lat' dir='ltr'><strong>illis</strong></span> <span class='ocrx_word' id='word_1_139' title='bbox 716 2056 944 2139; x_wconf 68' lang='lat' dir='ltr'><strong>decretalibus</strong></span> <span class='ocrx_word' id='word_1_140' title='bbox 965 2061 998 2125; x_wconf 94' lang='lat' dir='ltr'><strong>in</strong></span> <span class='ocrx_word' id='word_1_141' title='bbox 1019 2063 1186 2144; x_wconf 78' lang='lat' dir='ltr'><strong>gratianea</strong></span> 
     </span>
     <span class='ocr_line' id='line_1_17' title="bbox 62 2172 1182 2270; baseline 0.005 -32"><span class='ocrx_word' id='word_1_142' title='bbox 62 2172 235 2239; x_wconf 85' lang='lat' dir='ltr'><strong>dumtaxat</strong></span> <span class='ocrx_word' id='word_1_143' title='bbox 258 2172 462 2251; x_wconf 81' lang='lat' dir='ltr'><strong>collectione,</strong></span> <span class='ocrx_word' id='word_1_144' title='bbox 480 2190 546 2237; x_wconf 93' lang='lat' dir='ltr'><strong>non</strong></span> <span class='ocrx_word' id='word_1_145' title='bbox 564 2180 675 2238; x_wconf 91' lang='lat' dir='ltr'><strong>autem</strong></span> <span class='ocrx_word' id='word_1_146' title='bbox 696 2175 728 2237; x_wconf 92' lang='lat' dir='ltr'><strong>in</strong></span> <span class='ocrx_word' id='word_1_147' title='bbox 753 2174 942 2242; x_wconf 86' lang='lat' dir='ltr'><strong>collectione</strong></span> <span class='ocrx_word' id='word_1_148' title='bbox 962 2177 1109 2261; x_wconf 83' lang='lat' dir='ltr'><strong>Gregorii</strong></span> <span class='ocrx_word' id='word_1_149' title='bbox 1127 2181 1182 2270; x_wconf 83' lang='lat' dir='ltr'><strong>IX,</strong></span> 
     </span>
     <span class='ocr_line' id='line_1_18' title="bbox 17 2287 1185 2376; baseline 0.007 -23"><span class='ocrx_word' id='word_1_150' title='bbox 17 2297 20 2303; x_wconf 88' lang='lat'>&#39;</span> <span class='ocrx_word' id='word_1_151' title='bbox 63 2288 247 2367; x_wconf 89' lang='lat' dir='ltr'><strong>contentis,</strong></span> <span class='ocrx_word' id='word_1_152' title='bbox 272 2287 426 2353; x_wconf 85' lang='lat' dir='ltr'><strong>diraetiri.</strong></span> <span class='ocrx_word' id='word_1_153' title='bbox 452 2289 530 2370; x_wconf 88' lang='lat' dir='ltr'><strong>Quae</strong></span> <span class='ocrx_word' id='word_1_154' title='bbox 558 2288 701 2354; x_wconf 88' lang='lat' dir='ltr'><strong>rationes</strong></span> <span class='ocrx_word' id='word_1_155' title='bbox 736 2291 899 2374; x_wconf 80' lang='lat' dir='ltr'><strong>attingunt</strong></span> <span class='ocrx_word' id='word_1_156' title='bbox 929 2293 1051 2376; x_wconf 90' lang='lat' dir='ltr'><strong>pariter</strong></span> <span class='ocrx_word' id='word_1_157' title='bbox 1085 2295 1185 2361; x_wconf 90' lang='lat' dir='ltr'><strong>alium</strong></span> 
     </span>
     <span class='ocr_line' id='line_1_19' title="bbox 61 2403 1179 2493; baseline 0.005 -22"><span class='ocrx_word' id='word_1_158' title='bbox 61 2425 80 2471; x_wconf 90' lang='lat' dir='ltr'><strong>a</strong></span> <span class='ocrx_word' id='word_1_159' title='bbox 104 2404 202 2470; x_wconf 88' lang='lat' dir='ltr'><strong>dictis</strong></span> <span class='ocrx_word' id='word_1_160' title='bbox 230 2403 400 2469; x_wconf 90' lang='lat' dir='ltr'><strong>canonistis</strong></span> <span class='ocrx_word' id='word_1_161' title='bbox 426 2405 558 2470; x_wconf 89' lang='lat' dir='ltr'><strong>citatum</strong></span> <span class='ocrx_word' id='word_1_162' title='bbox 585 2412 723 2484; x_wconf 80' lang='lat' dir='ltr'><strong>textum,</strong></span> <span class='ocrx_word' id='word_1_163' title='bbox 755 2413 853 2491; x_wconf 90' lang='lat' dir='ltr'><strong>caput</strong></span> <span class='ocrx_word' id='word_1_164' title='bbox 876 2427 995 2493; x_wconf 90' lang='lat' dir='ltr'><strong>nempe</strong></span> <span class='ocrx_word' id='word_1_165' title='bbox 1013 2413 1100 2474; x_wconf 86' lang='lat' dir='ltr'><strong>Novo</strong></span> <span class='ocrx_word' id='word_1_166' title='bbox 1126 2413 1179 2492; x_wconf 84' lang='lat'><strong>16,</strong></span> 
     </span>
     <span class='ocr_line' id='line_1_20' title="bbox 61 2519 1185 2610; baseline 0.006 -23"><span class='ocrx_word' id='word_1_167' title='bbox 61 2523 93 2608; x_wconf 92' lang='lat' dir='ltr'><strong>q.</strong></span> <span class='ocrx_word' id='word_1_168' title='bbox 111 2530 143 2606; x_wconf 80' lang='lat'><strong>73</strong></span> <span class='ocrx_word' id='word_1_169' title='bbox 163 2519 346 2587; x_wconf 89' lang='lat' dir='ltr'><strong>desumitur</strong></span> <span class='ocrx_word' id='word_1_170' title='bbox 364 2522 450 2586; x_wconf 91' lang='lat' dir='ltr'><strong>enim</strong></span> <span class='ocrx_word' id='word_1_171' title='bbox 469 2521 595 2605; x_wconf 90' lang='lat' dir='ltr'><strong>pariter</strong></span> <span class='ocrx_word' id='word_1_172' title='bbox 619 2542 659 2587; x_wconf 84' lang='lat' dir='ltr'><strong>ex</strong></span> <span class='ocrx_word' id='word_1_173' title='bbox 680 2523 870 2589; x_wconf 88' lang='lat' dir='ltr'><strong>collectione</strong></span> <span class='ocrx_word' id='word_1_174' title='bbox 890 2524 1047 2603; x_wconf 87' lang='lat' dir='ltr'><strong>Gratiani,</strong></span> <span class='ocrx_word' id='word_1_175' title='bbox 1067 2534 1101 2591; x_wconf 94' lang='lat' dir='ltr'><strong>et</strong></span> <span class='ocrx_word' id='word_1_176' title='bbox 1118 2528 1185 2610; x_wconf 76' lang='lat' dir='ltr'><strong>agit</strong></span> 
     </span>
     <span class='ocr_line' id='line_1_21' title="bbox 60 2636 1186 2722; baseline 0.005 -20"><span class='ocrx_word' id='word_1_177' title='bbox 60 2637 231 2704; x_wconf 83' lang='lat' dir='ltr'><strong>dumtaxat</strong></span> <span class='ocrx_word' id='word_1_178' title='bbox 258 2636 301 2702; x_wconf 90' lang='lat' dir='ltr'><strong>de</strong></span> <span class='ocrx_word' id='word_1_179' title='bbox 325 2656 507 2703; x_wconf 89' lang='lat' dir='ltr'><strong>oeconomo.</strong></span> <span class='ocrx_word' id='word_1_180' title='bbox 526 2637 670 2703; x_wconf 86' lang='lat' dir='ltr'><strong>Tandem</strong></span> <span class='ocrx_word' id='word_1_181' title='bbox 692 2647 791 2722; x_wconf 88' lang='lat' dir='ltr'><strong>capnt</strong></span> <span class='ocrx_word' id='word_1_182' title='bbox 816 2642 867 2718; x_wconf 88' lang='grc'><strong>16,</strong></span> <span class='ocrx_word' id='word_1_183' title='bbox 886 2641 1034 2706; x_wconf 91' lang='lat' dir='ltr'><strong>sessionis</strong></span> <span class='ocrx_word' id='word_1_184' title='bbox 1056 2643 1095 2706; x_wconf 78' lang='lat'><strong>24</strong></span> <span class='ocrx_word' id='word_1_185' title='bbox 1117 2644 1186 2708; x_wconf 87' lang='lat' dir='ltr'><strong>Tri-</strong></span> 
     </span>
     <span class='ocr_line' id='line_1_22' title="bbox 59 2752 1183 2839; baseline 0.004 -19"><span class='ocrx_word' id='word_1_186' title='bbox 59 2753 201 2820; x_wconf 77' lang='lat' dir='ltr'><strong>dentium</strong></span> <span class='ocrx_word' id='word_1_187' title='bbox 221 2752 353 2839; x_wconf 80' lang='lat' dir='ltr'><strong>Synodi,</strong></span> <span class='ocrx_word' id='word_1_188' title='bbox 382 2755 448 2839; x_wconf 81' lang='lat' dir='ltr'><strong>agit</strong></span> <span class='ocrx_word' id='word_1_189' title='bbox 464 2754 507 2819; x_wconf 92' lang='lat' dir='ltr'><strong>de</strong></span> <span class='ocrx_word' id='word_1_190' title='bbox 527 2755 654 2820; x_wconf 84' lang='lat' dir='ltr'><strong>Vicario</strong></span> <span class='ocrx_word' id='word_1_191' title='bbox 675 2755 855 2838; x_wconf 82' lang='lat' dir='ltr'><strong>capitulari,</strong></span> <span class='ocrx_word' id='word_1_192' title='bbox 875 2754 953 2820; x_wconf 87' lang='lat' dir='ltr'><strong>sede</strong></span> <span class='ocrx_word' id='word_1_193' title='bbox 983 2765 1130 2835; x_wconf 91' lang='lat' dir='ltr'><strong>vacante,</strong></span> <span class='ocrx_word' id='word_1_194' title='bbox 1164 2780 1183 2825; x_wconf 92' lang='lat' dir='ltr'><strong>a</strong></span> 
     </span>
     <span class='ocr_line' id='line_1_23' title="bbox 59 2869 1182 2962; baseline 0.004 -26"><span class='ocrx_word' id='word_1_195' title='bbox 59 2870 227 2937; x_wconf 82' lang='lat' dir='ltr'><strong>Canonicis</strong></span> <span class='ocrx_word' id='word_1_196' title='bbox 257 2869 463 2962; x_wconf 80' lang='lat' dir='ltr'><strong>deputand03</strong></span> <span class='ocrx_word' id='word_1_197' title='bbox 491 2870 585 2956; x_wconf 88' lang='lat' dir='ltr'><strong>cujus</strong></span> <span class='ocrx_word' id='word_1_198' title='bbox 616 2872 802 2949; x_wconf 89' lang='lat' dir='ltr'><strong>nominatio,</strong></span> <span class='ocrx_word' id='word_1_199' title='bbox 833 2873 859 2936; x_wconf 89' lang='lat' dir='ltr'><strong>si</strong></span> <span class='ocrx_word' id='word_1_200' title='bbox 889 2880 1038 2955; x_wconf 89' lang='lat' dir='ltr'><strong>tempore</strong></span> <span class='ocrx_word' id='word_1_201' title='bbox 1069 2873 1182 2940; x_wconf 89' lang='lat' dir='ltr'><strong>debito</strong></span> 
     </span>
     <span class='ocr_line' id='line_1_24' title="bbox 56 2986 1183 3073; baseline 0.004 -21"><span class='ocrx_word' id='word_1_202' title='bbox 56 3007 118 3073; x_wconf 92' lang='lat' dir='ltr'><strong>per</strong></span> <span class='ocrx_word' id='word_1_203' title='bbox 133 2987 317 3070; x_wconf 80' lang='lat' dir='ltr'><strong>Capitulum</strong></span> <span class='ocrx_word' id='word_1_204' title='bbox 333 3007 398 3054; x_wconf 93' lang='lat' dir='ltr'><strong>non</strong></span> <span class='ocrx_word' id='word_1_205' title='bbox 414 2986 616 3072; x_wconf 81' lang='lat' dir='ltr'><strong>expediatur,</strong></span> <span class='ocrx_word' id='word_1_206' title='bbox 626 2986 668 3052; x_wconf 90' lang='lat' dir='ltr'><strong>ad</strong></span> <span class='ocrx_word' id='word_1_207' title='bbox 682 2988 969 3072; x_wconf 89' lang='lat' dir='ltr'><strong>Metropolitanum</strong></span> <span class='ocrx_word' id='word_1_208' title='bbox 981 2987 1183 3066; x_wconf 70' lang='lat' dir='ltr'><strong>devolvitur,</strong></span> 
     </span>
     <span class='ocr_line' id='line_1_25' title="bbox 56 3101 1181 3188; baseline 0.003 -19"><span class='ocrx_word' id='word_1_209' title='bbox 56 3102 120 3169; x_wconf 87' lang='lat' dir='ltr'><strong>Sed</strong></span> <span class='ocrx_word' id='word_1_210' title='bbox 137 3101 180 3168; x_wconf 90' lang='lat' dir='ltr'><strong>de</strong></span> <span class='ocrx_word' id='word_1_211' title='bbox 192 3102 321 3169; x_wconf 88' lang='lat' dir='ltr'><strong>Vicario</strong></span> <span class='ocrx_word' id='word_1_212' title='bbox 339 3103 485 3187; x_wconf 82' lang='lat' dir='ltr'><strong>generali</strong></span> <span class='ocrx_word' id='word_1_213' title='bbox 493 3103 652 3187; x_wconf 87' lang='lat' dir='ltr'><strong>Episcopi,</strong></span> <span class='ocrx_word' id='word_1_214' title='bbox 667 3123 708 3168; x_wconf 87' lang='lat' dir='ltr'><strong>ne</strong></span> <span class='ocrx_word' id='word_1_215' title='bbox 722 3103 824 3170; x_wconf 84' lang='lat' dir='ltr'><strong>verbo</strong></span> <span class='ocrx_word' id='word_1_216' title='bbox 838 3103 972 3188; x_wconf 90' lang='lat' dir='ltr'><strong>quidem</strong></span> <span class='ocrx_word' id='word_1_217' title='bbox 985 3105 1018 3169; x_wconf 94' lang='lat' dir='ltr'><strong>in</strong></span> <span class='ocrx_word' id='word_1_218' title='bbox 1031 3110 1103 3170; x_wconf 92' lang='lat' dir='ltr'><strong>toto</strong></span> <span class='ocrx_word' id='word_1_219' title='bbox 1119 3107 1181 3172; x_wconf 91' lang='lat' dir='ltr'><strong>hoc</strong></span> 
     </span>
     <span class='ocr_line' id='line_1_26' title="bbox 56 3217 1181 3304; baseline 0.004 -20"><span class='ocrx_word' id='word_1_220' title='bbox 56 3220 165 3303; x_wconf 85' lang='lat' dir='ltr'><strong>capite</strong></span> <span class='ocrx_word' id='word_1_221' title='bbox 176 3217 353 3304; x_wconf 92' lang='lat' dir='ltr'><strong>quidquam</strong></span> <span class='ocrx_word' id='word_1_222' title='bbox 366 3219 557 3284; x_wconf 88' lang='lat' dir='ltr'><strong>insinnatur.</strong></span> <span class='ocrx_word' id='word_1_223' title='bbox 577 3219 707 3285; x_wconf 87' lang='lat' dir='ltr'><strong>Corruit</strong></span> <span class='ocrx_word' id='word_1_224' title='bbox 722 3237 801 3303; x_wconf 83' lang='lat' dir='ltr'><strong>ergo</strong></span> <span class='ocrx_word' id='word_1_225' title='bbox 820 3218 914 3285; x_wconf 66' lang='lat' dir='ltr'><strong>diotae</strong></span> <span class='ocrx_word' id='word_1_226' title='bbox 934 3220 1092 3304; x_wconf 89' lang='lat' dir='ltr'><strong>opinionis</strong></span> <span class='ocrx_word' id='word_1_227' title='bbox 1106 3221 1181 3289; x_wconf 86' lang='lat' dir='ltr'><strong>fun·</strong></span> 
     </span>
     <span class='ocr_line' id='line_1_27' title="bbox 54 3335 880 3402; baseline 0 0"><span class='ocrx_word' id='word_1_228' title='bbox 54 3335 259 3402; x_wconf 91' lang='lat' dir='ltr'><strong>damentum.</strong></span> <span class='ocrx_word' id='word_1_229' title='bbox 877 3346 880 3352; x_wconf 84' lang='lat'>&#39;</span> 
     </span>
    </p>

    <p class='ocr_par' dir='ltr' id='par_1_4' title="bbox 50 3451 1181 4477">
     <span class='ocr_line' id='line_1_28' title="bbox 100 3451 1181 3540; baseline 0.006 -24"><span class='ocrx_word' id='word_1_230' title='bbox 100 3453 137 3516; x_wconf 82' lang='lat'><strong>4⁰</strong></span> <span class='ocrx_word' id='word_1_231' title='bbox 150 3452 231 3517; x_wconf 88' lang='lat' dir='ltr'><strong>Cum</strong></span> <span class='ocrx_word' id='word_1_232' title='bbox 250 3451 379 3518; x_wconf 90' lang='lat' dir='ltr'><strong>aliunde</strong></span> <span class='ocrx_word' id='word_1_233' title='bbox 405 3459 534 3517; x_wconf 87' lang='lat' dir='ltr'><strong>certum</strong></span> <span class='ocrx_word' id='word_1_234' title='bbox 548 3453 590 3517; x_wconf 89' lang='lat' dir='ltr'><strong>sit</strong></span> <span class='ocrx_word' id='word_1_235' title='bbox 607 3452 806 3536; x_wconf 89' lang='lat' dir='ltr'><strong>Principium</strong></span> <span class='ocrx_word' id='word_1_236' title='bbox 832 3454 997 3536; x_wconf 87' lang='lat' dir='ltr'><strong>generale,</strong></span> <span class='ocrx_word' id='word_1_237' title='bbox 1013 3454 1181 3540; x_wconf 81' lang='lat' dir='ltr'><strong>Archiepi·</strong></span> 
     </span>
     <span class='ocr_line' id='line_1_29' title="bbox 53 3566 1179 3656; baseline 0.002 -21"><span class='ocrx_word' id='word_1_238' title='bbox 53 3587 155 3653; x_wconf 86' lang='lat' dir='ltr'><strong>scopo</strong></span> <span class='ocrx_word' id='word_1_239' title='bbox 182 3587 247 3633; x_wconf 92' lang='lat' dir='ltr'><strong>non</strong></span> <span class='ocrx_word' id='word_1_240' title='bbox 262 3576 448 3651; x_wconf 88' lang='lat' dir='ltr'><strong>competere</strong></span> <span class='ocrx_word' id='word_1_241' title='bbox 472 3568 505 3632; x_wconf 90' lang='lat' dir='ltr'><strong>in</strong></span> <span class='ocrx_word' id='word_1_242' title='bbox 530 3566 725 3633; x_wconf 87' lang='lat' dir='ltr'><strong>dioeoesibus</strong></span> <span class='ocrx_word' id='word_1_243' title='bbox 743 3568 1020 3652; x_wconf 86' lang='lat' dir='ltr'><strong>suffraganeorum</strong></span> <span class='ocrx_word' id='word_1_244' title='bbox 1047 3570 1179 3656; x_wconf 86' lang='lat' dir='ltr'><strong>jurisdi-</strong></span> 
     </span>
     <span class='ocr_line' id='line_1_30' title="bbox 53 3683 1178 3770; baseline 0.002 -18"><span class='ocrx_word' id='word_1_245' title='bbox 53 3687 207 3763; x_wconf 89' lang='lat' dir='ltr'><strong>ctionem,</strong></span> <span class='ocrx_word' id='word_1_246' title='bbox 226 3683 487 3751; x_wconf 90' lang='lat' dir='ltr'><strong>concludendum</strong></span> <span class='ocrx_word' id='word_1_247' title='bbox 501 3686 621 3769; x_wconf 91' lang='lat' dir='ltr'><strong>potius,</strong></span> <span class='ocrx_word' id='word_1_248' title='bbox 645 3687 679 3750; x_wconf 93' lang='lat' dir='ltr'><strong>in</strong></span> <span class='ocrx_word' id='word_1_249' title='bbox 695 3686 786 3752; x_wconf 91' lang='lat' dir='ltr'><strong>nullo</strong></span> <span class='ocrx_word' id='word_1_250' title='bbox 812 3705 888 3752; x_wconf 92' lang='lat' dir='ltr'><strong>casu</strong></span> <span class='ocrx_word' id='word_1_251' title='bbox 905 3705 999 3770; x_wconf 90' lang='lat' dir='ltr'><strong>posse</strong></span> <span class='ocrx_word' id='word_1_252' title='bbox 1015 3689 1178 3754; x_wconf 75' lang='lat' dir='ltr'><strong>vicarium</strong></span> 
     </span>
     <span class='ocr_line' id='line_1_31' title="bbox 51 3802 1177 3888; baseline 0.002 -20"><span class='ocrx_word' id='word_1_253' title='bbox 51 3803 243 3888; x_wconf 86' lang='lat' dir='ltr'><strong>generalem</strong></span> <span class='ocrx_word' id='word_1_254' title='bbox 261 3802 410 3886; x_wconf 91' lang='lat' dir='ltr'><strong>Episcopi</strong></span> <span class='ocrx_word' id='word_1_255' title='bbox 428 3823 446 3867; x_wconf 91' lang='lat' dir='ltr'><strong>a</strong></span> <span class='ocrx_word' id='word_1_256' title='bbox 465 3802 714 3886; x_wconf 90' lang='lat' dir='ltr'><strong>Metropolitano</strong></span> <span class='ocrx_word' id='word_1_257' title='bbox 729 3803 891 3867; x_wconf 87' lang='lat' dir='ltr'><strong>constitui.</strong></span> <span class='ocrx_word' id='word_1_258' title='bbox 911 3805 952 3868; x_wconf 94' lang='lat' dir='ltr'><strong>Et</strong></span> <span class='ocrx_word' id='word_1_259' title='bbox 972 3811 1062 3868; x_wconf 87' lang='lat' dir='ltr'><strong>certe</strong></span> <span class='ocrx_word' id='word_1_260' title='bbox 1078 3802 1177 3870; x_wconf 90' lang='lat' dir='ltr'><strong>dubia</strong></span> 
     </span>
     <span class='ocr_line' id='line_1_32' title="bbox 52 3917 1176 4004; baseline 0 -18"><span class='ocrx_word' id='word_1_261' title='bbox 52 3920 171 3986; x_wconf 87' lang='lat' dir='ltr'><strong>saltem</strong></span> <span class='ocrx_word' id='word_1_262' title='bbox 182 3925 266 3984; x_wconf 87' lang='lat' dir='ltr'><strong>esset</strong></span> <span class='ocrx_word' id='word_1_263' title='bbox 289 3917 449 4003; x_wconf 87' lang='lat' dir='ltr'><strong>ejusmodi</strong></span> <span class='ocrx_word' id='word_1_264' title='bbox 457 3918 575 3983; x_wconf 82' lang='lat' dir='ltr'><strong>Vicarii</strong></span> <span class='ocrx_word' id='word_1_265' title='bbox 587 3918 750 4002; x_wconf 88' lang='lat' dir='ltr'><strong>generalis</strong></span> <span class='ocrx_word' id='word_1_266' title='bbox 761 3917 949 4004; x_wconf 89' lang='lat' dir='ltr'><strong>jurisdictio</strong></span> <span class='ocrx_word' id='word_1_267' title='bbox 961 3941 968 4003; x_wconf 91' lang='lat'>;</span> <span class='ocrx_word' id='word_1_268' title='bbox 991 3936 1057 4002; x_wconf 94' lang='lat' dir='ltr'><strong>quo</strong></span> <span class='ocrx_word' id='word_1_269' title='bbox 1070 3918 1176 3986; x_wconf 91' lang='lat' dir='ltr'><strong>solum</strong></span> 
     </span>
     <span class='ocr_line' id='line_1_33' title="bbox 51 4032 1176 4120; baseline 0.001 -21"><span class='ocrx_word' id='word_1_270' title='bbox 51 4035 171 4120; x_wconf 90' lang='lat' dir='ltr'><strong>posito,</strong></span> <span class='ocrx_word' id='word_1_271' title='bbox 187 4033 221 4097; x_wconf 93' lang='lat' dir='ltr'><strong>in</strong></span> <span class='ocrx_word' id='word_1_272' title='bbox 232 4035 324 4118; x_wconf 81' lang='lat' dir='ltr'><strong>praxi</strong></span> <span class='ocrx_word' id='word_1_273' title='bbox 338 4052 414 4098; x_wconf 92' lang='lat' dir='ltr'><strong>eum</strong></span> <span class='ocrx_word' id='word_1_274' title='bbox 425 4034 623 4100; x_wconf 90' lang='lat' dir='ltr'><strong>constituere</strong></span> <span class='ocrx_word' id='word_1_275' title='bbox 632 4034 777 4119; x_wconf 89' lang='lat' dir='ltr'><strong>nequibit</strong></span> <span class='ocrx_word' id='word_1_276' title='bbox 786 4033 1070 4118; x_wconf 85' lang='lat' dir='ltr'><strong>Archiepiscopus.</strong></span> <span class='ocrx_word' id='word_1_277' title='bbox 1080 4032 1176 4100; x_wconf 93' lang='lat' dir='ltr'><strong>Unde</strong></span> 
     </span>
     <span class='ocr_line' id='line_1_34' title="bbox 50 4152 1177 4238; baseline 0 -17"><span class='ocrx_word' id='word_1_278' title='bbox 50 4157 86 4221; x_wconf 90' lang='lat' dir='ltr'><strong>in</strong></span> <span class='ocrx_word' id='word_1_279' title='bbox 99 4172 176 4219; x_wconf 87' lang='lat' dir='ltr'><strong>casu</strong></span> <span class='ocrx_word' id='word_1_280' title='bbox 197 4171 263 4238; x_wconf 92' lang='lat' dir='ltr'><strong>quo</strong></span> <span class='ocrx_word' id='word_1_281' title='bbox 284 4152 505 4238; x_wconf 86' lang='lat' dir='ltr'><strong>suffraganeus</strong></span> <span class='ocrx_word' id='word_1_282' title='bbox 518 4159 672 4220; x_wconf 89' lang='lat' dir='ltr'><strong>teneatur</strong></span> <span class='ocrx_word' id='word_1_283' title='bbox 685 4161 719 4218; x_wconf 90' lang='lat' dir='ltr'><strong>et</strong></span> <span class='ocrx_word' id='word_1_284' title='bbox 740 4154 881 4237; x_wconf 83' lang='lat' dir='ltr'><strong>negligat</strong></span> <span class='ocrx_word' id='word_1_285' title='bbox 897 4154 1061 4219; x_wconf 90' lang='lat' dir='ltr'><strong>Vicarium</strong></span> <span class='ocrx_word' id='word_1_286' title='bbox 1077 4173 1177 4238; x_wconf 84' lang='lat' dir='ltr'><strong>gene-</strong></span> 
     </span>
     <span class='ocr_line' id='line_1_35' title="bbox 51 4269 1176 4356; baseline 0.002 -20"><span class='ocrx_word' id='word_1_287' title='bbox 51 4270 157 4336; x_wconf 87' lang='lat' dir='ltr'><strong>ralem</strong></span> <span class='ocrx_word' id='word_1_288' title='bbox 177 4269 237 4334; x_wconf 88' lang='lat' dir='ltr'><strong>sibi</strong></span> <span class='ocrx_word' id='word_1_289' title='bbox 255 4287 430 4346; x_wconf 90' lang='lat' dir='ltr'><strong>assumere,</strong></span> <span class='ocrx_word' id='word_1_290' title='bbox 449 4269 506 4335; x_wconf 88' lang='lat' dir='ltr'><strong>fiat</strong></span> <span class='ocrx_word' id='word_1_291' title='bbox 533 4270 601 4335; x_wconf 86' lang='lat' dir='ltr'><strong>sive</strong></span> <span class='ocrx_word' id='word_1_292' title='bbox 624 4289 685 4353; x_wconf 91' lang='lat' dir='ltr'><strong>per</strong></span> <span class='ocrx_word' id='word_1_293' title='bbox 700 4271 997 4353; x_wconf 89' lang='lat' dir='ltr'><strong>Metropolitanum,</strong></span> <span class='ocrx_word' id='word_1_294' title='bbox 1017 4271 1084 4336; x_wconf 86' lang='lat' dir='ltr'><strong>sive</strong></span> <span class='ocrx_word' id='word_1_295' title='bbox 1115 4291 1176 4356; x_wconf 90' lang='lat' dir='ltr'><strong>per</strong></span> 
     </span>
     <span class='ocr_line' id='line_1_36' title="bbox 51 4385 1176 4477; baseline 0.004 -22"><span class='ocrx_word' id='word_1_296' title='bbox 51 4389 133 4455; x_wconf 89' lang='lat' dir='ltr'><strong>alios</strong></span> <span class='ocrx_word' id='word_1_297' title='bbox 147 4385 322 4456; x_wconf 83' lang='lat' dir='ltr'><strong>adsedem</strong></span> <span class='ocrx_word' id='word_1_298' title='bbox 336 4386 551 4471; x_wconf 75' lang='lat' dir='ltr'><strong>apostolicam</strong></span> <span class='ocrx_word' id='word_1_299' title='bbox 568 4387 703 4472; x_wconf 73' lang='lat' dir='ltr'><strong>relatio,</strong></span> <span class='ocrx_word' id='word_1_300' title='bbox 720 4395 754 4457; x_wconf 91' lang='lat' dir='ltr'><strong>et</strong></span> <span class='ocrx_word' id='word_1_301' title='bbox 771 4388 817 4455; x_wconf 87' lang='lat' dir='ltr'><strong>sio</strong></span> <span class='ocrx_word' id='word_1_302' title='bbox 834 4386 1012 4477; x_wconf 89' lang='lat' dir='ltr'><strong>deputatus</strong></span> <span class='ocrx_word' id='word_1_303' title='bbox 1031 4389 1176 4459; x_wconf 84' lang='lat' dir='ltr'><strong>auctori·</strong></span> 
     </span>
    </p>
   </div>
   <div class='ocr_carea' id='block_1_3' title="bbox 0 0 1362 4980">
    <p class='ocr_par' dir='ltr' id='par_1_5' title="bbox 0 0 1362 4980">
     <span class='ocr_line' id='line_1_37' title="bbox 0 0 1362 4980; baseline 0 4"><span class='ocrx_word' id='word_1_304' title='bbox 0 0 1362 4980; x_wconf 95' lang='lat' dir='ltr'><strong> </strong></span> 
     </span>
    </p>
   </div>
  </div>
 </body>
</html>
