2714 4980
539 299 619 348 rias
639 299 754 348 amna.
1150 285 1213 350 toa
1320 352 1322 356 Α

95 421 225 495 clericis
239 421 367 488 licitum
383 421 573 488 illicitumre
591 421 690 502 foret,
707 421 815 508 qumd
831 424 1053 506 procuratoris
1067 430 1103 489 et
1116 421 1217 490 adro-

95 537 155 602 uati
172 535 327 602 officium.
346 537 432 620 Ergo
451 537 543 602 nulla
561 544 612 603 est
625 538 719 616 ratio,
739 556 799 603 cur
816 535 911 604 dicta
925 535 998 602 duae
1014 536 1212 616 decretales,

95 651 192 719 itiam
203 650 302 717 bodie
316 669 378 735 pro
385 651 513 736 legibus
525 651 712 736 vigentibus
723 659 757 718 et
767 651 822 738 jus
833 671 1005 719 commune
1019 649 1216 719 constituen-

95 766 192 845 ibus,
208 785 275 832 non
288 765 479 833 habeantur.

126 882 302 949 Hinctota
317 885 452 967 questio
470 882 639 950 commode
649 887 759 968 potest
772 882 815 948 ad
828 883 887 950 bos
904 886 1061 950 terminos
1078 882 1210 949 reduci:

95 996 172 1082 [nid
188 999 315 1064 lioitum
325 997 384 1063 fiat
406 998 544 1078 clericis,
560 999 668 1084 proad
686 1000 907 1083 procuratoris
924 1007 960 1064 et
976 998 1128 1066 advocati
1145 998 1213 1065 offi-

95 1112 191 1190 ium,
210 1130 273 1195 per
283 1112 466 1180 decretales
481 1119 592 1180 Clerici
603 1120 638 1182 et
654 1120 730 1180 Cam
743 1119 929 1179 sacerdotis?
942 1113 981 1181 Id
997 1116 1084 1181 enim
1097 1113 1210 1180 deter-

95 1229 233 1307 ninare,
248 1238 300 1296 est
314 1229 368 1315 J‘us
379 1231 486 1315 ipsum
502 1250 674 1298 commune
690 1231 869 1326 hodiedum
882 1233 995 1315 vigens
1008 1230 1207 1297 describere.

625 1479 685 1544 111.

120 1710 224 1763 curat
236 1711 372 1763 masura
385 1711 416 1761 tu
426 1710 573 1763 minantur
586 1713 732 1769 comitiari,
750 1725 788 1762 aa
801 1717 825 1764 at
836 1712 866 1764 ta
880 1725 931 1778 quo
944 1711 1005 1777 foro
1015 1712 1117 1776 pentat
1128 1724 1180 1765 ma

473 1810 662 1869 procuratores
676 1810 700 1856 et
714 1807 845 1858 waoeota'.

136 2036 172 2100 1⁰
189 2035 1212 2118 Repubtritcrpossaatassaaduocaticorcmjudtoeecclesiastico.-

95 2152 172 2221 tam
183 2155 237 2215 cst
251 2151 445 2234 principium
460 2157 598 2229 certum,
611 2157 646 2216 et
659 2149 701 2215 ab
716 2148 877 2226 omnibus,
889 2146 1073 2228 admissum,
1088 2168 1209 2228 omnes,

95 2267 148 2352 pai
164 2264 242 2351 jure
256 2285 321 2334 turn
342 2266 572 2350 prohibentur,
591 2267 731 2351 possein
746 2265 920 2333 advocatos
936 2267 1079 2335 assumi:
1096 2266 1213 2332 nullibi

95 2385 204 2449 autem
217 2378 331 2465 injure
344 2381 490 2448 occurrit
501 2381 711 2464 prohibitum,
726 2399 769 2445 ne
779 2379 977 2446 diaticlerici
986 2379 1211 2466 coramjudice

95 2496 310 2567 aeclesiastico
326 2497 362 2565 id
383 2499 529 2563 muneris
551 2497 683 2565 obeant.
712 2497 880 2562 Praeterea
909 2496 953 2582 (in
980 2497 1081 2563 citato
1104 2498 1211 2581 capite

95 2614 203 2683 Clerici
215 2614 245 2690 l,
262 2611 350 2679 tituli
363 2615 419 2692 37,
436 2612 514 2683 libri
529 2615 542 2678 1
560 2609 785 2696 decretalium)
804 2609 937 2705 dicitur,
952 2631 994 2677 ne
1013 2620 1213 2695 presumant

95 2723 243 2801 advocati
254 2724 328 2791 lieri
345 2747 445 2792 coram
463 2729 735 2810 secobrijuda'ce:
750 2745 821 2812 quae
836 2726 941 2793 verba
960 2732 1075 2810 aperte
1092 2744 1210 2810 suppo-

95 2848 175 2907 nunt
186 2840 267 2907 nibil
284 2840 424 2922 officere,
445 2844 524 2928 quain
542 2842 717 2910 advocatos
737 2847 833 2926 agant
850 2861 959 2908 coram
976 2840 1089 2927 judice
1106 2842 1211 2908 ecole-

95 2954 236 3040 siaatico;
249 2956 391 3042 doquin
416 2958 503 3025 enim
530 2956 644 3025 addita
661 2977 727 3024 non
748 2957 885 3025 fuissent
910 2956 1012 3024 rerba
1032 2957 1087 3023 illa
1107 2977 1209 3020 aarum

95 3075 230 3139 sambra·
238 3077 363 3156 pedica·
378 3071 438 3140 sed
456 3075 688 3145 universaliter
714 3093 851 3141 munere
869 3070 1020 3140 advocati
1038 3069 1210 3137 interdicti

95 3183 239 3255 tuissent.
257 3185 503 3255 Gondusionem
514 3188 649 3255 undem
664 3187 837 3254 confirmat
852 3185 1031 3253 communis
1048 3185 1209 3251 sententia

95 3305 342 3384 canonistarum,
360 3312 398 3372 ut
409 3296 526 3371 'videre
543 3311 594 3373 est
614 3307 649 3373 in
674 3324 788 3375 eorum
810 3305 1051 3371 commentariis
1075 3304 1110 3369 in
1129 3304 1208 3369 titu-

95 3416 157 3487 tum
175 3422 233 3499 34,
261 3421 338 3487 libri
353 3423 366 3487 1
387 3420 611 3488 decretalium.
640 3422 813 3488 Posuimus
826 3428 937 3488 tamen
951 3421 987 3487 in
1002 3420 1206 3488 conclusione

95 3541 287 3621 reputantem
304 3537 379 3623 quia
393 3557 512 3623 nempe
527 3539 572 3606 ad
582 3539 729 3623 regulam
738 3539 827 3605 illam
841 3539 1028 3624 generalem
1046 3535 1144 3604 datur
1155 3555 1209 3602 ex·

95 3655 211 3738 ceptio,
232 3658 271 3718 ut
288 3655 445 3740 sequitur.

131 3773 168 3837 2⁰
183 3773 254 3837 Noc
261 3778 389 3853 possunt
405 3779 504 3836 tamea
515 3791 577 3837 csse
588 3773 728 3837 wnocurt
740 3791 800 3855 pro
814 3777 980 3852 extraneis,
995 3788 1096 3835 coram
1102 3770 1207 3851 judice

95 3889 297 3966 uclcsiustico,
318 3894 422 3951 contro
440 3891 603 3953 Ecclesium
618 3909 639 3951 a
652 3909 711 3970 qaeu
730 3889 902 3968 beneficium
915 3891 1092 3952 obtinerent.
1108 3884 1208 3951 -1d

95 4003 176 4073 anim
189 4020 343 4085 expresse
359 4004 514 4071 statuitur
525 4006 560 4071 in
573 4024 673 4088 supra
687 4007 783 4071 citata
796 3996 952 4071 decretali
966 4003 1115 4087 Gregorii
1132 4004 1177 4068 IX
1194 4023 1202 4067 :

95 4140 107 4189 t
120 4119 271 4191 ctericus
281 4126 391 4186 autem
404 4122 461 4206 qui
471 4129 584 4187 contra
597 4122 774 4189 Ecclesiam
787 4142 806 4187 a
820 4141 884 4206 qua
905 4118 1102 4187 beneficium
1122 4118 1206 4184 obti-

95 4244 192 4317 rnet,
209 4255 272 4321 pro
289 4239 453 4305 extraneis
466 4237 642 4306 advocatus
656 4239 711 4305 vel
727 4244 922 4322 procurator
939 4256 1009 4305 esse
1025 4237 1201 4323 praesumit,

95 4361 280 4438 rtanquam
305 4354 452 4440 ingratus
476 4363 586 4439 potest
616 4355 777 4423 beneficio
808 4353 994 4442 hujusmodi
1019 4354 1160 4440 spoliari.
1187 4373 1202 4414 u
