<?xml version="1.0" encoding="UTF-8"?>
<!DOCTYPE html PUBLIC "-//W3C//DTD XHTML 1.0 Transitional//EN"
    "http://www.w3.org/TR/xhtml1/DTD/xhtml1-transitional.dtd">
<html xmlns="http://www.w3.org/1999/xhtml" xml:lang="en" lang="en">
 <head>
  <title>
</title>
<meta http-equiv="Content-Type" content="text/html;charset=utf-8" />
  <meta name='ocr-system' content='tesseract 3.04.00' />
  <meta name='ocr-capabilities' content='ocr_page ocr_carea ocr_par ocr_line ocrx_word'/>
</head>
<body>
  <div class='ocr_page' id='page_1' title='image "./tractatusdejudi00bouigoog_0303.png"; bbox 0 0 2714 4980; ppageno 0'>
   <div class='ocr_carea' id='block_1_1' title="bbox 125 280 896 349">
    <p class='ocr_par' dir='ltr' id='par_1_1' title="bbox 125 280 896 349">
     <span class='ocr_line' id='line_1_1' title="bbox 125 280 896 349; baseline 0.005 -8"><span class='ocrx_word' id='word_1_1' title='bbox 125 280 190 343; x_wconf 80' lang='grc'><strong>290</strong></span> <span class='ocrx_word' id='word_1_2' title='bbox 472 296 659 349; x_wconf 66' lang='lat' dir='ltr'><strong>mortuos</strong></span> <span class='ocrx_word' id='word_1_3' title='bbox 680 301 725 348; x_wconf 86' lang='lat' dir='ltr'><strong>nu</strong></span> <span class='ocrx_word' id='word_1_4' title='bbox 746 300 896 349; x_wconf 79' lang='lat' dir='ltr'><strong>tumens.</strong></span> 
     </span>
    </p>
   </div>
   <div class='ocr_carea' id='block_1_2' title="bbox 39 420 1240 861">
    <p class='ocr_par' dir='ltr' id='par_1_2' title="bbox 39 420 1240 861">
     <span class='ocr_line' id='line_1_2' title="bbox 123 420 1239 510; baseline 0.008 -26"><span class='ocrx_word' id='word_1_5' title='bbox 123 420 210 486; x_wconf 87' lang='lat' dir='ltr'><strong>idem</strong></span> <span class='ocrx_word' id='word_1_6' title='bbox 232 421 318 488; x_wconf 83' lang='lat' dir='ltr'><strong>Reus</strong></span> <span class='ocrx_word' id='word_1_7' title='bbox 333 424 458 489; x_wconf 89' lang='lat' dir='ltr'><strong>ratione</strong></span> <span class='ocrx_word' id='word_1_8' title='bbox 476 424 641 504; x_wconf 84' lang='lat' dir='ltr'><strong>domicilii,</strong></span> <span class='ocrx_word' id='word_1_9' title='bbox 661 426 715 492; x_wconf 84' lang='lat' dir='ltr'><strong>vel</strong></span> <span class='ocrx_word' id='word_1_10' title='bbox 737 445 846 491; x_wconf 88' lang='lat' dir='ltr'><strong>coram</strong></span> <span class='ocrx_word' id='word_1_11' title='bbox 864 423 1031 493; x_wconf 87' lang='lat' dir='ltr'><strong>ordinario</strong></span> <span class='ocrx_word' id='word_1_12' title='bbox 1043 425 1112 493; x_wconf 91' lang='lat' dir='ltr'><strong>loci</strong></span> <span class='ocrx_word' id='word_1_13' title='bbox 1131 427 1166 493; x_wconf 87' lang='lat' dir='ltr'><strong>iu</strong></span> <span class='ocrx_word' id='word_1_14' title='bbox 1179 421 1239 510; x_wconf 84' lang='lat' dir='ltr'><strong>quo</strong></span> 
     </span>
     <span class='ocr_line' id='line_1_3' title="bbox 39 537 1240 636; baseline 0.007 -33"><span class='ocrx_word' id='word_1_15' title='bbox 39 632 41 636; x_wconf 69' lang='lat'>‚</span> <span class='ocrx_word' id='word_1_16' title='bbox 122 537 221 605; x_wconf 88' lang='lat' dir='ltr'><strong>initus</strong></span> <span class='ocrx_word' id='word_1_17' title='bbox 239 547 290 605; x_wconf 88' lang='lat' dir='ltr'><strong>ost</strong></span> <span class='ocrx_word' id='word_1_18' title='bbox 310 546 508 607; x_wconf 88' lang='lat' dir='ltr'><strong>contractus.</strong></span> <span class='ocrx_word' id='word_1_19' title='bbox 532 544 638 607; x_wconf 87' lang='lat' dir='ltr'><strong>Datur</strong></span> <span class='ocrx_word' id='word_1_20' title='bbox 656 544 793 627; x_wconf 87' lang='lat' dir='ltr'><strong>proinde</strong></span> <span class='ocrx_word' id='word_1_21' title='bbox 813 544 902 610; x_wconf 89' lang='lat' dir='ltr'><strong>inter</strong></span> <span class='ocrx_word' id='word_1_22' title='bbox 917 542 1002 610; x_wconf 91' lang='lat' dir='ltr'><strong>duos</strong></span> <span class='ocrx_word' id='word_1_23' title='bbox 1022 544 1097 610; x_wconf 91' lang='lat' dir='ltr'><strong>illos</strong></span> <span class='ocrx_word' id='word_1_24' title='bbox 1116 542 1240 611; x_wconf 84' lang='lat' dir='ltr'><strong>ordina-</strong></span> 
     </span>
     <span class='ocr_line' id='line_1_4' title="bbox 121 655 1240 745; baseline 0.007 -26"><span class='ocrx_word' id='word_1_25' title='bbox 121 655 188 721; x_wconf 88' lang='lat' dir='ltr'><strong>rios</strong></span> <span class='ocrx_word' id='word_1_26' title='bbox 204 657 419 738; x_wconf 86' lang='lat' dir='ltr'><strong>praeventioni</strong></span> <span class='ocrx_word' id='word_1_27' title='bbox 441 658 552 742; x_wconf 81' lang='lat' dir='ltr'><strong>locus3</strong></span> <span class='ocrx_word' id='word_1_28' title='bbox 570 660 615 724; x_wconf 91' lang='lat' dir='ltr'><strong>ita</strong></span> <span class='ocrx_word' id='word_1_29' title='bbox 633 678 752 742; x_wconf 82' lang='lat' dir='ltr'>nempe</span> <span class='ocrx_word' id='word_1_30' title='bbox 775 665 812 723; x_wconf 91' lang='lat' dir='ltr'><strong>ut</strong></span> <span class='ocrx_word' id='word_1_31' title='bbox 827 667 1000 745; x_wconf 85' lang='lat' dir='ltr'><strong>postquam</strong></span> <span class='ocrx_word' id='word_1_32' title='bbox 1015 660 1102 726; x_wconf 86' lang='lat' dir='ltr'><strong>alter</strong></span> <span class='ocrx_word' id='word_1_33' title='bbox 1115 679 1240 727; x_wconf 67' lang='lat' dir='ltr'><strong>cauam</strong></span> 
     </span>
     <span class='ocr_line' id='line_1_5' title="bbox 121 772 1235 861; baseline 0.007 -26"><span class='ocrx_word' id='word_1_34' title='bbox 121 773 373 854; x_wconf 76' lang='lat' dir='ltr'><strong>preoccupavit,</strong></span> <span class='ocrx_word' id='word_1_35' title='bbox 389 772 457 858; x_wconf 87' lang='lat' dir='ltr'><strong>jam</strong></span> <span class='ocrx_word' id='word_1_36' title='bbox 476 773 592 840; x_wconf 90' lang='lat' dir='ltr'><strong>eadem</strong></span> <span class='ocrx_word' id='word_1_37' title='bbox 609 794 705 840; x_wconf 88' lang='lat' dir='ltr'><strong>causa</strong></span> <span class='ocrx_word' id='word_1_38' title='bbox 721 774 763 840; x_wconf 86' lang='lat' dir='ltr'><strong>ad</strong></span> <span class='ocrx_word' id='word_1_39' title='bbox 778 777 918 842; x_wconf 88' lang='lat' dir='ltr'><strong>alterum</strong></span> <span class='ocrx_word' id='word_1_40' title='bbox 937 774 1067 843; x_wconf 84' lang='lat' dir='ltr'><strong>deferri</strong></span> <span class='ocrx_word' id='word_1_41' title='bbox 1085 783 1235 861; x_wconf 80' lang='lat' dir='ltr'><strong>nequeat.</strong></span> 
     </span>
    </p>
   </div>
   <div class='ocr_carea' id='block_1_3' title="bbox 631 1036 729 1112">
    <p class='ocr_par' dir='ltr' id='par_1_3' title="bbox 631 1036 729 1112">
     <span class='ocr_line' id='line_1_6' title="bbox 631 1036 729 1112; baseline -0.02 -12"><span class='ocrx_word' id='word_1_42' title='bbox 631 1038 646 1112; x_wconf 72' lang='grc'>5</span> <span class='ocrx_word' id='word_1_43' title='bbox 670 1036 729 1100; x_wconf 90' lang='lat'><em>111.</em></span> 
     </span>
    </p>
   </div>
   <div class='ocr_carea' id='block_1_4' title="bbox 311 1254 1049 1318">
    <p class='ocr_par' dir='ltr' id='par_1_4' title="bbox 311 1254 1049 1318">
     <span class='ocr_line' id='line_1_7' title="bbox 311 1254 1049 1318; baseline 0.007 -16"><span class='ocrx_word' id='word_1_44' title='bbox 311 1255 344 1302; x_wconf 81' lang='lat' dir='ltr'><strong>be</strong></span> <span class='ocrx_word' id='word_1_45' title='bbox 356 1256 510 1316; x_wconf 73' lang='lat' dir='ltr'><strong>competentia</strong></span> <span class='ocrx_word' id='word_1_46' title='bbox 519 1255 625 1318; x_wconf 82' lang='lat' dir='ltr'><strong>judicum</strong></span> <span class='ocrx_word' id='word_1_47' title='bbox 645 1256 821 1305; x_wconf 82' lang='lat' dir='ltr'><strong>territoriolium</strong></span> <span class='ocrx_word' id='word_1_48' title='bbox 835 1256 926 1307; x_wconf 86' lang='lat' dir='ltr'><strong>rationo</strong></span> <span class='ocrx_word' id='word_1_49' title='bbox 939 1256 974 1305; x_wconf 84' lang='lat' dir='ltr'><strong>roi</strong></span> <span class='ocrx_word' id='word_1_50' title='bbox 989 1254 1049 1307; x_wconf 71' lang='lat' dir='ltr'><strong>sita</strong></span> 
     </span>
    </p>
   </div>
   <div class='ocr_carea' id='block_1_5' title="bbox 118 1474 1232 1793">
    <p class='ocr_par' dir='ltr' id='par_1_5' title="bbox 118 1474 1232 1793">
     <span class='ocr_line' id='line_1_8' title="bbox 163 1474 1232 1560; baseline 0.004 -21"><span class='ocrx_word' id='word_1_51' title='bbox 163 1475 233 1539; x_wconf 89' lang='lat' dir='ltr'><strong>Non</strong></span> <span class='ocrx_word' id='word_1_52' title='bbox 250 1494 323 1540; x_wconf 89' lang='lat' dir='ltr'><strong>raro</strong></span> <span class='ocrx_word' id='word_1_53' title='bbox 341 1474 499 1558; x_wconf 81' lang='lat' dir='ltr'><strong>contingit</strong></span> <span class='ocrx_word' id='word_1_54' title='bbox 517 1480 554 1539; x_wconf 88' lang='lat' dir='ltr'><strong>ut</strong></span> <span class='ocrx_word' id='word_1_55' title='bbox 574 1494 627 1541; x_wconf 92' lang='lat' dir='ltr'><strong>res</strong></span> <span class='ocrx_word' id='word_1_56' title='bbox 645 1474 687 1541; x_wconf 90' lang='lat' dir='ltr'><strong>de</strong></span> <span class='ocrx_word' id='word_1_57' title='bbox 703 1493 767 1560; x_wconf 87' lang='lat' dir='ltr'><strong>qua</strong></span> <span class='ocrx_word' id='word_1_58' title='bbox 785 1476 825 1540; x_wconf 90' lang='lat' dir='ltr'><strong>lis</strong></span> <span class='ocrx_word' id='word_1_59' title='bbox 840 1483 994 1541; x_wconf 86' lang='lat' dir='ltr'><strong>movetur</strong></span> <span class='ocrx_word' id='word_1_60' title='bbox 1008 1475 1044 1541; x_wconf 91' lang='lat' dir='ltr'><strong>in</strong></span> <span class='ocrx_word' id='word_1_61' title='bbox 1059 1494 1126 1543; x_wconf 90' lang='lat' dir='ltr'><strong>uno</strong></span> <span class='ocrx_word' id='word_1_62' title='bbox 1141 1477 1232 1543; x_wconf 87' lang='lat' dir='ltr'><strong>terri·</strong></span> 
     </span>
     <span class='ocr_line' id='line_1_9' title="bbox 118 1591 1231 1678; baseline 0.004 -23"><span class='ocrx_word' id='word_1_63' title='bbox 118 1592 202 1656; x_wconf 93' lang='lat' dir='ltr'><strong>torio</strong></span> <span class='ocrx_word' id='word_1_64' title='bbox 218 1592 279 1655; x_wconf 90' lang='lat' dir='ltr'><strong>sita</strong></span> <span class='ocrx_word' id='word_1_65' title='bbox 297 1592 353 1669; x_wconf 90' lang='lat' dir='ltr'><strong>sit,</strong></span> <span class='ocrx_word' id='word_1_66' title='bbox 375 1591 462 1656; x_wconf 85' lang='lat' dir='ltr'><strong>Reus</strong></span> <span class='ocrx_word' id='word_1_67' title='bbox 477 1597 587 1657; x_wconf 88' lang='lat' dir='ltr'><strong>autem</strong></span> <span class='ocrx_word' id='word_1_68' title='bbox 603 1591 848 1658; x_wconf 83' lang='lat' dir='ltr'><strong>conveniendus</strong></span> <span class='ocrx_word' id='word_1_69' title='bbox 864 1593 898 1655; x_wconf 93' lang='lat' dir='ltr'><strong>in</strong></span> <span class='ocrx_word' id='word_1_70' title='bbox 917 1592 979 1678; x_wconf 89' lang='lat' dir='ltr'><strong>alio</strong></span> <span class='ocrx_word' id='word_1_71' title='bbox 994 1592 1165 1659; x_wconf 88' lang='lat' dir='ltr'><strong>territorio</strong></span> <span class='ocrx_word' id='word_1_72' title='bbox 1180 1592 1231 1660; x_wconf 90' lang='lat' dir='ltr'><strong>do·</strong></span> 
     </span>
     <span class='ocr_line' id='line_1_10' title="bbox 118 1707 1228 1793; baseline 0.005 -23"><span class='ocrx_word' id='word_1_73' title='bbox 118 1707 272 1772; x_wconf 91' lang='lat' dir='ltr'><strong>micilium</strong></span> <span class='ocrx_word' id='word_1_74' title='bbox 293 1707 424 1773; x_wconf 89' lang='lat' dir='ltr'><strong>habeat.</strong></span> <span class='ocrx_word' id='word_1_75' title='bbox 443 1709 546 1774; x_wconf 90' lang='lat' dir='ltr'><strong>Porro</strong></span> <span class='ocrx_word' id='word_1_76' title='bbox 560 1716 638 1774; x_wconf 92' lang='lat' dir='ltr'><strong>tunc</strong></span> <span class='ocrx_word' id='word_1_77' title='bbox 653 1711 687 1774; x_wconf 90' lang='lat' dir='ltr'><strong>in</strong></span> <span class='ocrx_word' id='word_1_78' title='bbox 702 1727 855 1792; x_wconf 84' lang='lat' dir='ltr'><strong>magnum</strong></span> <span class='ocrx_word' id='word_1_79' title='bbox 870 1707 1007 1777; x_wconf 87' lang='lat' dir='ltr'><strong>cederet</strong></span> <span class='ocrx_word' id='word_1_80' title='bbox 1021 1709 1100 1776; x_wconf 90' lang='lat' dir='ltr'><strong>boni</strong></span> <span class='ocrx_word' id='word_1_81' title='bbox 1116 1708 1228 1793; x_wconf 87' lang='lat' dir='ltr'><strong>publici</strong></span> 
     </span>
    </p>
   </div>
   <div class='ocr_carea' id='block_1_6' title="bbox 117 1823 1231 2020">
    <p class='ocr_par' dir='ltr' id='par_1_6' title="bbox 117 1823 1231 2020">
     <span class='ocr_line' id='line_1_11' title="bbox 117 1823 1226 1909; baseline 0 -21"><span class='ocrx_word' id='word_1_82' title='bbox 117 1823 363 1901; x_wconf 88' lang='lat' dir='ltr'><strong>detrimentum,</strong></span> <span class='ocrx_word' id='word_1_83' title='bbox 382 1825 408 1888; x_wconf 91' lang='lat' dir='ltr'><strong>si</strong></span> <span class='ocrx_word' id='word_1_84' title='bbox 424 1825 511 1889; x_wconf 86' lang='lat' dir='ltr'><strong>Reus</strong></span> <span class='ocrx_word' id='word_1_85' title='bbox 526 1826 693 1906; x_wconf 83' lang='lat' dir='ltr'><strong>conveniri</strong></span> <span class='ocrx_word' id='word_1_86' title='bbox 705 1843 770 1889; x_wconf 93' lang='lat' dir='ltr'><strong>non</strong></span> <span class='ocrx_word' id='word_1_87' title='bbox 782 1832 892 1908; x_wconf 87' lang='lat' dir='ltr'><strong>posset</strong></span> <span class='ocrx_word' id='word_1_88' title='bbox 914 1836 1023 1890; x_wconf 87' lang='lat' dir='ltr'><strong>coram</strong></span> <span class='ocrx_word' id='word_1_89' title='bbox 1040 1823 1153 1909; x_wconf 89' lang='lat' dir='ltr'><strong>judice</strong></span> <span class='ocrx_word' id='word_1_90' title='bbox 1168 1832 1226 1889; x_wconf 86' lang='lat' dir='ltr'><strong>ter-</strong></span> 
     </span>
     <span class='ocr_line' id='line_1_12' title="bbox 118 1928 1231 2020; baseline -0.004 -21"><span class='ocrx_word' id='word_1_91' title='bbox 118 1936 222 2001; x_wconf 91' lang='lat' dir='ltr'><strong>ritorii</strong></span> <span class='ocrx_word' id='word_1_92' title='bbox 245 1937 279 2001; x_wconf 92' lang='lat' dir='ltr'><strong>in</strong></span> <span class='ocrx_word' id='word_1_93' title='bbox 302 1956 367 2020; x_wconf 87' lang='lat' dir='ltr'><strong>quo</strong></span> <span class='ocrx_word' id='word_1_94' title='bbox 386 1956 438 2002; x_wconf 92' lang='lat' dir='ltr'><strong>res</strong></span> <span class='ocrx_word' id='word_1_95' title='bbox 458 1928 669 2017; x_wconf 87' lang='lat' dir='ltr'><strong>controversa</strong></span> <span class='ocrx_word' id='word_1_96' title='bbox 695 1938 815 2002; x_wconf 85' lang='lat' dir='ltr'><strong>existit.</strong></span> <span class='ocrx_word' id='word_1_97' title='bbox 833 1938 913 2002; x_wconf 85' lang='lat' dir='ltr'><strong>Nam</strong></span> <span class='ocrx_word' id='word_1_98' title='bbox 934 1939 968 2001; x_wconf 93' lang='lat' dir='ltr'><strong>in</strong></span> <span class='ocrx_word' id='word_1_99' title='bbox 988 1937 1051 2002; x_wconf 90' lang='lat' dir='ltr'><strong>hoc</strong></span> <span class='ocrx_word' id='word_1_100' title='bbox 1070 1935 1231 2004; x_wconf 48' lang='lat' dir='ltr'><strong>territorio¹</strong></span> 
     </span>
    </p>
   </div>
   <div class='ocr_carea' id='block_1_7' title="bbox 107 2052 1225 4480">
    <p class='ocr_par' dir='ltr' id='par_1_7' title="bbox 116 2052 1222 2606">
     <span class='ocr_line' id='line_1_13' title="bbox 117 2052 1222 2137; baseline -0.001 -18"><span class='ocrx_word' id='word_1_101' title='bbox 117 2053 221 2119; x_wconf 88' lang='lat' dir='ltr'><strong>multo</strong></span> <span class='ocrx_word' id='word_1_102' title='bbox 249 2053 374 2120; x_wconf 85' lang='lat' dir='ltr'><strong>facilius</strong></span> <span class='ocrx_word' id='word_1_103' title='bbox 402 2052 598 2119; x_wconf 88' lang='lat' dir='ltr'><strong>documenta</strong></span> <span class='ocrx_word' id='word_1_104' title='bbox 624 2054 807 2120; x_wconf 88' lang='lat' dir='ltr'><strong>necessaria</strong></span> <span class='ocrx_word' id='word_1_105' title='bbox 830 2061 865 2120; x_wconf 89' lang='lat' dir='ltr'><strong>et</strong></span> <span class='ocrx_word' id='word_1_106' title='bbox 886 2054 1097 2137; x_wconf 81' lang='lat' dir='ltr'><strong>probationes</strong></span> <span class='ocrx_word' id='word_1_107' title='bbox 1123 2052 1222 2120; x_wconf 84' lang='lat' dir='ltr'><strong>baberi</strong></span> 
     </span>
     <span class='ocr_line' id='line_1_14' title="bbox 116 2157 1220 2255; baseline 0.002 -20"><span class='ocrx_word' id='word_1_108' title='bbox 116 2179 262 2255; x_wconf 78' lang='lat' dir='ltr'><strong>possunt,</strong></span> <span class='ocrx_word' id='word_1_109' title='bbox 279 2178 314 2236; x_wconf 88' lang='lat' dir='ltr'><strong>et</strong></span> <span class='ocrx_word' id='word_1_110' title='bbox 333 2171 459 2236; x_wconf 81' lang='lat' dir='ltr'><strong>facilior</strong></span> <span class='ocrx_word' id='word_1_111' title='bbox 475 2157 560 2237; x_wconf 45' lang='lat' dir='ltr'><strong>item&#39;</strong></span> <span class='ocrx_word' id='word_1_112' title='bbox 575 2178 625 2236; x_wconf 89' lang='lat' dir='ltr'><strong>est</strong></span> <span class='ocrx_word' id='word_1_113' title='bbox 641 2173 809 2237; x_wconf 85' lang='lat' dir='ltr'><strong>sententiae</strong></span> <span class='ocrx_word' id='word_1_114' title='bbox 826 2172 989 2238; x_wconf 85' lang='lat' dir='ltr'><strong>executio.</strong></span> <span class='ocrx_word' id='word_1_115' title='bbox 1006 2172 1089 2237; x_wconf 83' lang='lat' dir='ltr'><strong>ilinc</strong></span> <span class='ocrx_word' id='word_1_116' title='bbox 1103 2173 1220 2239; x_wconf 83' lang='lat' dir='ltr'><strong>evenire</strong></span> 
     </span>
     <span class='ocr_line' id='line_1_15' title="bbox 117 2286 1219 2373; baseline 0.002 -21"><span class='ocrx_word' id='word_1_117' title='bbox 117 2286 247 2366; x_wconf 84' lang='lat' dir='ltr'><strong>debuit,</strong></span> <span class='ocrx_word' id='word_1_118' title='bbox 266 2296 301 2353; x_wconf 90' lang='lat' dir='ltr'><strong>et</strong></span> <span class='ocrx_word' id='word_1_119' title='bbox 320 2286 361 2354; x_wconf 91' lang='lat' dir='ltr'><strong>de</strong></span> <span class='ocrx_word' id='word_1_120' title='bbox 382 2288 469 2355; x_wconf 88' lang='lat' dir='ltr'><strong>facto</strong></span> <span class='ocrx_word' id='word_1_121' title='bbox 485 2290 613 2368; x_wconf 81' lang='lat' dir='ltr'><strong>evenit,</strong></span> <span class='ocrx_word' id='word_1_122' title='bbox 636 2297 673 2354; x_wconf 92' lang='lat' dir='ltr'><strong>ut</strong></span> <span class='ocrx_word' id='word_1_123' title='bbox 691 2289 895 2373; x_wconf 83' lang='lat' dir='ltr'><strong>legislatores</strong></span> <span class='ocrx_word' id='word_1_124' title='bbox 913 2288 1171 2373; x_wconf 87' lang='lat' dir='ltr'><strong>jurisdictionem</strong></span> <span class='ocrx_word' id='word_1_125' title='bbox 1186 2286 1219 2354; x_wconf 87' lang='lat' dir='ltr'><strong>ad</strong></span> 
     </span>
     <span class='ocr_line' id='line_1_16' title="bbox 116 2404 1218 2491; baseline 0.003 -22"><span class='ocrx_word' id='word_1_126' title='bbox 116 2404 276 2490; x_wconf 87' lang='lat' dir='ltr'><strong>ejusmodi</strong></span> <span class='ocrx_word' id='word_1_127' title='bbox 288 2405 361 2470; x_wconf 89' lang='lat' dir='ltr'><strong>lites</strong></span> <span class='ocrx_word' id='word_1_128' title='bbox 377 2404 585 2472; x_wconf 90' lang='lat' dir='ltr'><strong>derimendas</strong></span> <span class='ocrx_word' id='word_1_129' title='bbox 601 2407 786 2473; x_wconf 84' lang='lat' dir='ltr'><strong>tribuerent</strong></span> <span class='ocrx_word' id='word_1_130' title='bbox 798 2405 901 2491; x_wconf 89' lang='lat' dir='ltr'><strong>judici</strong></span> <span class='ocrx_word' id='word_1_131' title='bbox 914 2404 1088 2474; x_wconf 91' lang='lat' dir='ltr'><strong>Ordinario</strong></span> <span class='ocrx_word' id='word_1_132' title='bbox 1105 2406 1218 2474; x_wconf 76' lang='lat' dir='ltr'><strong>territo</strong></span> 
     </span>
     <span class='ocr_line' id='line_1_17' title="bbox 117 2521 1148 2606; baseline 0.005 -21"><span class='ocrx_word' id='word_1_133' title='bbox 117 2521 167 2600; x_wconf 90' lang='lat' dir='ltr'><strong>rii,</strong></span> <span class='ocrx_word' id='word_1_134' title='bbox 186 2521 299 2606; x_wconf 91' lang='lat' dir='ltr'><strong>inquo</strong></span> <span class='ocrx_word' id='word_1_135' title='bbox 314 2524 375 2588; x_wconf 87' lang='lat' dir='ltr'><strong>sita</strong></span> <span class='ocrx_word' id='word_1_136' title='bbox 390 2524 593 2606; x_wconf 88' lang='lat' dir='ltr'><strong>reperiretur</strong></span> <span class='ocrx_word' id='word_1_137' title='bbox 605 2543 658 2589; x_wconf 89' lang='lat' dir='ltr'><strong>res</strong></span> <span class='ocrx_word' id='word_1_138' title='bbox 673 2524 708 2588; x_wconf 90' lang='lat' dir='ltr'><strong>in</strong></span> <span class='ocrx_word' id='word_1_139' title='bbox 723 2524 980 2589; x_wconf 87' lang='lat' dir='ltr'><strong>controversiam</strong></span> <span class='ocrx_word' id='word_1_140' title='bbox 995 2521 1148 2590; x_wconf 82' lang='lat' dir='ltr'><strong>adducto.</strong></span> 
     </span>
    </p>

    <p class='ocr_par' dir='ltr' id='par_1_8' title="bbox 118 2637 1219 2840">
     <span class='ocr_line' id='line_1_18' title="bbox 161 2637 1219 2724; baseline 0.001 -21"><span class='ocrx_word' id='word_1_141' title='bbox 161 2639 241 2720; x_wconf 83' lang='lat' dir='ltr'><strong>Quae</strong></span> <span class='ocrx_word' id='word_1_142' title='bbox 255 2639 432 2722; x_wconf 82' lang='lat' dir='ltr'><strong>legislativa</strong></span> <span class='ocrx_word' id='word_1_143' title='bbox 451 2638 633 2722; x_wconf 90' lang='lat' dir='ltr'><strong>dispositio,</strong></span> <span class='ocrx_word' id='word_1_144' title='bbox 652 2658 694 2703; x_wconf 90' lang='lat' dir='ltr'><strong>an</strong></span> <span class='ocrx_word' id='word_1_145' title='bbox 717 2645 751 2703; x_wconf 92' lang='lat' dir='ltr'><strong>et</strong></span> <span class='ocrx_word' id='word_1_146' title='bbox 770 2640 911 2724; x_wconf 88' lang='lat' dir='ltr'><strong>qualiter</strong></span> <span class='ocrx_word' id='word_1_147' title='bbox 926 2641 960 2703; x_wconf 91' lang='lat' dir='ltr'><strong>in</strong></span> <span class='ocrx_word' id='word_1_148' title='bbox 979 2637 1057 2724; x_wconf 90' lang='lat' dir='ltr'><strong>jure</strong></span> <span class='ocrx_word' id='word_1_149' title='bbox 1082 2639 1219 2706; x_wconf 81' lang='lat' dir='ltr'><strong>canonoo</strong></span> 
     </span>
     <span class='ocr_line' id='line_1_19' title="bbox 118 2755 1042 2840; baseline 0 -18"><span class='ocrx_word' id='word_1_150' title='bbox 118 2756 332 2823; x_wconf 86' lang='lat' dir='ltr'><strong>determinata</strong></span> <span class='ocrx_word' id='word_1_151' title='bbox 350 2763 512 2834; x_wconf 90' lang='lat' dir='ltr'><strong>occurrat,</strong></span> <span class='ocrx_word' id='word_1_152' title='bbox 531 2756 592 2822; x_wconf 90' lang='lat' dir='ltr'><strong>hoc</strong></span> <span class='ocrx_word' id='word_1_153' title='bbox 611 2756 815 2839; x_wconf 82' lang='lat' dir='ltr'><strong>paragrapho</strong></span> <span class='ocrx_word' id='word_1_154' title='bbox 831 2755 1042 2840; x_wconf 82' lang='lat' dir='ltr'><strong>expenditur.</strong></span> 
     </span>
    </p>

    <p class='ocr_par' dir='ltr' id='par_1_9' title="bbox 107 2874 1225 4480">
     <span class='ocr_line' id='line_1_20' title="bbox 157 2874 1219 2955; baseline -0.005 -14"><span class='ocrx_word' id='word_1_155' title='bbox 157 2876 297 2941; x_wconf 76' lang='lat' dir='ltr'><strong>Racuuu</strong></span> <span class='ocrx_word' id='word_1_156' title='bbox 321 2876 365 2938; x_wconf 70' lang='lat'><strong>1³.</strong></span> <span class='ocrx_word' id='word_1_157' title='bbox 386 2909 432 2920; x_wconf 94' lang='lat'><em>-</em></span> <span class='ocrx_word' id='word_1_158' title='bbox 446 2877 523 2937; x_wconf 82' lang='lat' dir='ltr'><strong>Reus</strong></span> <span class='ocrx_word' id='word_1_159' title='bbox 542 2878 695 2937; x_wconf 81' lang='lat' dir='ltr'><strong>ooooeoiri</strong></span> <span class='ocrx_word' id='word_1_160' title='bbox 716 2875 897 2955; x_wconf 75' lang='lat' dir='ltr'><strong>repuleriter</strong></span> <span class='ocrx_word' id='word_1_161' title='bbox 906 2879 1007 2954; x_wconf 82' lang='lat' dir='ltr'><strong>potest</strong></span> <span class='ocrx_word' id='word_1_162' title='bbox 1026 2893 1129 2939; x_wconf 83' lang='lat' dir='ltr'><strong>eorem</strong></span> <span class='ocrx_word' id='word_1_163' title='bbox 1144 2874 1219 2939; x_wconf 75' lang='lat' dir='ltr'><strong>orti-</strong></span> 
     </span>
     <span class='ocr_line' id='line_1_21' title="bbox 115 2988 1220 3074; baseline -0.005 -14"><span class='ocrx_word' id='word_1_164' title='bbox 115 3000 202 3060; x_wconf 76' lang='lat' dir='ltr'><strong>nerto</strong></span> <span class='ocrx_word' id='word_1_165' title='bbox 215 2996 272 3056; x_wconf 82' lang='lat' dir='ltr'><strong>loci</strong></span> <span class='ocrx_word' id='word_1_166' title='bbox 285 2998 319 3056; x_wconf 82' lang='lat' dir='ltr'><strong>io</strong></span> <span class='ocrx_word' id='word_1_167' title='bbox 328 3011 385 3072; x_wconf 80' lang='lat' dir='ltr'><strong>quo</strong></span> <span class='ocrx_word' id='word_1_168' title='bbox 399 3011 447 3053; x_wconf 83' lang='lat' dir='ltr'><strong>res</strong></span> <span class='ocrx_word' id='word_1_169' title='bbox 459 2997 648 3054; x_wconf 78' lang='lat' dir='ltr'><strong>controversa</strong></span> <span class='ocrx_word' id='word_1_170' title='bbox 659 2996 719 3054; x_wconf 86' lang='lat' dir='ltr'><strong>sito</strong></span> <span class='ocrx_word' id='word_1_171' title='bbox 730 2996 785 3053; x_wconf 84' lang='lat' dir='ltr'><strong>est.</strong></span> <span class='ocrx_word' id='word_1_172' title='bbox 797 2989 985 3055; x_wconf 84' lang='lat' dir='ltr'><strong>-Constat</strong></span> <span class='ocrx_word' id='word_1_173' title='bbox 994 2989 1065 3055; x_wconf 83' lang='lat' dir='ltr'><strong>haeo</strong></span> <span class='ocrx_word' id='word_1_174' title='bbox 1076 2988 1220 3074; x_wconf 71' lang='lat' dir='ltr'><strong>generalia</strong></span> 
     </span>
     <span class='ocr_line' id='line_1_22' title="bbox 116 3103 1220 3194; baseline -0.004 -19"><span class='ocrx_word' id='word_1_175' title='bbox 116 3111 230 3194; x_wconf 86' lang='lat' dir='ltr'><strong>regula</strong></span> <span class='ocrx_word' id='word_1_176' title='bbox 251 3129 294 3174; x_wconf 85' lang='lat' dir='ltr'><strong>ex</strong></span> <span class='ocrx_word' id='word_1_177' title='bbox 317 3109 423 3191; x_wconf 89' lang='lat' dir='ltr'><strong>capite</strong></span> <span class='ocrx_word' id='word_1_178' title='bbox 441 3111 522 3171; x_wconf 85' lang='lat' dir='ltr'><strong>Licet</strong></span> <span class='ocrx_word' id='word_1_179' title='bbox 544 3105 609 3192; x_wconf 80' lang='grc'>(20,</span> <span class='ocrx_word' id='word_1_180' title='bbox 630 3106 682 3171; x_wconf 88' lang='lat' dir='ltr'><strong>tit.</strong></span> <span class='ocrx_word' id='word_1_181' title='bbox 709 3109 740 3184; x_wconf 92' lang='grc'><strong>2,</strong></span> <span class='ocrx_word' id='word_1_182' title='bbox 761 3105 821 3171; x_wconf 88' lang='lat' dir='ltr'><strong>lib.</strong></span> <span class='ocrx_word' id='word_1_183' title='bbox 849 3109 868 3170; x_wconf 94' lang='grc'>2</span> <span class='ocrx_word' id='word_1_184' title='bbox 895 3103 1037 3190; x_wconf 89' lang='lat' dir='ltr'><strong>decret.)</strong></span> <span class='ocrx_word' id='word_1_185' title='bbox 1055 3129 1063 3172; x_wconf 92' lang='lat'>:</span> <span class='ocrx_word' id='word_1_186' title='bbox 1084 3107 1132 3173; x_wconf 90' lang='lat' dir='ltr'><strong>ibi</strong></span> <span class='ocrx_word' id='word_1_187' title='bbox 1149 3107 1220 3173; x_wconf 87' lang='lat' dir='ltr'><strong>enin</strong></span> 
     </span>
     <span class='ocr_line' id='line_1_23' title="bbox 116 3221 1222 3305; baseline -0.003 -14"><span class='ocrx_word' id='word_1_188' title='bbox 116 3229 203 3292; x_wconf 89' lang='lat' dir='ltr'><strong>inter</strong></span> <span class='ocrx_word' id='word_1_189' title='bbox 225 3227 331 3291; x_wconf 88' lang='lat' dir='ltr'><strong>varios</strong></span> <span class='ocrx_word' id='word_1_190' title='bbox 357 3223 470 3290; x_wconf 88' lang='lat' dir='ltr'><strong>modos</strong></span> <span class='ocrx_word' id='word_1_191' title='bbox 496 3223 605 3288; x_wconf 84' lang='lat' dir='ltr'><strong>iorum</strong></span> <span class='ocrx_word' id='word_1_192' title='bbox 632 3226 813 3305; x_wconf 77' lang='lat' dir='ltr'><strong>reputoriter</strong></span> <span class='ocrx_word' id='word_1_193' title='bbox 838 3221 996 3288; x_wconf 86' lang='lat' dir='ltr'><strong>sortiendi</strong></span> <span class='ocrx_word' id='word_1_194' title='bbox 1022 3230 1222 3290; x_wconf 86' lang='lat' dir='ltr'><strong>enumeratur</strong></span> 
     </span>
     <span class='ocr_line' id='line_1_24' title="bbox 117 3338 1224 3426; baseline -0.005 -18"><span class='ocrx_word' id='word_1_195' title='bbox 117 3344 215 3408; x_wconf 90' lang='lat' dir='ltr'><strong>etiam</strong></span> <span class='ocrx_word' id='word_1_196' title='bbox 240 3342 325 3407; x_wconf 88' lang='lat' dir='ltr'><strong>ratio</strong></span> <span class='ocrx_word' id='word_1_197' title='bbox 343 3341 394 3406; x_wconf 89' lang='lat' dir='ltr'><strong>rei</strong></span> <span class='ocrx_word' id='word_1_198' title='bbox 414 3342 493 3406; x_wconf 87' lang='lat' dir='ltr'><strong>sitae.</strong></span> <span class='ocrx_word' id='word_1_199' title='bbox 513 3341 597 3406; x_wconf 89' lang='lat' dir='ltr'><strong>Item</strong></span> <span class='ocrx_word' id='word_1_200' title='bbox 623 3345 749 3406; x_wconf 87' lang='lat' dir='ltr'><strong>constat</strong></span> <span class='ocrx_word' id='word_1_201' title='bbox 773 3359 814 3404; x_wconf 81' lang='lat' dir='ltr'><strong>ex</strong></span> <span class='ocrx_word' id='word_1_202' title='bbox 836 3339 942 3421; x_wconf 90' lang='lat' dir='ltr'><strong>capite</strong></span> <span class='ocrx_word' id='word_1_203' title='bbox 971 3342 1111 3404; x_wconf 81' lang='lat' dir='ltr'><strong>Veientes</strong></span> <span class='ocrx_word' id='word_1_204' title='bbox 1128 3340 1171 3426; x_wconf 87' lang='lat' dir='ltr'><strong>(i,</strong></span> <span class='ocrx_word' id='word_1_205' title='bbox 1190 3338 1224 3402; x_wconf 87' lang='lat' dir='ltr'><strong>ti·</strong></span> 
     </span>
     <span class='ocr_line' id='line_1_25' title="bbox 116 3455 1223 3542; baseline -0.005 -15"><span class='ocrx_word' id='word_1_206' title='bbox 116 3461 178 3526; x_wconf 89' lang='lat' dir='ltr'><strong>tuli</strong></span> <span class='ocrx_word' id='word_1_207' title='bbox 193 3469 223 3538; x_wconf 88' lang='lat'><strong>7,</strong></span> <span class='ocrx_word' id='word_1_208' title='bbox 241 3459 319 3524; x_wconf 93' lang='lat' dir='ltr'><strong>libri</strong></span> <span class='ocrx_word' id='word_1_209' title='bbox 337 3461 366 3537; x_wconf 86' lang='lat'><strong>5,</strong></span> <span class='ocrx_word' id='word_1_210' title='bbox 384 3459 418 3522; x_wconf 91' lang='lat' dir='ltr'><strong>in</strong></span> <span class='ocrx_word' id='word_1_211' title='bbox 430 3455 475 3542; x_wconf 85' lang='grc'><strong>6),</strong></span> <span class='ocrx_word' id='word_1_212' title='bbox 492 3459 604 3542; x_wconf 90' lang='lat' dir='ltr'><strong>inquo</strong></span> <span class='ocrx_word' id='word_1_213' title='bbox 620 3457 728 3522; x_wconf 84' lang='lat' dir='ltr'><strong>forum</strong></span> <span class='ocrx_word' id='word_1_214' title='bbox 745 3458 796 3522; x_wconf 89' lang='lat' dir='ltr'><strong>rei</strong></span> <span class='ocrx_word' id='word_1_215' title='bbox 810 3457 878 3522; x_wconf 77' lang='lat' dir='ltr'><strong>sitae</strong></span> <span class='ocrx_word' id='word_1_216' title='bbox 892 3463 1017 3522; x_wconf 87' lang='lat' dir='ltr'><strong>sartum</strong></span> <span class='ocrx_word' id='word_1_217' title='bbox 1032 3465 1223 3523; x_wconf 73' lang='lat' dir='ltr'><strong>rectumne·</strong></span> 
     </span>
     <span class='ocr_line' id='line_1_26' title="bbox 116 3572 1223 3658; baseline -0.007 -15"><span class='ocrx_word' id='word_1_218' title='bbox 116 3597 194 3643; x_wconf 89' lang='lat' dir='ltr'><strong>nere</strong></span> <span class='ocrx_word' id='word_1_219' title='bbox 211 3576 399 3642; x_wconf 86' lang='lat' dir='ltr'><strong>decernitur</strong></span> <span class='ocrx_word' id='word_1_220' title='bbox 416 3575 515 3639; x_wconf 89' lang='lat' dir='ltr'><strong>etiam</strong></span> <span class='ocrx_word' id='word_1_221' title='bbox 532 3572 639 3658; x_wconf 90' lang='lat' dir='ltr'><strong>quoad</strong></span> <span class='ocrx_word' id='word_1_222' title='bbox 655 3592 712 3639; x_wconf 89' lang='lat' dir='ltr'><strong>eos</strong></span> <span class='ocrx_word' id='word_1_223' title='bbox 726 3574 783 3657; x_wconf 87' lang='lat' dir='ltr'><strong>qui</strong></span> <span class='ocrx_word' id='word_1_224' title='bbox 795 3574 1004 3657; x_wconf 80' lang='lat' dir='ltr'><strong>privilegium</strong></span> <span class='ocrx_word' id='word_1_225' title='bbox 1019 3573 1223 3648; x_wconf 86' lang='lat' dir='ltr'><strong>obtinuissent</strong></span> 
     </span>
     <span class='ocr_line' id='line_1_27' title="bbox 116 3689 1224 3776; baseline -0.007 -15"><span class='ocrx_word' id='word_1_226' title='bbox 116 3716 182 3761; x_wconf 89' lang='lat' dir='ltr'><strong>nou</strong></span> <span class='ocrx_word' id='word_1_227' title='bbox 199 3696 262 3759; x_wconf 93' lang='lat' dir='ltr'><strong>nisi</strong></span> <span class='ocrx_word' id='word_1_228' title='bbox 284 3712 393 3758; x_wconf 85' lang='lat' dir='ltr'><strong>coram</strong></span> <span class='ocrx_word' id='word_1_229' title='bbox 418 3697 511 3758; x_wconf 89' lang='lat' dir='ltr'><strong>certo</strong></span> <span class='ocrx_word' id='word_1_230' title='bbox 530 3689 642 3775; x_wconf 85' lang='lat' dir='ltr'><strong>judice</strong></span> <span class='ocrx_word' id='word_1_231' title='bbox 665 3689 910 3776; x_wconf 89' lang='lat' dir='ltr'><strong>respondendi:</strong></span> <span class='ocrx_word' id='word_1_232' title='bbox 930 3693 1144 3755; x_wconf 79' lang='lat' dir='ltr'><strong>Deciorctioee</strong></span> <span class='ocrx_word' id='word_1_233' title='bbox 1159 3697 1224 3754; x_wconf 74' lang='lat' dir='ltr'><strong>tea·</strong></span> 
     </span>
     <span class='ocr_line' id='line_1_28' title="bbox 116 3808 1225 3894; baseline -0.005 -18"><span class='ocrx_word' id='word_1_234' title='bbox 116 3815 262 3894; x_wconf 72' lang='lat' dir='ltr'><strong>[repetiti</strong></span> <span class='ocrx_word' id='word_1_235' title='bbox 279 3810 454 3888; x_wconf 70' lang='lat' dir='ltr'><strong>deficimus,</strong></span> <span class='ocrx_word' id='word_1_236' title='bbox 477 3810 556 3888; x_wconf 79' lang='lat' dir='ltr'><strong>quod</strong></span> <span class='ocrx_word' id='word_1_237' title='bbox 573 3815 840 3889; x_wconf 77' lang='lat' dir='ltr'><strong>quantumcumque</strong></span> <span class='ocrx_word' id='word_1_238' title='bbox 863 3813 906 3870; x_wconf 85' lang='lat' dir='ltr'><strong>sio</strong></span> <span class='ocrx_word' id='word_1_239' title='bbox 930 3812 1064 3889; x_wconf 78' lang='lat' dir='ltr'><strong>exempti</strong></span> <span class='ocrx_word' id='word_1_240' title='bbox 1085 3808 1225 3889; x_wconf 65' lang='lat' dir='ltr'><strong>eaodem</strong></span> 
     </span>
     <span class='ocr_line' id='line_1_29' title="bbox 117 3926 1224 4010; baseline -0.01 -15"><span class='ocrx_word' id='word_1_241' title='bbox 117 3933 265 4010; x_wconf 84' lang='lat' dir='ltr'><strong>libertate,</strong></span> <span class='ocrx_word' id='word_1_242' title='bbox 287 3930 484 3992; x_wconf 73' lang='lat' dir='ltr'><strong>nihilomiuus</strong></span> <span class='ocrx_word' id='word_1_243' title='bbox 500 3933 599 3988; x_wconf 79' lang='lat' dir='ltr'><strong>tornea</strong></span> <span class='ocrx_word' id='word_1_244' title='bbox 619 3931 736 3989; x_wconf 75' lang='lat' dir='ltr'><strong>reticete</strong></span> <span class='ocrx_word' id='word_1_245' title='bbox 757 3927 860 3989; x_wconf 86' lang='lat' dir='ltr'><strong>delicti</strong></span> <span class='ocrx_word' id='word_1_246' title='bbox 866 3975 876 4004; x_wconf 91' lang='lat'><strong>,</strong></span> <span class='ocrx_word' id='word_1_247' title='bbox 895 3930 958 3987; x_wconf 85' lang='lat' dir='ltr'><strong>sive</strong></span> <span class='ocrx_word' id='word_1_248' title='bbox 974 3933 1164 4004; x_wconf 77' lang='lat' dir='ltr'><strong>contractus,</strong></span> <span class='ocrx_word' id='word_1_249' title='bbox 1180 3926 1224 3984; x_wconf 79' lang='lat' dir='ltr'><strong>uei</strong></span> 
     </span>
     <span class='ocr_line' id='line_1_30' title="bbox 116 4042 1225 4128; baseline -0.007 -19"><span class='ocrx_word' id='word_1_250' title='bbox 116 4054 162 4110; x_wconf 83' lang='lat' dir='ltr'><strong>rei</strong></span> <span class='ocrx_word' id='word_1_251' title='bbox 173 4051 210 4112; x_wconf 84' lang='lat' dir='ltr'><strong>de</strong></span> <span class='ocrx_word' id='word_1_252' title='bbox 224 4052 396 4128; x_wconf 78' lang='lat' dir='ltr'><strong>quocontra</strong></span> <span class='ocrx_word' id='word_1_253' title='bbox 409 4049 490 4125; x_wconf 83' lang='lat' dir='ltr'><strong>ipsos</strong></span> <span class='ocrx_word' id='word_1_254' title='bbox 504 4047 619 4124; x_wconf 75' lang='lat' dir='ltr'><strong>opiter,</strong></span> <span class='ocrx_word' id='word_1_255' title='bbox 639 4048 698 4104; x_wconf 81' lang='lat' dir='ltr'><strong>rite</strong></span> <span class='ocrx_word' id='word_1_256' title='bbox 704 4049 832 4123; x_wconf 77' lang='lat' dir='ltr'><strong>possunt</strong></span> <span class='ocrx_word' id='word_1_257' title='bbox 846 4061 946 4104; x_wconf 82' lang='lat' dir='ltr'><strong>corum</strong></span> <span class='ocrx_word' id='word_1_258' title='bbox 961 4044 1093 4105; x_wconf 62' lang='lat' dir='ltr'><strong>loreum</strong></span> <span class='ocrx_word' id='word_1_259' title='bbox 1109 4042 1225 4107; x_wconf 73' lang='lat' dir='ltr'><strong>Ordine·</strong></span> 
     </span>
     <span class='ocr_line' id='line_1_31' title="bbox 116 4160 1224 4243; baseline -0.007 -13"><span class='ocrx_word' id='word_1_260' title='bbox 116 4172 174 4230; x_wconf 83' lang='lat' dir='ltr'><strong>riis</strong></span> <span class='ocrx_word' id='word_1_261' title='bbox 188 4170 351 4243; x_wconf 82' lang='lat' dir='ltr'><strong>ooooeoiri,</strong></span> <span class='ocrx_word' id='word_1_262' title='bbox 366 4169 397 4226; x_wconf 84' lang='lat' dir='ltr'><strong>et</strong></span> <span class='ocrx_word' id='word_1_263' title='bbox 407 4163 457 4224; x_wconf 86' lang='lat' dir='ltr'><strong>illi</strong></span> <span class='ocrx_word' id='word_1_264' title='bbox 467 4162 565 4242; x_wconf 80' lang='lat' dir='ltr'><strong>quoad</strong></span> <span class='ocrx_word' id='word_1_265' title='bbox 577 4160 629 4222; x_wconf 80' lang='lat' dir='ltr'><strong>boc</strong></span> <span class='ocrx_word' id='word_1_266' title='bbox 644 4180 729 4222; x_wconf 82' lang='lat' dir='ltr'><strong>suom</strong></span> <span class='ocrx_word' id='word_1_267' title='bbox 742 4165 775 4223; x_wconf 80' lang='lat' dir='ltr'><strong>io</strong></span> <span class='ocrx_word' id='word_1_268' title='bbox 789 4163 1132 4242; x_wconf 82' lang='lat' dir='ltr'><strong>ipsosjurisdictieeem,</strong></span> <span class='ocrx_word' id='word_1_269' title='bbox 1145 4162 1224 4243; x_wconf 70' lang='lat' dir='ltr'><strong>prud</strong></span> 
     </span>
     <span class='ocr_line' id='line_1_32' title="bbox 107 4272 1223 4364; baseline -0.006 -18"><span class='ocrx_word' id='word_1_270' title='bbox 107 4287 164 4364; x_wconf 82' lang='lat' dir='ltr'><strong>jus</strong></span> <span class='ocrx_word' id='word_1_271' title='bbox 180 4287 287 4362; x_wconf 79' lang='lat' dir='ltr'><strong>eeipit,</strong></span> <span class='ocrx_word' id='word_1_272' title='bbox 307 4297 452 4343; x_wconf 73' lang='lat' dir='ltr'><strong>exerceo.</strong></span> <span class='ocrx_word' id='word_1_273' title='bbox 472 4277 556 4341; x_wconf 88' lang='lat' dir='ltr'><strong>Item</strong></span> <span class='ocrx_word' id='word_1_274' title='bbox 572 4283 754 4341; x_wconf 77' lang='lat' dir='ltr'><strong>constater</strong></span> <span class='ocrx_word' id='word_1_275' title='bbox 770 4277 875 4358; x_wconf 87' lang='lat' dir='ltr'><strong>capite</strong></span> <span class='ocrx_word' id='word_1_276' title='bbox 892 4279 973 4341; x_wconf 78' lang='lat' dir='ltr'><strong>Saue</strong></span> <span class='ocrx_word' id='word_1_277' title='bbox 993 4275 1037 4363; x_wconf 81' lang='lat'><strong>(3,</strong></span> <span class='ocrx_word' id='word_1_278' title='bbox 1061 4277 1114 4342; x_wconf 88' lang='lat' dir='ltr'><strong>tit.</strong></span> <span class='ocrx_word' id='word_1_279' title='bbox 1140 4277 1170 4354; x_wconf 91' lang='grc'><strong>2,</strong></span> <span class='ocrx_word' id='word_1_280' title='bbox 1191 4272 1223 4339; x_wconf 89' lang='lat' dir='ltr'><strong>li·</strong></span> 
     </span>
     <span class='ocr_line' id='line_1_33' title="bbox 115 4390 1225 4480; baseline -0.005 -18"><span class='ocrx_word' id='word_1_281' title='bbox 115 4399 168 4463; x_wconf 92' lang='lat' dir='ltr'><strong>bri</strong></span> <span class='ocrx_word' id='word_1_282' title='bbox 184 4400 204 4461; x_wconf 88' lang='grc'>2</span> <span class='ocrx_word' id='word_1_283' title='bbox 220 4393 375 4480; x_wconf 77' lang='lat' dir='ltr'><strong>decret),</strong></span> <span class='ocrx_word' id='word_1_284' title='bbox 393 4413 458 4479; x_wconf 86' lang='lat' dir='ltr'><strong>quo</strong></span> <span class='ocrx_word' id='word_1_285' title='bbox 474 4392 519 4458; x_wconf 82' lang='lat' dir='ltr'><strong>sio</strong></span> <span class='ocrx_word' id='word_1_286' title='bbox 535 4390 727 4459; x_wconf 81' lang='lat' dir='ltr'><strong>decernitur</strong></span> <span class='ocrx_word' id='word_1_287' title='bbox 742 4413 748 4456; x_wconf 95' lang='lat'><strong>:</strong></span> <span class='ocrx_word' id='word_1_288' title='bbox 769 4396 849 4458; x_wconf 81' lang='lat' dir='ltr'><strong>Seue</strong></span> <span class='ocrx_word' id='word_1_289' title='bbox 863 4397 892 4454; x_wconf 81' lang='lat' dir='ltr'><strong>si</strong></span> <span class='ocrx_word' id='word_1_290' title='bbox 904 4395 1046 4475; x_wconf 78' lang='lat' dir='ltr'><strong>Episcopi</strong></span> <span class='ocrx_word' id='word_1_291' title='bbox 1062 4398 1144 4457; x_wconf 76' lang='lat' dir='ltr'><strong>ieter</strong></span> <span class='ocrx_word' id='word_1_292' title='bbox 1162 4405 1225 4474; x_wconf 70' lang='lat' dir='ltr'><strong>quot</strong></span> 
     </span>
    </p>
   </div>
   <div class='ocr_carea' id='block_1_8' title="bbox 0 0 1362 4980">
    <p class='ocr_par' dir='ltr' id='par_1_10' title="bbox 0 0 1362 4980">
     <span class='ocr_line' id='line_1_34' title="bbox 0 0 1362 4980; baseline 0 0"><span class='ocrx_word' id='word_1_293' title='bbox 0 0 1362 4980; x_wconf 95' lang='lat' dir='ltr'><strong> </strong></span> 
     </span>
    </p>
   </div>
  </div>
 </body>
</html>
