2714 4980
119 295 183 358 248
325 361 328 365 ,
464 309 651 358 moranus
673 312 718 358 nu
739 311 888 358 runicus.

117 430 292 498 dictionem
310 430 421 509 habet,
439 450 505 499 non
519 451 612 517 posse
628 431 774 518 delegari
790 434 851 498 nisi
861 431 1120 517 iurisdictionem
1132 435 1211 500 terri

116 547 224 612 toriali
237 547 362 630 pariter
381 531 680 632 circumscriptione
703 556 910 614 coarctatam.
931 549 1121 632 Delegatus,
1137 548 1212 615 uerbi

116 663 230 746 gratia,
256 661 404 744 Episcopi
434 661 614 727 censendus
641 682 771 747 semper
796 671 845 728 est
868 663 1007 751 (etiamsi
1025 663 1063 728 iu
1081 662 1212 730 mandato

116 797 181 845 non
198 773 447 861 exprimeretur)
462 775 719 861 jurisdictionem
731 760 852 844 habere
870 779 1041 845 territorio
1054 778 1210 862 alligatam

116 894 192 980 quia
206 891 248 958 ad
261 910 423 958 summum
443 893 530 957 illam
550 893 682 960 habehit
701 895 734 958 iu
749 901 821 986 tota
837 894 978 973 dicacem,
1000 913 1069 960 non
1086 912 1164 960 vero
1178 893 1213 958 ul·

118 1017 188 1092 tra,
213 1026 288 1074 cum
312 1009 489 1092 Episcopus
507 1027 572 1074 non
594 1010 694 1093 possit
714 1015 910 1093 potestatem
928 1026 1027 1094 quam
1049 1006 1213 1074 nonhabet

116 1124 211 1191 alteri
223 1125 459 1189 transmittere.
477 1122 579 1188 Aliter
594 1121 770 1190 dicendum
789 1122 830 1189 de
846 1124 945 1207 Papa,
967 1124 1021 1188 cui
1036 1129 1126 1188 totus
1138 1140 1213 1187 mun·

117 1237 179 1304 dus
192 1239 394 1304 territorium
408 1245 469 1304 est.

160 1357 195 1420 2⁰
217 1352 354 1436 Quando
373 1352 554 1439 jurisdictio
573 1352 723 1438 delegata
740 1354 836 1420 alicui
852 1354 1042 1438 particulari
1066 1353 1212 1421 territorio

115 1469 265 1554 affigitur,
286 1468 329 1536 ad
349 1468 567 1535 affirmandam
586 1469 705 1555 judicis
731 1468 873 1554 delegati
890 1471 1145 1553 competentiam
1165 1486 1213 1535 non

115 1586 230 1653 sufficit
248 1604 376 1651 eausam
394 1583 436 1651 de
450 1603 514 1670 qua
530 1586 647 1670 agitur,
663 1593 698 1652 et
712 1605 867 1671 personas
876 1587 964 1651 inter
980 1604 1063 1671 quas
1078 1587 1211 1660 vertitur,

115 1722 186 1770 esse
201 1700 243 1767 de
258 1719 396 1766 numero
412 1720 525 1766 carum
539 1701 666 1787 inques
686 1720 747 1784 per
767 1701 908 1785 diploma
927 1701 1141 1786 delegationis
1158 1717 1214 1766 con

115 1819 224 1885 fertur
239 1816 439 1904 jurisdicti03
461 1815 520 1883 sed
533 1818 751 1883 necessarium
765 1826 816 1883 est
830 1818 963 1902 iusuper
980 1817 1144 1883 verificari
1154 1817 1215 1882 alias

114 1934 326 2014 conditiones,
340 1941 483 2017 exparte
494 1934 1213 2018 circumscriptionisterritorialisnecessariam

114 2069 185 2136 quae
200 2068 318 2134 nempe
338 2049 517 2134 respiciunt
537 2047 753 2128 domicilium,
778 2050 884 2115 locum
902 2052 936 2114 in
949 2069 1015 2134 quo
1029 2050 1092 2115 sita
1112 2056 1162 2115 est
1175 2064 1216 2112 res

113 2165 156 2232 de
171 2185 235 2253 qua
251 2163 471 2242 contenditur,
489 2163 662 2250 locumque
674 2165 706 2229 in
722 2184 787 2250 quo
805 2173 957 2248 peractus
976 2173 1027 2230 est
1047 2171 1217 2231 contractus

113 2283 169 2349 vel
186 2265 350 2366 patratum
376 2279 546 2346 delictum,
569 2281 724 2363 Quaenam
751 2289 859 2347 autem
881 2282 946 2347 sint
963 2300 1010 2347 eae
1031 2280 1218 2346 conditiones

110 2396 342 2463 territorialem
366 2397 697 2480 circumscriptionem
714 2397 935 2480 respicientes,
957 2398 1112 2482 sequenti
1124 2395 1216 2480 capilo

112 2511 338 2596 expendimus,
353 2511 480 2595 agendo
498 2530 615 2595 nempe
635 2497 676 2576 de
696 2510 866 2578 Ordiuaria
878 2510 1107 2597 jurisdictione
1129 2531 1137 2574 ι
1156 2526 1217 2576 nam

112 2629 179 2694 sive
210 2626 393 2706 ordinaria,
422 2629 489 2694 sive
514 2627 772 2693 extraordiuaria
796 2629 838 2692 sit
859 2627 1043 2713 jurisdictio
1067 2647 1140 2714 qum
1163 2635 1218 2693 ter-

111 2744 300 2810 ritorialiter
324 2744 623 2822 circumscribitur,
649 2742 774 2811 eaedem
803 2754 854 2811 ex'
868 2763 908 2810 ea
934 2747 1216 2829 circumscriptione

112 2858 312 2927 conditiones
338 2859 474 2925 relative
496 2858 540 2925 ad
565 2863 816 2944 competentiam
845 2868 1018 2944 exurgunt.
1041 2861 1075 2926 Si
1092 2879 1170 2946 ergo
1186 2876 1217 2926 er

110 2982 204 3062 parte
219 2975 335 3040 harum
354 2975 577 3041 conditionum
599 2995 672 3043 mox
693 2974 959 3060 exponendarum
976 2976 1058 3042 nihil
1079 2976 1214 3052 deficiat,

111 3100 145 3159 et
164 3092 295 3160 munde
324 3112 365 3159 ex
389 3092 543 3159 mandato
571 3092 784 3178 delegationis
807 3099 934 3160 constet
955 3092 1058 3178 judici
1079 3094 1216 3179 delegato

112 3209 262 3276 collatam
278 3207 377 3274 fuisse
392 3207 654 3294 jurisdictionem
677 3210 711 3272 in
735 3228 806 3275 eam
830 3227 1001 3274 causarum
1022 3218 1058 3282 et
1078 3227 1216 3295 persona

110 3344 184 3393 rum
199 3325 350 3409 speciem,
370 3324 411 3390 ad
426 3344 524 3411 quam
539 3326 683 3410 pertinet
698 3344 793 3390 causa
811 3325 1016 3408 particularis
1034 3324 1079 3392 de
1094 3347 1159 3413 qua
1169 3325 1216 3413 egi·

108 3437 177 3519 tur,
195 3438 456 3505 concludendum
472 3439 536 3506 erit
545 3439 691 3527 judicem
704 3441 796 3506 illum
814 3441 951 3507 relative
968 3439 1010 3507 ad
1028 3441 1111 3510 hanc
1132 3441 1216 3528 pani·

111 3556 254 3621 cularem
289 3574 418 3621 causam
439 3575 510 3622 esse
538 3562 778 3641 competentem
815 3579 823 3622 :
855 3555 952 3622 modo
981 3564 1092 3624 tamen
1125 3552 1215 3646 (quod

109 3690 238 3755 semper
260 3671 522 3739 subandiendum
543 3669 604 3756 est]
621 3673 721 3756 ipsius
732 3671 916 3758 jurisdictio
937 3691 1094 3757 suspensa
1109 3677 1163 3742 vel
1175 3691 1216 3739 su·

110 3787 199 3854 blata
216 3809 281 3854 non
299 3789 409 3868 fuerit,
429 3789 670 3855 interveniente
697 3790 801 3874 aliqua
825 3809 867 3855 ex
891 3790 976 3855 infra
1002 3786 1216 3858 enumerandis

111 3905 359 3971 circumstantiis
372 3925 443 3990 quae
464 3905 549 3972 hune
568 3905 722 3973 effectum
740 3906 873 3972 habent.
894 3907 971 3971 Haeo
986 3905 1029 3973 de
1043 3917 1216 3993 competeu·

107 4023 152 4089 tia
170 4041 231 4106 per
249 4020 489 4106 delegationem
504 4024 670 4109 acquisita.
692 4024 785 4089 Nunc
808 4022 851 4090 ad
871 4023 948 4090 alios
968 4023 1084 4092 modos
1102 4042 1217 4109 compe

106 4140 242 4204 tentiam
266 4140 300 4204 ri
320 4126 555 4224 j'arisdietiouis
579 4139 844 4206 extraordinariae
871 4139 1063 4225 acquirendi
1094 4140 1216 4225 gradum

106 4254 272 4322 faciamus.

147 4371 189 4439 ΙΙ,
212 4377 259 4439 ue
267 4376 481 4457 jurisdictione
491 4395 547 4458 per
560 4381 803 4460 prorogationem
815 4380 976 4458 acquisito.
996 4361 1042 4422 -ss
1057 4375 1105 4440 Ut
1117 4373 1218 4458 digno
