2714 4980
553 320 633 368 rans
655 319 768 366 rarus.
1152 308 1216 371 305

102 451 209 528 atum,
225 454 262 512 et
272 445 461 531 alliajuncta
472 445 645 532 abquando
656 447 795 531 plenam,
807 446 979 534 aliquando
995 448 1217 534 semi-plenam

102 563 362 650 «probationem
387 564 495 630 efficit.
523 589 539 626 s
568 565 877 653 (Scbmalzgrueber,
898 567 971 633 loco
989 563 1060 651 cit.)

144 689 228 751 Noto
244 687 277 749 2.
300 716 348 730 -
371 705 387 745 a
412 682 566 748 Probatio
576 687 650 765 plus
663 704 752 766 quom
767 685 942 767 semipleno
953 684 989 751 id
1007 684 1147 770 speciale
1162 684 1219 752 ha-

102 798 204 877 chet,
221 797 311 885 quod
325 798 498 884 aliquando
516 799 550 863 in
572 800 675 864 causis
690 799 840 864 civilibus
860 801 901 865 sit
918 799 1036 866 idonea
1054 799 1096 867 ad
1113 798 1222 867 teren-

104 915 214 982 sdam
237 916 449 994 sententiam,
477 916 602 981 etiamsi
626 915 857 982 adminiculum
882 917 1009 984 nullum
1034 916 1219 985 accedat.»

105 1031 421 1122 (Scbmalzgrueber,
437 1033 510 1099 loco
523 1031 594 1118 cit.)

147 1152 302 1234 Quasno
327 1158 370 1217 7⁸.
396 1154 510 1216 -Aa
535 1159 566 1215 et
590 1154 708 1233 woodo
729 1155 797 1216 duce
825 1155 1008 1236 semi-pleuto
1034 1156 1226 1237 probationes

104 1272 223 1349 sociam
234 1288 327 1332 uuam
334 1271 480 1350 plenam?
502 1302 548 1316 —
569 1267 733 1333 Sustinent
749 1269 919 1334 canonista
932 1268 1078 1352 plurimi,
1092 1288 1134 1334 ex
1148 1267 1226 1334 dua·

105 1383 168 1450 bus
178 1384 379 1468 semi-plenis
395 1403 554 1470 exurgere
569 1384 699 1470 plenam
715 1384 957 1468 probationem
973 1402 1034 1469 pro
1049 1404 1113 1471 quo
1125 1383 1226 1452 addu-

107 1508 188 1566 cunt
204 1509 303 1584 caput
319 1505 395 1567 Com
409 1522 529 1566 eausam
551 1501 617 1588 (13,
635 1504 673 1566 de
685 1499 838 1586 Probat),
862 1509 959 1585 eaput
983 1494 1135 1568 Protereo
1158 1502 1224 1590 (27,

107 1620 145 1682 de
158 1616 321 1702 Testtbos),
339 1625 373 1684 et
389 1626 487 1702 eaput
503 1617 599 1684 finale
615 1621 790 1685 desereres.
807 1622 845 1682 ab
859 1624 1011 1683 totostoto.
1031 1619 1096 1687 Sed
1112 1638 1230 1686 revera

108 1733 142 1801 id
153 1735 187 1800 in
207 1737 304 1801 sensu
319 1737 464 1820 rigoroso
480 1735 694 1802 terminorum
714 1735 842 1802 admitti
854 1737 979 1822 nequit.
993 1739 1084 1814 Nam,
1102 1736 1233 1803 fatenti·

109 1851 172 1918 hus
196 1850 359 1931 omnibus,
386 1851 494 1937 quoad
517 1871 629 1918 causas
653 1852 846 1930 criminales,
865 1852 1019 1918 necdum
1038 1872 1099 1918 nec
1120 1849 1236 1936 plures'

114 1968 317 2052 semi-plena
332 1968 539 2052 probationes
557 1970 685 2052 plenam
705 1967 865 2052 efficiunt3
883 1977 917 2036 et
934 1978 1046 2035 tamen
1064 1970 1089 2034 si
1104 1970 1233 2052 plenam

113 2086 147 2150 in
166 2085 278 2171 aliquo
293 2104 370 2149 casu
385 2105 465 2151 vere
489 2085 665 2163 efficerent,
683 2085 718 2151 id
735 2087 768 2150 in
784 2079 932 2153 omnibus
952 2087 1078 2152 casibus
1095 2085 1235 2152 deberet

113 2202 319 2286 contingere.
344 2202 476 2267 Rectius
491 2222 570 2287 ergo
585 2200 649 2268 dici
662 2222 756 2287 posse
771 2202 914 2281 videtur,
934 2203 1015 2269 duas
1030 2203 1235 2288 semi-plenas

113 2318 326 2403 probationes
340 2320 444 2384 bobert
454 2319 650 2403 regulariter
663 2337 724 2403 pro
741 2338 805 2384 una
821 2320 917 2404 plena
937 2330 971 2388 et
989 2321 1143 2388 eumdem
1163 2319 1238 2388 elle·

115 2441 209 2500 otum
220 2434 341 2501 sortiri.

160 2549 292 2614 Dicitur
306 2552 503 2632 reputantem·
526 2570 600 2616 nom
622 2553 837 2618 communiter
860 2551 1011 2618 doctores
1034 2552 1200 2637 excipiunt
1224 2573 1232 2618 ε

118 2670 151 2732 1⁰
166 2685 281 2732 causas
292 2667 484 2745 criminales,
502 2667 537 2731 in
548 2667 666 2753 quibus
685 2668 757 2734 dnae
774 2669 927 2753 pluresve
946 2669 1145 2754 semi-plena
1165 2688 1239 2754 pro-

112 2783 269 2850 bationes
287 2803 353 2850 non
367 2782 530 2848 sufficiunt
550 2783 591 2848 ad
615 2783 909 2863 condemnandum,
929 2786 987 2851 sed
1010 2785 1115 2851 solum
1134 2784 1176 2850 ad
1190 2785 1235 2851 in·
1254 2806 1256 2810 ·

112 2899 331 2987 quirendum3
350 2901 424 2986 quia
438 2919 556 2984 nempe
572 2901 603 2964 in
624 2900 784 2986 ejusmodi
809 2903 912 2967 causis
930 2904 1143 2986 requiruntur
1162 2920 1236 2986 pro·

111 3016 264 3082 bationes
274 3017 347 3082 luce
361 3016 539 3082 meridiana
555 3017 724 3101 clariores;
741 3025 839 3100 prout
854 3017 975 3083 dicitnr
989 3018 1023 3082 in
1035 3018 1108 3101 lege
1120 3018 1235 3084 ultima

111 3133 206 3199 tituli
219 3136 257 3197 cle
271 3135 511 3213 Probottoatbos,
527 3133 560 3197 in
574 3133 592 3197 J
596 3132 772 3198 ustinianeo
795 3132 927 3218 codiee;
948 3137 982 3199 2⁰
998 3153 1111 3199 causas
1123 3135 1235 3201 matri·

113 3250 289 3333 moniales;
310 3258 348 3315 ut
366 3269 484 3334 nempe
508 3250 740 3333 pronuntietur
766 3258 879 3316 contra
904 3251 1049 3318 valorem
1072 3251 1138 3337 jam
1163 3252 1233 3318 initi

112 3367 323 3446 matrimonii,
340 3366 437 3450 plena
452 3366 631 3452 requiritur
651 3367 821 3452 probatio;
843 3371 878 3434 3⁰
893 3387 1005 3434 causas
1020 3369 1130 3435 civiles
1148 3367 1232 3437 adeo

112 3482 245 3561 arduaS,
264 3491 301 3549 ut
316 3484 536 3549 criminalibus
554 3485 806 3568 aequiparentur.

157 3604 313 3684 Qumsmo
337 3605 370 3668 8⁸
382 3638 439 3666 .-
449 3605 576 3666 Cotoom
592 3603 743 3665 incumbat
755 3622 816 3665 rem
831 3607 989 3686 injudicio
1003 3612 1149 3668 assertam
1158 3625 1232 3687 pro·

113 3720 209 3783 baadi
229 3721 327 3781 orsus?
345 3752 391 3765 -
409 3718 435 3782 Ι.
462 3717 517 3781 Est
531 3717 643 3800 regula
657 3718 825 3800 generalis
848 3725 882 3783 et
901 3726 1055 3804 tanquam
1076 3728 1166 3786 certa
1189 3720 1230 3786 ab

112 3833 266 3901 omnibus
287 3833 441 3911 admissa,
460 3834 507 3899 illi
527 3833 715 3899 incumbere
740 3833 901 3917 probandi
924 3854 1004 3901 onus
1031 3838 1088 3920 qui
1109 3835 1230 3920 aliquid

112 3953 210 4019 alteri
228 3951 381 4017 nocivum
393 3951 426 4016 in
445 3949 566 4035 judicio
581 3949 730 4029 affirmat,
749 3971 808 4017 nec
830 3952 929 4018 habet
947 3972 1008 4036 pro
1024 3973 1057 4018 se
1076 3973 1231 4037 praesum-

112 4074 260 4157 ptionem
273 4069 365 4155 juris.
380 4071 430 4134 lta
446 4087 599 4152 expresse
615 4069 771 4134 statuitur
783 4070 857 4153 lege
872 4075 911 4134 Et
923 4075 1066 4136 tooombtt
1082 4074 1124 4160 (2,
1142 4072 1175 4138 ff.
1194 4077 1231 4141 de

114 4185 372 4271 hebetioribus),
389 4195 424 4253 et
438 4187 511 4270 lege
531 4190 571 4250 Ut
584 4190 714 4251 creditor
727 4187 770 4273 (l,
785 4206 813 4251 c.
827 4192 864 4252 de
876 4189 1130 4276 Probottootbus).
1149 4193 1230 4260 Hinc

115 4310 187 4395 quia
212 4306 385 4375 Ordinarie
408 4305 507 4370 Actor
529 4303 701 4388 injudicio
723 4304 858 4371 affirmat
879 4307 999 4392 aliquid
1022 4310 1055 4373 in
1079 4309 1232 4396 praejudi·

261 4425 280 4479 l.
1073 4423 1108 4481 20
