2714 4980
221 313 286 377 388
564 331 751 381 mortuus
773 334 817 381 os
839 335 986 385 suorcns.

220 452 398 537 Episcopus
428 454 591 521 vicarium
621 457 808 540 generalem
842 461 1065 547 constituere3
1091 464 1128 528 42
1158 465 1313 549 quotuplex

219 568 372 635 comatur
392 570 494 653 possit
514 570 662 638 vicarius
680 573 856 661 generalis3
879 578 913 641 50
932 593 996 662 qua
1021 576 1130 646 forma
1149 579 1313 646 constitutio

202 682 287 750 haee
301 684 375 754 lieri
389 684 521 754 debeat.

738 898 811 972 Sl.

233 1097 290 1156 Quis
303 1095 379 1145 ualeat
398 1093 505 1144 Vicarios
521 1094 637 1158 generalis
659 1095 779 1158 consului,
792 1108 834 1146 scu
857 1095 886 1147 de
904 1099 1025 1164 requisitis
1038 1099 1069 1151 ad
1086 1101 1206 1166 ejusmodi
1222 1103 1302 1156 obdm

694 1188 853 1253 quuhtatibus.

257 1392 409 1475 Quusrro
435 1393 595 1456 l¹.-Ao
613 1398 804 1473 espencaeus
824 1398 998 1475 requiratur
1014 1403 1051 1460 eet
1074 1402 1120 1461 stt
1139 1399 1311 1463 clericati-

213 1507 346 1574 Certum
362 1515 414 1573 est
426 1527 491 1573 uon
503 1525 597 1590 posse
617 1507 737 1573 assumi
754 1508 788 1571 iu
803 1500 965 1575 vicarium
980 1512 1176 1594 generalem
1190 1514 1248 1581 nisi
1264 1514 1311 1582 do

211 1625 326 1689 ricum.
346 1623 387 1690 Id
404 1630 529 1690 constat
552 1644 593 1690 ex
612 1643 652 1689 eo
670 1622 759 1708 quod
777 1623 852 1691 laici
877 1627 1098 1695 ecelesiastica
1120 1633 1251 1716 negotis
1262 1639 1311 1698 us

210 1747 299 1806 ctare
320 1739 565 1823 prohibeantur,
582 1747 681 1823 prout
697 1742 853 1806 statuitur
876 1743 982 1825 capite
1004 1748 1206 1813 Deceroimcs
1225 1747 1266 1836 (2,
1285 1748 1312 1811 de

207 1854 361 1942 Iudiciis),
381 1857 514 1942 aliisque
530 1856 677 1940 pluribus
688 1855 769 1942 juris
785 1858 941 1924 textibus.

252 1973 347 2040 Unde
358 1972 447 2059 quod
458 1973 572 2038 saltem
582 1979 770 2040 tonsuratus
777 1993 848 2040 esse
860 1973 981 2042 debeat
989 1976 1143 2044 Vicarius
1153 1979 1307 2064 generali,

207 2096 258 2156 est
279 2090 436 2155 unanimis
460 2086 634 2156 doctorum
656 2091 827 2156 sententia.
851 2092 995 2158 «Potest
1016 2093 1229 2162 nihilominus
1246 2114 1309 2181 pure

210 2229 226 2266 «
237 2206 339 2271 laicus
354 2205 397 2270 de
408 2205 538 2271 licentia
556 2213 591 2271 et
608 2206 814 2272 concessione
829 2207 926 2290 Papae
939 2226 1009 2274 esse
1030 2209 1184 2278 vicarius
1196 2231 1310 2297 genera

209 2345 224 2384 «
234 2324 275 2388 lis
288 2321 437 2406 Episcopi
450 2321 485 2386 in
499 2321 732 2406 spirituahbus.
750 2324 865 2390 Potest
880 2324 966 2389 enim
984 2325 1076 2410 Papa
1093 2327 1180 2395 laico
1198 2328 1310 2395 demto

211 2461 226 2500 a
241 2437 321 2503 dare
343 2455 454 2502 causas
473 2435 670 2502 clericorum
696 2437 793 2502 etiam
819 2438 1038 2505 criminales.»
1065 2440 1310 2528 (Leurcnim,d

209 2556 465 2635 VbertisEpise„
484 2572 556 2636 cap,
580 2556 609 2631 l,
629 2572 661 2637 q.
683 2553 751 2635 37.)
771 2555 806 2618 2⁰
819 2555 891 2619 Non
905 2562 1016 2620 tamen
1033 2559 1221 2642 requiritur
1237 2558 1309 2624 utsit

206 2671 240 2736 in
261 2667 435 2754 majoribus
456 2668 676 2735 minoribusve
699 2667 868 2735 ordinibus
890 2673 1100 2738 constitutus.
1125 2675 1186 2741 Est
1210 2675 1309 2760 putta

209 2787 368 2854 unanimis
383 2784 556 2852 doctorum
572 2786 749 2869 sententia;
766 2804 837 2870 quae
847 2786 934 2853 ineo
948 2787 1124 2871 fundatur,
1138 2789 1309 2878 quodnulb

208 2912 301 2973 extet
318 2905 374 2970 lex
390 2903 615 2981 ecclesiastica,
633 2901 743 2988 adjus
758 2921 928 2970 commune
942 2905 1126 2988 pertinens,
1144 2926 1218 2994 qure
1229 2908 1309 2975 idue

210 3021 392 3090 cessarium
406 3020 541 3104 fecerit3
559 3018 691 3086 aliunde
706 3039 786 3086 vero
804 3021 941 3104 simplex
961 3028 1154 3090 tonsuratus
1174 3027 1218 3092 sit
1231 3041 1309 3110 capu

206 3138 439 3224 jurisdictionis
454 3137 637 3220 spiritualis.
652 3139 688 3202 30
698 3138 737 3201 In
747 3136 857 3219 reguis
867 3144 979 3202 tamen
992 3137 1310 3220 liispaniarum,ibes

207 3256 280 3319 rius
301 3253 461 3338 generalis
485 3251 586 3318 debet
615 3271 685 3318 esse
711 3252 906 3319 sacerdotali
934 3251 1049 3320 ordine
1073 3254 1266 3341 insignitum
1280 3271 1309 3320 er

208 3371 439 3436 constitutione
456 3373 545 3434 Decet
566 3373 731 3433 Rornoocm
751 3368 927 3434 Clementis
946 3369 1034 3447 VIII,
1056 3387 1132 3455 quae
1155 3371 1310 3440 hodiedum

205 3485 313 3572 quoad
333 3485 395 3550 hoc
419 3485 530 3567 vigere
558 3482 719 3549 censenda
744 3490 804 3548 est.
831 3484 867 3547 40
882 3482 997 3565 Quoad
1020 3483 1202 3553 hodiernus
1223 3485 1308 3553 edic

207 3603 365 3696 Eeqlesim
388 3601 476 3667 nullo
499 3600 577 3668 mihi
597 3602 740 3667 occurrit
760 3600 843 3666 ratio
865 3599 1039 3666 dubitandi
1060 3603 1143 3689 quIn
1157 3600 1309 3690 urgentius

206 3735 389 3793 commune,
406 3715 441 3780 id
465 3725 527 3795 est,
545 3717 624 3800 quin
643 3715 743 3800 possit
760 3717 793 3781 in
808 3716 971 3781 vicarium
996 3720 1191 3801 generalem
1212 3715 1309 3785 assurd

205 3833 342 3918 simplex
355 3839 554 3897 tonsuratus.
572 3831 656 3898 Nihil
671 3833 757 3898 enim
771 3832 804 3897 ln
820 3831 1024 3900 Concordoto
1037 3837 1116 3901 anni
1129 3839 1216 3904 1802
1232 3849 1309 3919 repe·

205 3950 290 4017 ritur
305 3948 349 4015 de
365 3948 498 4015 Vicariis
509 3948 714 4032 generalibus
729 3954 900 4015 statutum.
919 3948 1023 4015 Solius
1037 3958 1152 4018 autem
1166 3947 1308 4020 saeuum

205 4064 376 4149 potestatis
398 4061 617 4129 ordinationes
641 4082 701 4129 seu
723 4063 871 4142 decreta,
889 4064 956 4130 vim
979 4084 1045 4131 nou
1072 4065 1199 4134 habent
1217 4069 1308 4133 immo

204 4179 297 4246 tandi
308 4178 391 4264 juris
410 4177 629 4244 ecclesiastici.
648 4181 682 4242 5⁰
698 4177 779 4243 Cum
794 4178 930 4258 clericis,
953 4177 1134 4265 majoribus
1157 4178 1306 4250 ordinibffl

206 4294 351 4362 nondum
361 4295 503 4374 initiatis,
522 4294 669 4360 illicitum
683 4295 804 4360 nonsit
821 4313 957 4363 uxorem
972 4294 1111 4378 ducere,
1129 4305 1204 4366 ortu
1218 4295 1307 4365 estin

203 4420 257 4479 ter
265 4412 443 4478 canonistas
457 4411 602 4494 questio,
616 4418 730 4477 utrum
743 4410 880 4478 cleribus
893 4409 945 4477 hio
959 4419 993 4479 et
1012 4431 1103 4480 nunc
1116 4410 1301 4484 matrimonio
