2714 4980
485 388 488 393 .
543 352 641 400 ¹PARS
662 352 777 400 Pulsis.

451 653 454 657 ·
563 608 793 769 ctumnuo
898 760 901 765 Ι

364 876 481 955 ionius
505 884 633 944 unionis
661 876 774 943 randis
797 857 995 943 calculans,

113 1187 128 1241 ’ζ
158 1175 234 1242 dou
260 1173 519 1241 ntireturlcotor
527 1171 642 1241 claudi
659 1171 726 1257 jam
739 1172 923 1239 institutam
933 1174 976 1239 de
992 1174 1109 1237 sunus
1129 1177 1164 1236 er
1181 1192 1238 1253 pr·

113 1310 190 1357 orere
207 1288 492 1373 disceptationem,
508 1297 546 1358 et
560 1289 719 1374 reliquas,
740 1307 813 1374 quse
832 1287 878 1355 ad
898 1286 989 1355 idem
1007 1295 1237 1372 argumentum

113 1405 327 1484 resumetur,
347 1406 543 1490 pastores
556 1404 599 1475 ud
614 1403 790 1476 secundun
804 1411 965 1471 tractatus
979 1412 1112 1488 partam
1130 1403 1233 1491 rejicit

115 1525 182 1589 llus
199 1524 336 1591 sniumei
352 1523 566 1591 coluissemus
579 1521 692 1608 quoad
712 1522 817 1588 omnis
840 1522 1018 1605 generatim
1042 1520 1163 1606 judicia
1187 1535 1238 1592 ab·

114 1639 299 1707 dcsimtioa
324 1639 471 1722 primum
487 1639 660 1718 avulsere,
682 1637 910 1707 debuissemus
926 1645 1050 1722 postea,
1069 1636 1238 1709 «defractis

116 1753 735 1840 impartieulmijudioimumspeoiebus
746 1753 949 1833 dumnaudo,
961 1755 1068 1840 aliqua
1081 1772 1125 1821 ex
1141 1763 1236 1839 purte

117 1872 345 1939 nuoearerbr
354 1872 603 1956 argobreritati
614 1871 855 1948 consuleretur,
869 1871 975 1939 risum
985 1879 1036 1938 est
1048 1873 1239 1955 geserdem

117 1987 157 2054 de
170 1987 360 2074 hujusmodi
373 1988 613 2074 questionibus,
630 2000 702 2073 quae
716 1987 767 2055 bio
783 1988 994 2066 omittsmtur,
1012 1989 1182 2054 uodonem
1193 1990 1238 2057 ud

115 2125 152 2171 ea
166 2104 359 2189 posterioris
373 2105 555 2187 partitionis
569 2104 643 2170 loca
655 2105 837 2182 remittere,
861 2103 920 2169 ubi
941 2102 984 2168 de
1002 2104 1116 2170 iisdem
1130 2107 1239 2191 quoad

113 2223 258 2308 aliquam
277 2220 474 2305 judiciorum
501 2221 793 2287 ecclesiasticorum
812 2222 954 2305 speciem
970 2221 1107 2288 dicendi
1126 2242 1238 2288 occur-

110 2348 163 2407 ret
182 2339 370 2404 necessitas.

156 2455 276 2538 Quoad
292 2452 446 2520 traditam
462 2472 542 2519 vero
557 2452 622 2518 buc
640 2472 741 2539 usque
752 2452 945 2534 doctrinam,
960 2472 1024 2520 non
1039 2456 1136 2521 unius
1152 2456 1237 2525 forte

107 2572 249 2639 lectoris
269 2577 422 2648 mentem,
445 2569 566 2634 subibit
591 2570 755 2653 cogitatio,
775 2572 880 2636 minus
898 2579 994 2637 cauto
1012 2573 1134 2638 calamo
1151 2593 1237 2639 com-

108 2695 221 2756 motas
236 2707 254 2752 a
274 2706 325 2752 me
341 2685 439 2751 fuisse
457 2685 575 2751 arduas
590 2685 747 2771 quasdam
762 2688 965 2770 quaestiones,
988 2707 1058 2772 quae
1077 2708 1139 2772 pro
1153 2709 1236 2773 prse-

108 2806 259 2874 sentium
274 2812 461 2888 temporum
475 2805 600 2869 ratione
620 2804 781 2869 nonnullis
809 2803 976 2869 offensioni
996 2825 1066 2871 esse
1088 2807 1232 2888 possint:

106 2923 275 3007 imprimis
296 2940 413 3005 nempe
430 2921 487 2986 ubi
503 2921 672 3004 proprium
698 2919 861 2984 secularis
883 2927 917 2985 et
940 2921 1147 2985 ecclesiastici
1172 2921 1236 2986 fori

108 3039 282 3127 objectum
295 3028 777 3104 determinavimusssldtal‘dcn
788 3037 815 3112 si
829 3035 915 3102 forte
931 3039 1004 3122 quis
1017 3037 1095 3102 mihi
1110 3039 1235 3103 crimini

107 3154 314 3224 vertendum
337 3155 508 3232 existimet,
531 3152 725 3238 perpendat,
748 3173 823 3231 oro,
845 3172 923 3218 num
938 3155 1008 3238 ipse
1024 3157 1230 3238 scriptorum,

107 3272 243 3360 quihac
263 3278 373 3336 nostra
389 3277 484 3335 aetate
502 3269 544 3335 de
561 3269 635 3355 jure
651 3288 743 3335 sacro
754 3276 908 3349 tractant,
927 3280 1038 3354 partes
1056 3279 1154 3356 atque
1172 3272 1235 3337 offi·
1340 3329 1343 3333 .

108 3391 200 3454 cium
225 3388 330 3452 minus
350 3393 442 3452 recte
465 3387 635 3469 intelligat.
658 3387 727 3452 Etsi
751 3388 837 3451 euim
863 3405 920 3452 eos
941 3389 996 3472 qui
1017 3390 1065 3452 rei
1089 3397 1235 3470 praesunt

108 3504 355 3582 ecclesiastice,
381 3501 574 3589 quandoque
609 3501 737 3580 deceat,
768 3509 927 3568 attentata
959 3511 1071 3568 contra
1098 3505 1233 3570 Romani

108 3620 283 3689 Pontificis
294 3629 550 3705 ceterorumque
564 3619 740 3702 praesulum
750 3617 813 3704 jus,
824 3619 1007 3704 prudenter
1016 3620 1228 3698 dissimulare,

106 3740 176 3805 imo
195 3744 232 3804 et
255 3735 297 3802 de
317 3737 379 3804 boc
400 3735 475 3821 jure
498 3737 591 3818 plura
608 3735 750 3802 libenter
769 3735 868 3823 (salva
885 3743 994 3802 tamen
1010 3736 1158 3802 catholici
1172 3736 1231 3803 do·

108 3855 229 3942 gmatis
254 3850 403 3938 essentia)
424 3852 612 3935 remittere3
637 3860 752 3917 atvero
775 3852 902 3935 privato
925 3853 1076 3935 scriptori
1108 3872 1229 3938 nequa-

108 3991 209 4059 quam
232 3971 313 4035 licet
338 3968 427 4035 idem
448 3967 501 4053 jus
525 3976 679 4033 truncum
704 3969 930 4053 mutilumque,
963 3970 1059 4034 etiam
1088 3964 1231 4048 silendo,¹

109 4087 285 4171 exhibere,
305 4084 365 4151 sed
388 4083 476 4164 vela
493 4083 653 4149 tradenda
679 4080 777 4149 bucce
801 4083 968 4167 disciplina
984 4083 1155 4162 abstineat,
1173 4086 1228 4150 vel

109 4212 258 4291 pernotae
273 4202 335 4268 sibi
345 4202 477 4269 raritati
493 4201 714 4267 testimonium
728 4199 872 4265 fideliter
885 4200 1015 4266 reddat.
1030 4200 1135 4284 Quod,
1153 4222 1227 4267 cum

110 4310 361 4404 omnitempore
378 4319 478 4402 ipsius
494 4316 631 4383 officium
647 4318 699 4396 sit,
717 4325 793 4382 tunc
804 4335 884 4382 vero
902 4316 956 4382 vel
974 4317 1112 4382 maxime
1127 4335 1228 4403 quan-

112 4438 154 4504 do
168 4456 301 4507 errores
318 4436 458 4519 oppositi
482 4433 639 4501 audacter
656 4439 864 4519 sparguntur,
883 4441 917 4498 et
931 4452 950 4497 a
968 4434 1046 4500 viris
1059 4433 1157 4501 etiam
1170 4436 1227 4520 qui
