2714 4980
529 307 608 356 nnus
629 307 743 354 rarus.
1127 292 1187 357 las

56 441 180 523 einim
194 437 255 504 nisi
266 437 353 503 forte
366 438 400 502 in
412 436 517 520 aliquo
530 436 618 500 curia
631 435 847 530 ecclesiastica
859 434 996 500 officium
1010 435 1091 501 illud
1106 442 1190 501 esset

54 553 268 642 publicum5·
287 560 366 617 tunc
389 553 474 617 enim
491 549 533 615 ad
560 549 720 635 ejusmodi
738 550 878 616 officium
902 552 1086 636 approbati,
1104 573 1192 618 com·

55 668 158 750 pelli
171 675 305 752 possent
318 667 415 741 eiiam
429 667 533 735 inviti.
551 668 600 731 lta
615 664 766 731 doctores
784 668 1009 731 communiter.

583 950 598 1021 5
622 945 676 1010 IV.

71 1180 161 1235 Utrum
179 1188 258 1238 clerici
277 1187 369 1248 possim
383 1186 493 1236 constitui
510 1193 674 1248 procuratores
693 1194 716 1234 et
730 1187 849 1248 aduocari,
864 1188 912 1237 siue
927 1201 1004 1237 coram
1022 1191 1193 1253 ecclesiastico,

418 1281 467 1330 sire
481 1293 558 1330 coram
573 1281 678 1330 seculari
691 1281 760 1330 etiam
771 1281 858 1343 judice.

114 1527 196 1593 Non
218 1529 329 1612 parvis
350 1526 590 1592 difficultatibus
611 1526 796 1592 intricatam
817 1506 1027 1613 questionem
1051 1531 1197 1614 aggredi-

78 1649 168 1722 mur,
185 1644 227 1711 ad
244 1663 341 1729 quam
360 1642 548 1710 solvendam
567 1643 646 1707 utile
666 1644 770 1708 uisrnn
791 1653 841 1709 est
856 1645 960 1710 varios
978 1646 1118 1727 primum
1133 1648 1199 1713 col·

73 1745 184 1832 ligere
197 1768 308 1826 textus
323 1760 380 1844 qui
396 1777 467 1823 eam
481 1759 644 1824 illustrare
661 1765 795 1841 possunt
810 1781 817 1823 :
836 1767 906 1823 tum
917 1759 1003 1845 ,quid
1015 1760 1097 1845 juris
1112 1780 1198 1827 com-

67 1877 189 1942 munis
214 1877 313 1943 hodie
345 1877 387 1941 sit
412 1875 619 1960 subjungere.
647 1873 800 1955 Quamvis
824 1881 933 1940 autem
960 1877 1021 1942 sub
1045 1880 1199 1960 prasenti

63 1987 189 2063 cipite
204 2012 268 2059 non
283 2010 413 2076 agamus
430 1990 471 2057 de
493 1990 668 2068 advocatis,
690 1989 749 2054 sed
765 1989 934 2056 dumtaxat
949 1991 991 2057 de
1010 2001 1200 2076 procurato

55 2091 189 2187 libum,
218 2116 356 2194 propter
383 2106 525 2173 materia
557 2107 805 2183 connexionem,
837 2105 915 2190 quid
943 2108 1066 2173 clericis
1093 2106 1201 2193 quoad

52 2217 261 2310 utrumque
278 2224 418 2291 officium
431 2224 526 2319 liceat
544 2222 639 2289 simul
651 2222 705 2286 hic
719 2222 953 2305 expendemus,

628 2502 654 2565 1.

196 2736 362 2798 colliduntur
374 2738 459 2785 leatus
470 2731 563 2797 quibus
576 2732 709 2783 illustrare
719 2746 793 2795 possa
807 2733 971 2796 questionem
984 2735 1094 2784 uidetur.

90 2967 180 3049 Sic
206 2983 354 3049 decrevit
377 2979 552 3063 Gregorius
581 2979 626 3044 Ill
647 2997 730 3043 anno
760 2980 866 3042 1230:
886 2982 960 3041 Cum
981 2980 1143 3041 sacerdotis
1162 2985 1204 3042 sit

58 3080 218 3164 fficium
240 3093 320 3162 nulli
340 3115 452 3174 norme,
472 3096 608 3158 amnibus
626 3100 725 3156 autem
740 3094 816 3154 aelle
829 3095 981 3174 prodesse,
1004 3112 1063 3156 nan
1075 3099 1136 3156 nisi
1144 3114 1204 3174 pro

58 3201 194 3297 *dP-so,
214 3217 264 3279 uel
281 3216 414 3277 Ecclesia
428 3231 502 3290 sua,
520 3213 567 3273 uel
583 3209 621 3296 (si
636 3214 794 3272 necessitas
809 3205 974 3291 immincat)
993 3230 1049 3290 pro
1067 3216 1205 3292 personis

63 3331 253 3404 ilnjumrss
275 3339 330 3394 aut
352 3308 587 3406 miserabilibus,
609 3329 667 3390 sibi
686 3329 800 3388 licitum
819 3334 863 3388 est
883 3329 1048 3407 postulare.
1072 3330 1205 3391 Clericus

65 3445 200 3532 alitem,
219 3455 273 3533 qui
289 3452 393 3511 cantra
412 3448 575 3510 Ecclesiam
588 3465 608 3507 a
621 3465 678 3525 qua
695 3444 867 3520 beneficium
883 3446 1006 3522 obtinet,
1024 3465 1082 3526 pro
1101 3454 1206 3508 extra-

65 3558 147 3623 ”02'8
167 3571 331 3633 advocatus
350 3567 398 3627 uel
417 3569 595 3645 procurator
617 3579 678 3622 esse
696 3566 868 3640 praesumit,
897 3568 1039 3641 tanquam
1065 3568 1205 3642 ineratus

64 3677 184 3747 arten
199 3683 342 3770 (manime
355 3682 516 3743 siclericus
527 3683 568 3739 sit
579 3679 708 3758 ejusdem
721 3673 870 3757 Ecclesiae)
887 3677 1026 3754 beneficio
1036 3678 1205 3758 hujusmodi
1296 3692 1298 3694 ’

67 3794 230 3863 ⁸P01iarl;
244 3796 334 3884 (Gap.
352 3800 384 3876 3,
403 3793 491 3859 tituli
504 3796 558 3870 37,
574 3792 651 3857 libri
670 3795 680 3854 l
702 3789 943 3875 decretalium)
1018 3815 1022 3821 ·

84 3980 87 3986 .
115 3909 311 3980 Canonium
325 3914 542 3978 lateranense
557 3909 632 3972 anni
646 3910 731 3975 1179
748 3931 754 3973 :
783 3910 893 3971 Clerici
905 3914 939 3971 ira
949 3911 1164 3973 subdiaconatu
1175 3920 1204 3993 ct

71 4027 184 4098 ⁸'‘Pra
200 4032 239 4118 (et
253 4037 287 4094 in
299 4030 454 4092 ordinibus
467 4046 579 4107 quoque
593 4028 758 4089 minoribus
778 4031 805 4087 si
825 4027 983 4105 stipendiis
1001 4028 1204 4091 ecclesiasticis

74 4139 318 4227 81ἱδτιηιτιήττιν),
338 4161 438 4204 coram
451 4141 589 4203 seculari
595 4141 699 4221 judice
712 4141 851 4200 aduocati
865 4143 898 4199 in
912 4144 1039 4218 acautiis
1052 4145 1206 4206 saeculari-

78 4238 146 4312 Μ
170 4261 235 4336 fieri
252 4279 311 4322 nan
322 4260 604 4340 presumant;‚nisi
614 4260 770 4336 propriam
789 4273 906 4315 causam
926 4256 973 4314 rel
989 4258 1127 4319 Ecclesia
1144 4281 1205 4322 suae

83 4357 208 4440 illerum
214 4380 399 4460 prosequuti,
416 4381 471 4436 aul
484 4392 543 4454 pro
557 4372 777 4434 miserabilibus
795 4372 873 4448 forta
890 4379 1036 4452 personis,
1056 4394 1120 4453 qiam
1132 4397 1206 4458 pro-

203 4489 225 4552 l.
373 4532 375 4537 .
932 4476 936 4488 '
1068 4485 1101 4541 ra
