2714 4980
496 347 575 395 1111
596 346 710 394 rarus.
1101 331 1164 396 135

99 473 322 557 assuscipiens
334 474 369 538 in
381 469 503 558 judicio
516 470 676 538 defendat
693 489 701 533 :
721 469 757 536 id
770 468 858 535 enim
874 474 987 552 aperta
1001 488 1167 537 mercena-

97 589 133 654 11
154 607 255 672 opera
280 611 288 655 ε
313 598 348 655 et
369 607 465 656 nemo
488 589 553 655 tale
575 587 654 673 quid
674 605 773 670 agens
794 593 911 653 nostras
936 585 1167 652 moderationis

97 707 279 792 upphcium
302 706 433 790 effugiet
460 728 467 771 :
496 714 715 790 preterquam
739 705 767 769 si
790 704 877 769 forte
900 722 975 768 cum
998 705 1040 769 sit
1071 724 1167 770 causa

96 822 322 901 ecclesiastica,
351 822 485 889 anobis
506 820 663 907 jubeatur
686 820 822 886 alterius
849 820 1044 903 litigantium
1067 820 1168 902 partis

96 938 308 1007 {drumonem
334 941 519 1024 suscipere3
542 947 623 1005 tunc
645 939 733 1003 enim
755 944 973 1022 praeterquam
994 935 1084 1022 quod
1103 956 1169 1002 non

96 1056 150 1122 nit
160 1057 422 1141 reprehensionis
431 1075 517 1140 spes,
533 1056 569 1120 in
586 1074 716 1140 poenam
731 1073 859 1141 quoque
874 1073 939 1118 non
954 1052 1062 1120 cadet.
1081 1054 1171 1118 Prae·

96 1190 161 1238 ens
179 1180 291 1238 autem
306 1172 490 1238 subnotatio
505 1173 539 1235 in
555 1171 705 1236 omnihus
721 1190 850 1256 quoque
873 1169 1020 1237 civilibus
1042 1169 1172 1255 judiciis

96 1290 152 1374 egi
160 1287 249 1374 jussa
261 1295 321 1368 est,
339 1297 378 1354 ut
392 1308 465 1354 oum
475 1288 578 1354 nostri
590 1286 717 1353 deonoti
729 1288 895 1353 scientiam
915 1286 1099 1364 habuerint,
1117 1306 1173 1352 eos

96 1405 218 1471 *mnino
227 1423 293 1470 non
305 1404 479 1471 admittant
493 1401 536 1468 ad
545 1402 674 1467 illorum
690 1421 801 1468 musas
815 1400 968 1485 agendas.
984 1431 998 1457 a
1020 1401 1172 1488 (Citatum

96 1520 145 1587 ud
167 1520 343 1600 Ganzalen,
373 1520 640 1586 commentarium
664 1519 699 1585 in
721 1537 791 1603 cap.
814 1522 847 1597 3,
872 1519 960 1584 tituli
984 1522 1038 1599 37,
1056 1517 1134 1584 libri
1155 1522 1167 1583 1

96 1634 299 1720 cretalium.)

101 1753 323 1838 §.Gregorius
338 1755 472 1838 Magnus
488 1754 533 1840 (in
543 1772 673 1837 evang„
690 1751 821 1817 homilia
842 1750 894 1836 17)
915 1774 922 1818 :
941 1757 1014 1816 Eece
1021 1759 1090 1836 jam
1100 1771 1178 1834 pene

95 1871 145 1934 :lla
152 1879 195 1934 est
204 1872 305 1934 seculi
313 1877 403 1951 actio,
417 1891 506 1952 qnam
520 1890 580 1934 nen
597 1872 763 1933 sacerdotes
772 1872 998 1934 administrent.
1013 1873 1092 1934 Dum
1106 1888 1177 1950 erqo

112 1991 210 2047 mnata
227 1984 341 2046 habitu
354 1989 530 2062 constituti,
554 1987 707 2047 eateniorn
730 1989 800 2045 sunt
822 2001 890 2063 qum
911 1982 1063 2061 exhibent,
1092 1987 1180 2063 qnasi

96 2103 226 2163 minerii
242 2101 358 2180 lapides
374 2101 451 2180 soris
458 2104 573 2181 jacent.

110 2212 283 2279 Concilium
299 2217 445 2280 Vernum
464 2215 539 2279 anni
559 2216 635 2291 755,
651 2232 773 2278 canone
792 2214 832 2277 16
853 2232 860 2277 :
890 2215 930 2276 Ut
948 2215 1050 2277 clerici
1074 2217 1183 2290 condu,

95 2344 157 2393 ores
169 2351 229 2394 non
242 2336 316 2410 unt,
331 2331 384 2392 nac
394 2337 454 2410 est,
471 2337 507 2394 nt
521 2350 581 2394 non
592 2330 720 2393 habeant
733 2334 863 2392 artiones
873 2331 1041 2410 saeculares,
1053 2335 1116 2394 nisi
1123 2352 1182 2414 pro

95 2460 154 2509 tuso
166 2448 380 2529 orphanorum
397 2449 447 2510 nel
458 2449 631 2527 vidnsarnm,
648 2448 697 2510 ael
711 2449 911 2526 ecclesiarum,
933 2449 1094 2513 ordinante
1112 2452 1183 2533 Epa·-

95 2576 149 2640 upo
162 2583 214 2625 suo
227 2565 276 2625 ael
290 2565 416 2626 Abante.

108 2674 286 2745 'Concilium
300 2679 523 2763 Moguntinum
535 2681 612 2746 anni
630 2683 707 2757 813,
723 2698 846 2745 canone
870 2682 922 2760 14,
947 2679 1076 2773 clericis
1100 2686 1184 2749 veti-

95 2803 138 2855 uu
150 2793 249 2859 iacit:
268 2798 477 2859 Contentiones
492 2804 521 2859 et
541 2798 608 2859 lites
630 2799 677 2859 ael
695 2803 783 2859 riuos
797 2816 919 2876 omare;
933 2803 968 2861 in
978 2799 1104 2879 placitis
1128 2818 1184 2862 sae·

94 2907 212 2973 1113111
224 2913 392 2993 disputare,
410 2921 533 2994 recepta
553 2915 723 2994 defensione
738 2915 940 2993 orphanmum
954 2921 985 2976 et
996 2916 1158 2978 cidamum
1167 2939 1183 2994 ‚-

94 3026 252 3091 mauron
261 3035 316 3091 aut
324 3037 537 3110 procuratores
548 3050 610 3093 esse
621 3032 810 3093 secularium
822 3048 935 3093 rerum.

115 3138 314 3207 Innocentius
327 3144 385 3222 111,
404 3147 600 3224 11101216,
618 3146 653 3209 in
665 3145 801 3210 concilio
816 3143 979 3228 generali:
998 3149 1183 3210 Sententiam

94 3262 240 3335 l’laur‘nius
253 3261 355 3323 nullus
369 3263 494 3324 clericus
514 3263 606 3325 dictet
629 3268 684 3324 aut
700 3264 862 3342 proferat,·
877 3264 929 3324 sed
949 3281 1001 3325 nec
1026 3268 1183 3343 sanquinis

94 3367 228 3438 imnum
252 3383 400 3456 exerceat,
430 3384 484 3441 ant
508 3379 561 3441 uda·
584 3383 757 3440 coerceatur
782 3382 915 3442 intersit.
945 3378 1036 3464 (Cap.
1058 3383 1183 3445 Senten-

94 3480 144 3551 'un
157 3492 188 3568 3,
204 3488 294 3555 tituli
307 3491 360 3568 50,
380 3489 455 3556 libri
469 3494 488 3557 3
508 3488 651 3574 decret.)

118 3600 287 3671 Concilium
298 3607 536 3697 Tarraconense
546 3626 618 3690 cap.
635 3610 671 3672 11
690 3611 822 3675 :Nullus
835 3610 1045 3674 eunuchorum
1055 3613 1184 3691 [mensis

94 3728 176 3796 ennii
191 3730 342 3806 susceptor
352 3725 400 3786 ael
412 3732 552 3788 executor
563 3732 688 3805 earistat,
701 3732 764 3790 nisi
773 3730 853 3808 qamd
863 3733 1040 3791 monasterii
1051 3734 1184 3810 exposcit

94 3833 193 3915 tilitas,
204 3840 317 3901 Abdate
331 3841 390 3902 sida·
403 3840 597 3903 nihilominus
611 3847 787 3922 imperante.
808 3839 915 3928 (Apud
928 3840 1180 3920 Thomassinum,

94 3940 502 4038 Γ1111111111«11’1ο.,1111.
524 3957 598 4033 3,1.
617 3959 649 4034 3,
671 3975 700 4021 c.
723 3960 825 4035 17,1.
847 3954 914 4040 14.)

116 4062 288 4134 Concilium
303 4068 518 4149 londinense,
543 4073 738 4151 11111103,
763 4090 886 4138 canone
910 4076 959 4138 2:
986 4077 1032 4138 Ne
1056 4076 1183 4155 quilibet

93 4171 165 4249 ¹utri
176 4190 240 4252 sint
253 4188 442 4252 secularium
451 4195 610 4271 preposita·
623 4191 672 4253 vel
681 4197 904 4272 procuratores,
923 4192 1102 4272 autjudiccs
1116 4212 1184 4258 san·

93 4301 176 4367 unu.

117 4403 290 4484 Concilium
306 4405 498 4489 amnena,
514 4411 589 4478 anui
606 4413 702 4489 1131,
728 4413 888 4477 cananei}
907 4431 915 4478 ε
943 4414 1046 4478 Prona
1064 4434 1184 4480 conme-
