2714 4980
549 318 629 366 rsns
651 319 810 366 sncuuns.
1179 304 1244 368 425

120 464 139 505 a
157 449 274 523 tatem,
290 451 464 528 antequam
471 443 617 509 Vicarius
625 444 712 509 illam
728 451 896 528 exerceat3
914 452 949 511 et
961 451 1041 510 tunc
1053 452 1105 510 est
1115 445 1246 512 omnino

120 583 139 622 a
158 558 347 643 probanda,
361 580 423 626 nec
449 561 601 644 praesumi
623 559 723 626 debet
746 568 802 626 aut
826 560 959 644 sufficit3
982 558 1168 626 alias'actus
1182 562 1247 628 erit

120 698 139 737 a
157 676 271 740 nullus
290 675 361 758 ipsa
374 674 448 761 jure
472 697 479 741 :
501 676 555 741 vel
580 684 720 759 negatur
745 675 901 760 praedicta
921 676 1059 742 facultas
1077 683 1245 761 postquam

119 814 139 854 «
158 791 309 856 vicarius
335 810 374 856 ea
389 809 468 856 usus
489 798 549 868 est,
565 796 599 855 et
616 799 696 856 tunc
710 793 737 856 si
753 792 900 857 vicarius
910 793 965 857 rel
982 791 1052 878 ejus
1065 790 1247 876 praedeces-

119 927 139 969 a
156 925 213 971 sor
232 908 449 972 communiter
466 907 612 990 explevit
629 927 666 973 ea
682 926 753 992 quae
770 907 943 993 requirunt
957 909 1131 991 specialem
1147 908 1247 974 facul·

118 1043 138 1083 «
154 1028 273 1099 tatem,
302 1021 441 1087 maxime
475 1024 635 1106 Episcopo
665 1030 836 1106 prasente,
871 1031 920 1089 est
947 1024 1175 1106 presumenda
1190 1024 1245 1089 illa

118 1161 139 1200 a
153 1138 353 1221 facultas...;
370 1157 443 1203 cum
460 1156 590 1220 semper
607 1146 825 1221 praesumatur
840 1158 902 1223 pro
920 1139 1086 1206 validitate
1101 1148 1203 1222 actus.
1226 1162 1242 1200 a

117 1254 326 1340 (Leurenius,
344 1258 381 1318 de
398 1259 529 1318 Vicariis
541 1259 657 1336 Episc,
678 1274 749 1338 cap.
770 1258 802 1332 2,
820 1272 852 1340 q.
876 1252 965 1339 103.)

162 1371 316 1451 Qumsmo
340 1375 386 1436 3⁸.
404 1407 450 1418 -
464 1375 545 1435 Nam
570 1375 707 1434 Vicarias
726 1375 875 1452 pecoralis
890 1375 1042 1453 Episcopi,
1054 1378 1110 1454 jas
1133 1372 1244 1438 tabeat

113 1487 301 1547 cumulatior
316 1487 523 1564 concurrendi,
540 1489 574 1547 in
585 1460 848 1548 administratione
860 1488 1120 1549 Sacramentaram
1131 1494 1161 1550 ct
1169 1507 1246 1570 pea-

113 1602 270 1666 dicationc
288 1603 372 1664 aerii
383 1604 451 1680 Dei,
466 1620 532 1663 cam
543 1603 678 1664 omnibns
690 1604 813 1664 Curatis
827 1602 1026 1664 dimcesisi-
1033 1600 1245 1684 Responden-

114 1716 200 1782 dum
208 1714 409 1794 affirmative,
421 1724 456 1782 et
467 1714 599 1800 quidem
608 1714 729 1799 absque
739 1715 805 1780 ullo
813 1715 944 1798 speciali
954 1716 1105 1799 Episcopi
1115 1716 1246 1782 manda-

113 1840 163 1898 to.
187 1833 253 1898 Ista
269 1831 354 1897 enim
366 1831 532 1914 pertinent
545 1829 587 1895 ad
601 1829 797 1895 ordinariam
805 1829 955 1913 Episcopi
967 1828 1237 1914 jurisdictionem,

114 1968 156 2014 ac
187 1947 326 2031 proinde
355 1948 453 2012 etiam
474 1944 517 2010 ad
538 1945 733 2010 ordinariam
757 1943 1015 2030 jurisdictionem
1042 1947 1162 2011 Vicarii
1185 1965 1242 2030 ge·

115 2064 251 2142 neralis,
288 2083 363 2128 cum
385 2061 475 2127 nullo
496 2060 578 2147 juris
604 2067 699 2126 textu
722 2061 855 2144 probari
877 2062 1001 2144 possint
1032 2079 1101 2127 esse
1133 2058 1176 2127 de
1203 2063 1242 2128 iis

113 2201 179 2266 pro
193 2176 312 2265 quihus
325 2178 466 2262 speciale
487 2174 675 2241 mandatum
690 2179 888 2261 requiratur.
919 2175 1012 2261 (Vide
1029 2177 1238 2257 Leureninm,

113 2297 192 2363 loco
211 2292 281 2373 cit,
299 2313 331 2378 q.
352 2291 443 2376 118.)

163 2410 371 2493 Quusr104⁰.
389 2446 435 2458 -
448 2413 528 2474 Nam
540 2411 660 2471 absente
674 2411 818 2491 Episcopo
828 2413 1079 2489 possitVicarins
1093 2413 1243 2491 petieratis

113 2532 229 2611 absque
243 2530 367 2609 speciali
382 2529 525 2589 mandato
538 2529 711 2607 dispensare
724 2529 757 2586 in
771 2529 931 2588 intertitiis
941 2528 1081 2589 ordinem
1091 2528 1106 2588 i
1116 2563 1163 2574 -
1179 2525 1243 2592 Re·

114 2642 350 2730 spondendum
366 2640 554 2707 affirmative
567 2660 641 2705 cum
653 2643 804 2722 Eagnano
813 2640 856 2726 (in
872 2660 944 2723 cap.
965 2644 1002 2704 ate
1016 2645 1071 2719 Eo,
1088 2645 1126 2705 de
1137 2647 1238 2724 Temp.
1294 2646 1296 2651 ’

114 2764 279 2838 ordinat,
297 2778 331 2822 n.
353 2755 418 2841 1233
433 2757 488 2842 qui
507 2763 621 2821 auctor
637 2755 751 2820 asserit
766 2754 849 2820 hanc
874 2773 944 2820 esse
972 2756 1171 2821 sententiam
1188 2756 1241 2821 Sa-

114 2895 184 2942 orae
201 2872 467 2958 Congregationis
484 2871 629 2938 Consilii.

163 2991 317 3072 Quasmo
343 2991 386 3052 5¹.
404 3023 451 3035 -
463 2992 543 3052 Nam
559 2991 655 3068 possit
666 2990 802 3049 Vicarias
816 2989 965 3067 pancratis
980 2989 1088 3068 aisque
1118 2991 1242 3068 speciali

113 3109 265 3173 mandato
278 3108 428 3169 absolvere
442 3106 479 3167 at
497 3107 797 3166 excommunicatione
814 3122 904 3184 qnam
915 3107 978 3185 ipsc
994 3105 1088 3182 taiit,·
1102 3110 1133 3166 ct
1146 3122 1187 3166 cn
1204 3104 1242 3167 ab

114 3226 424 3288 encommanicatione
442 3222 585 3282 canonis?

168 3336 263 3403 i⁰Ab
277 3334 610 3401 excommunicatione
630 3352 726 3418 quam
739 3335 809 3418 ipse
823 3335 899 3401 tulit
910 3343 958 3399 ati
967 3341 1106 3400 Vtcartas
1118 3354 1243 3418 peneca-

115 3458 172 3535 tis,
186 3458 298 3536 potest
309 3449 477 3515 absolvere
497 3447 618 3532 absque
633 3448 766 3531 speciali
783 3449 936 3515 mandato
952 3451 1112 3535 Episcopi.
1188 3460 1190 3465 '

165 3573 201 3634 2⁰
219 3568 268 3633 Ab
285 3564 616 3634 excommunicatione
630 3584 727 3651 quam
747 3566 825 3631 tulit
847 3573 895 3630 ati
910 3570 1064 3648 detepatns
1077 3567 1238 3650 Episcopi,

114 3686 292 3753 absolvero
324 3682 439 3768 nequit
478 3680 600 3766 absque
631 3679 777 3766 ejusdem
805 3681 955 3779 Episcopi
988 3681 1146 3745 facultate
1170 3698 1241 3763 spe·

114 3801 204 3868 ciali.

163 3919 200 3981 3⁰
227 3914 312 3978 Item
338 3912 378 3978 ab
401 3912 732 3977 excommunicatione
758 3909 839 3996 juris
863 3927 923 3974 seu
952 3907 1100 3983 canonis,
1127 3909 1242 3991 nequit

115 4033 243 4116 absque
266 4028 395 4115 speciali
416 4026 568 4094 mandato
588 4028 770 4095 absolvere.
800 4028 878 4108 Quae
898 4011 974 4090 ride
996 4021 1133 4107 probata
1151 4022 1242 4104 apud

114 4124 320 4215 [euronium
336 4144 419 4232 (loco
436 4144 505 4222 cit,
522 4162 553 4229 q.
572 4141 659 4228 125).

114 4255 118 4261 ’
162 4264 318 4344 Quusulo
342 4263 387 4325 6·.
412 4297 458 4309 -
479 4264 527 4324 An
549 4263 656 4341 aisque
676 4261 797 4342 spectati
813 4259 956 4321 mandato
969 4257 1068 4337 possit
1089 4252 1243 4318 absoluere

114 4382 391 4445 excommunicates
416 4377 454 4438 at
472 4379 627 4461 Episcopo,
654 4377 702 4439 aei
715 4380 779 4458 ejas
794 4375 932 4455 detcpata
943 4373 958 4434 l
969 4404 1015 4421 -·-
1025 4363 1244 4451 'Responden-
