2714 4980
541 311 621 359 raas
644 309 802 358 securos.
1169 294 1234 359 489

120 457 138 497 a
154 435 325 516 rebantur,
343 433 575 511 decreverunt,
592 442 630 499 ut
644 452 699 500 eos
713 432 864 517 Episcopi
875 433 918 499 ad
932 452 1069 501 examen
1079 440 1235 500 vocarent

119 576 138 613 «
155 549 470 636 suspenderantque,
490 550 658 616 ueletiam
677 549 941 626 exautborarent,
961 550 988 614 si
1002 568 1041 614 ea
1052 549 1106 615 vel
1117 548 1235 632 peritia

120 690 139 728 a
155 668 212 733 vel
225 666 388 751 probitate
403 665 664 743 distituerentur,
677 686 748 751 quae
760 665 943 731 necessaria
955 672 1042 731 essct
1056 665 1099 731 ad
1112 665 1237 731 obeun-

121 807 140 847 κ
158 783 216 851 das
230 786 280 849 sui
295 784 439 849 muneris
454 783 649 849 functiones.
669 783 741 865 Quo
753 784 786 846 in
798 781 933 848 decreto
947 782 1028 847 nihil
1044 781 1236 848 discriminis

121 927 140 966 a
154 905 242 969 inter
257 903 399 969 notarios
413 901 622 984 apostolicos,
641 901 829 984 Imperiales
843 877 877 967 et
888 902 1015 985 Regios.
1035 902 1184 984 Denique
1197 900 1236 965 iis

120 1043 139 1082 a
156 1027 295 1087 utuntur
310 1019 420 1085 verbis
433 1017 615 1084 Tridentini
627 1019 794 1101 praesules,
812 1017 929 1102 quibus
943 1024 1081 1094 constet,
1093 1037 1131 1085 ea
1144 1023 1236 1101 pote·

119 1158 137 1195 a
150 1140 235 1199 state
249 1134 423 1217 Episcopos
441 1150 498 1196 sua
516 1139 631 1214 sponte
644 1129 711 1214 jam
727 1133 891 1197 succintos
904 1131 1021 1208 fuisse,
1044 1130 1143 1216 idque
1159 1129 1234 1215 jure

118 1273 137 1311 a
153 1248 316 1316 communi
329 1270 336 1333 ;
355 1265 538 1332 quanquam
553 1245 596 1312 ad
609 1246 691 1311 hanc
709 1266 824 1313 eorum
843 1253 1041 1331 potestatam
1056 1247 1157 1330 magis
1171 1264 1236 1311 ma-

118 1390 136 1426 «
155 1367 269 1451 gisque
282 1362 512 1441 roborandam,
533 1363 723 1446 Apostolicae
740 1365 837 1430 etiam
850 1363 943 1430 Sedis
958 1363 1164 1448 delegatione
1180 1380 1237 1429 eos

117 1503 135 1542 «
151 1479 299 1548 induant.
324 1501 339 1538 »
361 1478 465 1564 (Vetas
480 1486 510 1541 ct
522 1498 600 1542 aava
614 1481 788 1560 disciplina,
808 1486 904 1562 parte
924 1481 952 1556 l,
969 1478 1026 1544 lib.
1045 1480 1077 1556 2,
1098 1497 1170 1561 cap.
1190 1479 1223 1554 6,

114 1618 148 1663 n.
171 1601 190 1663 5
205 1604 240 1662 et
255 1593 306 1680 6.)

160 1715 209 1779 Ex
232 1713 450 1777 monumentis
474 1709 605 1796 quidem
633 1710 857 1775 ecclesiasticis
889 1718 979 1776 recte
1004 1710 1125 1795 colligit
1155 1709 1238 1776 Tho·

112 1830 272 1897 massinus
293 1827 437 1910 extitisse
459 1827 654 1911 antiquitus,
678 1826 762 1890 sicut
786 1825 1034 1904 exorcistarum,
1060 1825 1233 1903 lectorum,

114 1945 353 2030 acolytharum,
370 1944 653 2026 ostiariorumque,
670 1942 716 2007 ita
736 1949 771 2007 et
784 1949 973 2007 notariorum
996 1961 1056 2007 sau
1072 1946 1238 2007 sardorum

114 2059 279 2127 ordinem.
305 2059 444 2124 atvero
464 2057 626 2143 ejusmodi
650 2058 791 2125 minores
811 2058 959 2135 clericos,
976 2058 1119 2123 notarios
1137 2057 1237 2123 fuisse

114 2197 157 2243 eo
169 2175 284 2241 stricto
298 2193 394 2239 sensu
409 2193 474 2259 quo
488 2193 576 2238 nunc
591 2193 629 2239 ea
649 2192 713 2238 vox
732 2174 901 2257 accipitur,
924 2173 970 2238 ita
991 2191 1109 2257 nempe
1126 2180 1163 2238 ut
1177 2191 1240 2257 per

114 2290 298 2376 quemlibet
317 2308 429 2356 eorum
447 2290 569 2373 scripta
588 2298 622 2355 et
635 2289 819 2373 subscripta
836 2290 1053 2354 instrumenta
1068 2287 1168 2353 fidem
1181 2306 1240 2371 pu·

114 2408 237 2473 blicam
259 2406 420 2483 iacerent,
448 2405 527 2469 mihi
547 2406 734 2470 nullatenus
753 2405 867 2490 liquet.
889 2405 1115 2471 Existimarem
1131 2405 1239 2488 potius

115 2541 174 2591 eos
185 2521 385 2588 notariorum
401 2521 530 2586 nomine
548 2520 685 2586 donatos
699 2520 773 2586 ideo
786 2520 955 2586 dumtaxat
970 2520 1081 2598 fuisse,
1095 2520 1184 2605 quod
1196 2519 1239 2587 ad

114 2633 335 2723 conficiendas
358 2635 463 2700 varias
485 2634 669 2716 scripturas
693 2653 734 2698 ex
757 2632 859 2699 officio
887 2633 1239 2718 adhiberentur31icet

115 2770 184 2818 non
205 2768 307 2835 penes
331 2769 386 2815 eos
408 2769 542 2828 omnes,
571 2749 630 2816 sed
658 2768 760 2833 penes
784 2750 907 2834 aliquos
931 2757 1058 2814 tantum
1076 2749 1240 2817 resideret

115 2868 295 2935 auctoritas
305 2868 521 2932 instrumenta
532 2864 777 2951 exarandi,quoe
792 2865 956 2949 publicam
965 2864 1066 2932 fidem
1076 2866 1235 2932 facerent.

116 2983 159 3050 Id
174 2983 273 3048 etiam
288 2981 331 3047 ad
342 2983 440 3048 citata
456 2981 559 3046 verba
574 2981 772 3047 Thomassini
785 2980 1025 3059 adnotabimus,
1041 2988 1240 3064 potestatem

115 3117 217 3185 quam
238 3099 403 3182 Episcopis
425 3097 540 3189 tribuit
557 3098 743 3163 Tridentino
760 3097 911 3183 synodus
930 3097 1019 3183 (sess.
1047 3100 1103 3176 12,
1126 3117 1156 3163 c.
1186 3095 1238 3183 10)
1320 3076 1323 3081 ¹

116 3213 341 3299 suspendendi
365 3214 406 3279 ab
430 3213 532 3283 officio
560 3215 718 3291 notarios,
738 3216 835 3279 etiam
857 3235 876 3281 a
900 3215 991 3296 regia
1010 3213 1064 3278 vel
1082 3215 1241 3297 imperiali

116 3333 314 3399 auctoritate
335 3337 477 3407 creatos,
499 3329 742 3413 intelligendam
759 3349 829 3395 esse
849 3328 891 3396 de
911 3330 1119 3415 suspensione
1132 3328 1240 3416 quoad

117 3454 212 3514 actus
232 3447 467 3514 ecclesiasticos
490 3452 525 3510 et
543 3449 665 3512 curiam
687 3447 938 3513 ecclesiasticam
960 3447 1153 3526 dumtaxat,
1174 3467 1240 3515 non

117 3572 231 3631 autem
248 3563 355 3649 quoad
378 3571 472 3628 actus
496 3563 552 3648 qui
575 3561 614 3627 ad
641 3564 832 3629 societatem
854 3570 889 3629 et
908 3565 1029 3629 curiam
1050 3566 1240 3632 saecularem

117 3682 323 3758 referuntur,
345 3687 384 3745 ut
401 3699 442 3744 ex
457 3678 541 3744 inira
562 3678 691 3744 citanda
706 3680 810 3745 Sacrae
825 3681 1089 3764 congregationis
1108 3682 1240 3747 Concilii

119 3799 342 3865 declaratione
358 3797 496 3881 patebit.
728 3884 731 3892 Ι
1191 3863 1194 3872 ,

165 3918 200 3979 2ο
216 3915 325 3998 Viguit
344 3915 378 3978 in
393 3918 461 3979 tota
484 3920 575 3979 retro
598 3914 791 3997 antiquitate
818 3912 1031 3990 consuetudo,
1049 3918 1088 3977 ut
1113 3915 1236 3999 clerici,

118 4033 218 4100 etiam
235 4030 394 4116 majorum
419 4028 580 4106 ordinum,
601 4030 780 4093 notariatus
803 4024 944 4093 officium
968 4035 1175 4094 exercerent.
1200 4028 1240 4095 Id

118 4149 239 4233 probat
251 4146 475 4211 Thomassinus
502 4144 606 4230 (parte
625 4147 652 4221 l,
670 4144 727 4209 lib.
743 4148 774 4221 2,
795 4163 867 4226 cap.
886 4141 960 4227 106)
975 4151 1101 4226 tepenti,
1121 4147 1240 4229 utipse

118 4267 212 4343 dicit,
233 4267 436 4347 eaemplorum
454 4265 552 4345 spico.
565 4262 606 4326 Et
624 4262 727 4344 primo
743 4260 876 4345 quidem
889 4263 979 4326 varia
998 4261 1127 4345 profert
1141 4262 1241 4329 docu-

118 4390 240 4457 menta,
269 4381 302 4446 iu
333 4379 451 4468 quibus
477 4377 626 4447 videmus
656 4378 772 4446 notarii
801 4397 860 4444 seu
888 4378 1070 4446 cancellarii
1100 4376 1240 4449 officium
