<?xml version="1.0" encoding="UTF-8"?>
<!DOCTYPE html PUBLIC "-//W3C//DTD XHTML 1.0 Transitional//EN"
    "http://www.w3.org/TR/xhtml1/DTD/xhtml1-transitional.dtd">
<html xmlns="http://www.w3.org/1999/xhtml" xml:lang="en" lang="en">
 <head>
  <title>
</title>
<meta http-equiv="Content-Type" content="text/html;charset=utf-8" />
  <meta name='ocr-system' content='tesseract 3.04.00' />
  <meta name='ocr-capabilities' content='ocr_page ocr_carea ocr_par ocr_line ocrx_word'/>
</head>
<body>
  <div class='ocr_page' id='page_1' title='image "./tractatusdejudi00bouigoog_0405.png"; bbox 0 0 2714 4980; ppageno 0'>
   <div class='ocr_carea' id='block_1_1' title="bbox 138 284 909 352">
    <p class='ocr_par' dir='ltr' id='par_1_1' title="bbox 138 284 909 352">
     <span class='ocr_line' id='line_1_1' title="bbox 138 284 909 352; baseline -0.001 -1"><span class='ocrx_word' id='word_1_1' title='bbox 138 284 204 352; x_wconf 71' lang='lat'><strong>392</strong></span> <span class='ocrx_word' id='word_1_2' title='bbox 484 302 672 352; x_wconf 80' lang='lat' dir='ltr'><strong>rascrsrus</strong></span> <span class='ocrx_word' id='word_1_3' title='bbox 693 305 738 352; x_wconf 84' lang='lat' dir='ltr'><strong>nn</strong></span> <span class='ocrx_word' id='word_1_4' title='bbox 760 303 909 352; x_wconf 80' lang='lat' dir='ltr'><strong>runicus.</strong></span> 
     </span>
    </p>
   </div>
   <div class='ocr_carea' id='block_1_2' title="bbox 133 425 1251 4449">
    <p class='ocr_par' dir='ltr' id='par_1_2' title="bbox 133 425 1247 1438">
     <span class='ocr_line' id='line_1_2' title="bbox 136 425 1236 514; baseline -0.001 -22"><span class='ocrx_word' id='word_1_5' title='bbox 136 431 300 510; x_wconf 74' lang='lat' dir='ltr'><strong><em>Episcopi?</em></strong></span> <span class='ocrx_word' id='word_1_6' title='bbox 316 463 362 477; x_wconf 89' lang='lat'><em>-</em></span> <span class='ocrx_word' id='word_1_7' title='bbox 379 426 461 493; x_wconf 87' lang='lat' dir='ltr'><strong>Rem</strong></span> <span class='ocrx_word' id='word_1_8' title='bbox 480 428 629 494; x_wconf 78' lang='lat' dir='ltr'>citissime</span> <span class='ocrx_word' id='word_1_9' title='bbox 647 427 782 512; x_wconf 86' lang='lat' dir='ltr'><strong>expedit</strong></span> <span class='ocrx_word' id='word_1_10' title='bbox 797 426 942 494; x_wconf 83' lang='lat' dir='ltr'><strong>Ferraris</strong></span> <span class='ocrx_word' id='word_1_11' title='bbox 957 425 1014 514; x_wconf 86' lang='lat' dir='ltr'><strong>(ad</strong></span> <span class='ocrx_word' id='word_1_12' title='bbox 1036 444 1152 495; x_wconf 80' lang='lat' dir='ltr'><strong>rocem</strong></span> <span class='ocrx_word' id='word_1_13' title='bbox 1165 432 1236 493; x_wconf 84' lang='lat' dir='ltr'><strong>Vico</strong></span> 
     </span>
     <span class='ocr_line' id='line_1_3' title="bbox 136 541 1238 628; baseline 0.002 -22"><span class='ocrx_word' id='word_1_14' title='bbox 136 547 202 606; x_wconf 85' lang='lat' dir='ltr'><strong>rias</strong></span> <span class='ocrx_word' id='word_1_15' title='bbox 229 545 394 624; x_wconf 77' lang='lat' dir='ltr'><strong>pecoralis,</strong></span> <span class='ocrx_word' id='word_1_16' title='bbox 423 551 487 609; x_wconf 88' lang='lat' dir='ltr'><strong>art.</strong></span> <span class='ocrx_word' id='word_1_17' title='bbox 519 547 553 621; x_wconf 91' lang='lat' dir='ltr'><strong>l,</strong></span> <span class='ocrx_word' id='word_1_18' title='bbox 576 563 616 608; x_wconf 92' lang='lat' dir='ltr'><strong>n.</strong></span> <span class='ocrx_word' id='word_1_19' title='bbox 644 541 720 628; x_wconf 75' lang='lat' dir='ltr'><strong>it),</strong></span> <span class='ocrx_word' id='word_1_20' title='bbox 745 543 921 609; x_wconf 87' lang='lat' dir='ltr'><strong>nonnullas</strong></span> <span class='ocrx_word' id='word_1_21' title='bbox 948 541 1122 627; x_wconf 90' lang='lat' dir='ltr'><strong>allegando</strong></span> <span class='ocrx_word' id='word_1_22' title='bbox 1149 541 1238 608; x_wconf 83' lang='lat' dir='ltr'><strong>Sacra</strong></span> 
     </span>
     <span class='ocr_line' id='line_1_4' title="bbox 137 655 1241 742; baseline 0.002 -19"><span class='ocrx_word' id='word_1_23' title='bbox 137 655 400 741; x_wconf 87' lang='lat' dir='ltr'><strong>Congregationis</strong></span> <span class='ocrx_word' id='word_1_24' title='bbox 418 657 650 742; x_wconf 87' lang='lat' dir='ltr'><strong>Episcoporum</strong></span> <span class='ocrx_word' id='word_1_25' title='bbox 665 665 700 724; x_wconf 90' lang='lat' dir='ltr'><strong>et</strong></span> <span class='ocrx_word' id='word_1_26' title='bbox 717 658 917 742; x_wconf 83' lang='lat' dir='ltr'><strong>regularium</strong></span> <span class='ocrx_word' id='word_1_27' title='bbox 937 657 1134 726; x_wconf 81' lang='lat' dir='ltr'><strong>decisiones.</strong></span> <span class='ocrx_word' id='word_1_28' title='bbox 1153 659 1241 725; x_wconf 76' lang='lat' dir='ltr'><strong>«Nee</strong></span> 
     </span>
     <span class='ocr_line' id='line_1_5' title="bbox 138 773 1243 860; baseline 0.002 -24"><span class='ocrx_word' id='word_1_29' title='bbox 138 773 345 857; x_wconf 79' lang='lat' dir='ltr'><strong>«regularis,</strong></span> <span class='ocrx_word' id='word_1_30' title='bbox 370 774 495 860; x_wconf 92' lang='lat' dir='ltr'><strong>inquit,</strong></span> <span class='ocrx_word' id='word_1_31' title='bbox 523 782 724 858; x_wconf 87' lang='lat' dir='ltr'><strong>potestesse</strong></span> <span class='ocrx_word' id='word_1_32' title='bbox 747 775 894 841; x_wconf 76' lang='lat' dir='ltr'><strong>vicarius</strong></span> <span class='ocrx_word' id='word_1_33' title='bbox 917 774 1081 859; x_wconf 56' lang='lat' dir='ltr'><strong>mnemlis</strong></span> <span class='ocrx_word' id='word_1_34' title='bbox 1104 773 1243 859; x_wconf 77' lang='lat' dir='ltr'><strong>Episcopi</strong></span> 
     </span>
     <span class='ocr_line' id='line_1_6' title="bbox 137 888 1244 976; baseline 0.006 -27"><span class='ocrx_word' id='word_1_35' title='bbox 137 912 155 952; x_wconf 88' lang='grc'>«</span> <span class='ocrx_word' id='word_1_36' title='bbox 170 888 276 975; x_wconf 86' lang='lat' dir='ltr'><strong>(Sacra</strong></span> <span class='ocrx_word' id='word_1_37' title='bbox 291 889 504 975; x_wconf 85' lang='lat' dir='ltr'><strong>Congregatio</strong></span> <span class='ocrx_word' id='word_1_38' title='bbox 522 893 630 976; x_wconf 87' lang='lat' dir='ltr'><strong>Episc.</strong></span> <span class='ocrx_word' id='word_1_39' title='bbox 651 899 687 958; x_wconf 88' lang='lat' dir='ltr'><strong>et</strong></span> <span class='ocrx_word' id='word_1_40' title='bbox 699 910 784 975; x_wconf 83' lang='lat' dir='ltr'><strong>reg,</strong></span> <span class='ocrx_word' id='word_1_41' title='bbox 799 892 835 956; x_wconf 91' lang='lat' dir='ltr'><strong>in</strong></span> <span class='ocrx_word' id='word_1_42' title='bbox 856 891 1027 970; x_wconf 59' lang='lat' dir='ltr'><strong>meniana,</strong></span> <span class='ocrx_word' id='word_1_43' title='bbox 1050 892 1094 957; x_wconf 78' lang='lat'><strong>15</strong></span> <span class='ocrx_word' id='word_1_44' title='bbox 1115 889 1244 976; x_wconf 86' lang='lat' dir='ltr'><strong>januarii</strong></span> 
     </span>
     <span class='ocr_line' id='line_1_7' title="bbox 137 1006 1247 1092; baseline 0.006 -27"><span class='ocrx_word' id='word_1_45' title='bbox 137 1007 269 1090; x_wconf 77' lang='lat'>«15973</span> <span class='ocrx_word' id='word_1_46' title='bbox 290 1006 324 1070; x_wconf 91' lang='lat' dir='ltr'><strong>in</strong></span> <span class='ocrx_word' id='word_1_47' title='bbox 341 1006 516 1086; x_wconf 81' lang='lat' dir='ltr'><strong>Mottdana,</strong></span> <span class='ocrx_word' id='word_1_48' title='bbox 539 1008 651 1074; x_wconf 91' lang='lat' dir='ltr'><strong>8maii</strong></span> <span class='ocrx_word' id='word_1_49' title='bbox 673 1006 775 1092; x_wconf 78' lang='lat'>1615;</span> <span class='ocrx_word' id='word_1_50' title='bbox 796 1008 829 1072; x_wconf 91' lang='lat' dir='ltr'><strong>in</strong></span> <span class='ocrx_word' id='word_1_51' title='bbox 851 1007 1060 1091; x_wconf 84' lang='lat' dir='ltr'><strong>Spalatrensi,</strong></span> <span class='ocrx_word' id='word_1_52' title='bbox 1089 1008 1131 1072; x_wconf 76' lang='lat' dir='ltr'><strong>tn</strong></span> <span class='ocrx_word' id='word_1_53' title='bbox 1149 1006 1247 1091; x_wconf 80' lang='lat' dir='ltr'><strong>aprilis</strong></span> 
     </span>
     <span class='ocr_line' id='line_1_8' title="bbox 138 1119 1246 1208; baseline 0.005 -28"><span class='ocrx_word' id='word_1_54' title='bbox 138 1141 156 1182; x_wconf 90' lang='lat'>«</span> <span class='ocrx_word' id='word_1_55' title='bbox 173 1122 270 1205; x_wconf 79' lang='lat'><strong>16193</strong></span> <span class='ocrx_word' id='word_1_56' title='bbox 288 1129 323 1187; x_wconf 91' lang='lat' dir='ltr'><strong>et</strong></span> <span class='ocrx_word' id='word_1_57' title='bbox 336 1139 421 1205; x_wconf 80' lang='lat' dir='ltr'><strong>sape</strong></span> <span class='ocrx_word' id='word_1_58' title='bbox 441 1119 542 1206; x_wconf 84' lang='lat' dir='ltr'><strong>alibi);</strong></span> <span class='ocrx_word' id='word_1_59' title='bbox 560 1123 620 1188; x_wconf 91' lang='lat' dir='ltr'><strong>nisi</strong></span> <span class='ocrx_word' id='word_1_60' title='bbox 635 1142 711 1189; x_wconf 88' lang='lat' dir='ltr'><strong>eum</strong></span> <span class='ocrx_word' id='word_1_61' title='bbox 732 1123 801 1188; x_wconf 88' lang='lat' dir='ltr'><strong>aliis</strong></span> <span class='ocrx_word' id='word_1_62' title='bbox 826 1123 989 1208; x_wconf 82' lang='lat' dir='ltr'><strong>requisitis</strong></span> <span class='ocrx_word' id='word_1_63' title='bbox 1012 1121 1139 1188; x_wconf 88' lang='lat' dir='ltr'><strong>habeat</strong></span> <span class='ocrx_word' id='word_1_64' title='bbox 1160 1121 1246 1188; x_wconf 75' lang='lat' dir='ltr'><strong>enan</strong></span> 
     </span>
     <span class='ocr_line' id='line_1_9' title="bbox 133 1235 1247 1324; baseline 0.001 -22"><span class='ocrx_word' id='word_1_65' title='bbox 133 1236 330 1303; x_wconf 77' lang='lat' dir='ltr'><strong>«licentiam</strong></span> <span class='ocrx_word' id='word_1_66' title='bbox 344 1239 554 1320; x_wconf 86' lang='lat' dir='ltr'><strong>apostolicam</strong></span> <span class='ocrx_word' id='word_1_67' title='bbox 576 1236 718 1322; x_wconf 88' lang='lat' dir='ltr'><strong>degendi</strong></span> <span class='ocrx_word' id='word_1_68' title='bbox 737 1246 831 1305; x_wconf 84' lang='lat' dir='ltr'><strong>extra</strong></span> <span class='ocrx_word' id='word_1_69' title='bbox 859 1238 999 1304; x_wconf 89' lang='lat' dir='ltr'><strong>claustra</strong></span> <span class='ocrx_word' id='word_1_70' title='bbox 1017 1237 1130 1324; x_wconf 87' lang='lat' dir='ltr'><strong>(Sacra</strong></span> <span class='ocrx_word' id='word_1_71' title='bbox 1143 1235 1247 1304; x_wconf 88' lang='lat' dir='ltr'><strong>eaden</strong></span> 
     </span>
     <span class='ocr_line' id='line_1_10' title="bbox 136 1349 1145 1438; baseline 0.001 -24"><span class='ocrx_word' id='word_1_72' title='bbox 136 1376 154 1417; x_wconf 68' lang='grc' dir='ltr'><strong>ι(</strong></span> <span class='ocrx_word' id='word_1_73' title='bbox 167 1354 390 1437; x_wconf 78' lang='lat' dir='ltr'><strong>CongregatiO,</strong></span> <span class='ocrx_word' id='word_1_74' title='bbox 407 1354 442 1417; x_wconf 92' lang='lat' dir='ltr'><strong>in</strong></span> <span class='ocrx_word' id='word_1_75' title='bbox 455 1353 707 1438; x_wconf 77' lang='lat' dir='ltr'><strong>caputaquensi,</strong></span> <span class='ocrx_word' id='word_1_76' title='bbox 729 1357 767 1420; x_wconf 87' lang='lat'><strong>17</strong></span> <span class='ocrx_word' id='word_1_77' title='bbox 785 1352 974 1419; x_wconf 82' lang='lat' dir='ltr'><strong>novembris</strong></span> <span class='ocrx_word' id='word_1_78' title='bbox 993 1349 1110 1438; x_wconf 81' lang='lat'><strong>1593).</strong></span> <span class='ocrx_word' id='word_1_79' title='bbox 1127 1374 1145 1415; x_wconf 82' lang='lat' dir='ltr'><strong>a</strong></span> 
     </span>
    </p>

    <p class='ocr_par' dir='ltr' id='par_1_3' title="bbox 136 1464 1251 2922">
     <span class='ocr_line' id='line_1_11' title="bbox 178 1464 1246 1554; baseline -0.003 -19"><span class='ocrx_word' id='word_1_80' title='bbox 178 1469 397 1551; x_wconf 84' lang='lat' dir='ltr'><strong>Quaestionem</strong></span> <span class='ocrx_word' id='word_1_81' title='bbox 420 1475 530 1535; x_wconf 90' lang='lat' dir='ltr'><strong>autem</strong></span> <span class='ocrx_word' id='word_1_82' title='bbox 552 1469 701 1553; x_wconf 88' lang='lat' dir='ltr'><strong>graviter</strong></span> <span class='ocrx_word' id='word_1_83' title='bbox 728 1477 762 1535; x_wconf 92' lang='lat' dir='ltr'><strong>et</strong></span> <span class='ocrx_word' id='word_1_84' title='bbox 788 1467 932 1534; x_wconf 81' lang='lat' dir='ltr'><strong>dilucide</strong></span> <span class='ocrx_word' id='word_1_85' title='bbox 960 1466 1035 1554; x_wconf 81' lang='lat' dir='ltr'><strong>(pro</strong></span> <span class='ocrx_word' id='word_1_86' title='bbox 1067 1486 1160 1535; x_wconf 80' lang='lat' dir='ltr'><strong>more</strong></span> <span class='ocrx_word' id='word_1_87' title='bbox 1185 1464 1246 1550; x_wconf 86' lang='lat' dir='ltr'><strong>suo)</strong></span> 
     </span>
     <span class='ocr_line' id='line_1_12' title="bbox 136 1583 1248 1671; baseline -0.005 -17"><span class='ocrx_word' id='word_1_88' title='bbox 136 1584 293 1671; x_wconf 83' lang='lat' dir='ltr'><strong>expendit</strong></span> <span class='ocrx_word' id='word_1_89' title='bbox 312 1583 489 1650; x_wconf 82' lang='lat' dir='ltr'><strong>Cardinalis</strong></span> <span class='ocrx_word' id='word_1_90' title='bbox 507 1586 606 1650; x_wconf 89' lang='lat' dir='ltr'><strong>Petra</strong></span> <span class='ocrx_word' id='word_1_91' title='bbox 626 1583 719 1670; x_wconf 88' lang='lat' dir='ltr'><strong>(tom.</strong></span> <span class='ocrx_word' id='word_1_92' title='bbox 738 1585 771 1662; x_wconf 80' lang='lat'><strong>4,</strong></span> <span class='ocrx_word' id='word_1_93' title='bbox 795 1586 830 1649; x_wconf 91' lang='lat' dir='ltr'><strong>in</strong></span> <span class='ocrx_word' id='word_1_94' title='bbox 847 1584 1122 1649; x_wconf 89' lang='lat' dir='ltr'><strong>constitutionem</strong></span> <span class='ocrx_word' id='word_1_95' title='bbox 1142 1586 1162 1651; x_wconf 86' lang='lat'><strong>6</strong></span> <span class='ocrx_word' id='word_1_96' title='bbox 1177 1583 1248 1648; x_wconf 83' lang='lat' dir='ltr'><strong>Gra·</strong></span> 
     </span>
     <span class='ocr_line' id='line_1_13' title="bbox 136 1680 1248 1788; baseline -0.006 -18"><span class='ocrx_word' id='word_1_97' title='bbox 136 1703 219 1788; x_wconf 88' lang='lat' dir='ltr'><strong>gorii</strong></span> <span class='ocrx_word' id='word_1_98' title='bbox 235 1703 290 1780; x_wconf 87' lang='lat' dir='ltr'><strong>XI,</strong></span> <span class='ocrx_word' id='word_1_99' title='bbox 308 1721 342 1766; x_wconf 87' lang='lat' dir='ltr'><strong>n.</strong></span> <span class='ocrx_word' id='word_1_100' title='bbox 368 1703 420 1780; x_wconf 77' lang='lat'><strong>12,</strong></span> <span class='ocrx_word' id='word_1_101' title='bbox 440 1719 515 1785; x_wconf 92' lang='lat' dir='ltr'><strong>pag.</strong></span> <span class='ocrx_word' id='word_1_102' title='bbox 533 1703 610 1778; x_wconf 85' lang='grc'>306,</span> <span class='ocrx_word' id='word_1_103' title='bbox 635 1680 718 1767; x_wconf 87' lang='lat' dir='ltr'><strong>edit.</strong></span> <span class='ocrx_word' id='word_1_104' title='bbox 736 1701 845 1767; x_wconf 79' lang='lat' dir='ltr'><strong>Rome</strong></span> <span class='ocrx_word' id='word_1_105' title='bbox 871 1695 983 1783; x_wconf 83' lang='grc'>1711);</span> <span class='ocrx_word' id='word_1_106' title='bbox 1007 1721 1024 1760; x_wconf 88' lang='grc'>«</span> <span class='ocrx_word' id='word_1_107' title='bbox 1045 1698 1179 1785; x_wconf 84' lang='lat' dir='ltr'><strong>Majoris</strong></span> <span class='ocrx_word' id='word_1_108' title='bbox 1194 1697 1248 1763; x_wconf 78' lang='lat' dir='ltr'><strong>dic</strong></span> 
     </span>
     <span class='ocr_line' id='line_1_14' title="bbox 139 1812 1249 1902; baseline -0.002 -22"><span class='ocrx_word' id='word_1_109' title='bbox 139 1816 350 1902; x_wconf 79' lang='lat' dir='ltr'><strong>aquisitionis</strong></span> <span class='ocrx_word' id='word_1_110' title='bbox 372 1813 428 1900; x_wconf 88' lang='lat' dir='ltr'><strong>(ait</strong></span> <span class='ocrx_word' id='word_1_111' title='bbox 447 1813 514 1900; x_wconf 86' lang='lat' dir='ltr'><strong>ille)</strong></span> <span class='ocrx_word' id='word_1_112' title='bbox 541 1823 591 1880; x_wconf 90' lang='lat' dir='ltr'><strong>est</strong></span> <span class='ocrx_word' id='word_1_113' title='bbox 616 1817 766 1900; x_wconf 75' lang='lat' dir='ltr'><strong>questio,</strong></span> <span class='ocrx_word' id='word_1_114' title='bbox 790 1813 950 1899; x_wconf 91' lang='lat' dir='ltr'><strong>numquid</strong></span> <span class='ocrx_word' id='word_1_115' title='bbox 971 1814 1138 1898; x_wconf 89' lang='lat' dir='ltr'><strong>regularis</strong></span> <span class='ocrx_word' id='word_1_116' title='bbox 1159 1812 1249 1898; x_wconf 88' lang='lat' dir='ltr'><strong>possit</strong></span> 
     </span>
     <span class='ocr_line' id='line_1_15' title="bbox 140 1929 1249 2016; baseline 0.003 -23"><span class='ocrx_word' id='word_1_117' title='bbox 140 1956 158 1995; x_wconf 90' lang='lat'>«</span> <span class='ocrx_word' id='word_1_118' title='bbox 172 1933 247 2016; x_wconf 86' lang='lat' dir='ltr'><strong>eligi</strong></span> <span class='ocrx_word' id='word_1_119' title='bbox 260 1933 294 1996; x_wconf 92' lang='lat' dir='ltr'><strong>in</strong></span> <span class='ocrx_word' id='word_1_120' title='bbox 312 1930 476 1996; x_wconf 88' lang='lat' dir='ltr'><strong>Vioarinm</strong></span> <span class='ocrx_word' id='word_1_121' title='bbox 491 1931 681 2015; x_wconf 85' lang='lat' dir='ltr'><strong>generalem</strong></span> <span class='ocrx_word' id='word_1_122' title='bbox 700 1931 862 2014; x_wconf 79' lang='lat' dir='ltr'><strong>Episcopi.</strong></span> <span class='ocrx_word' id='word_1_123' title='bbox 883 1931 925 1996; x_wconf 90' lang='lat' dir='ltr'><strong>Et</strong></span> <span class='ocrx_word' id='word_1_124' title='bbox 947 1929 1087 2014; x_wconf 90' lang='lat' dir='ltr'><strong>quidem</strong></span> <span class='ocrx_word' id='word_1_125' title='bbox 1101 1930 1249 1997; x_wconf 81' lang='lat' dir='ltr'><strong>motivum</strong></span> 
     </span>
     <span class='ocr_line' id='line_1_16' title="bbox 140 2043 1250 2129; baseline 0 -21"><span class='ocrx_word' id='word_1_126' title='bbox 140 2044 345 2112; x_wconf 89' lang='lat' dir='ltr'><strong>«dubitandi</strong></span> <span class='ocrx_word' id='word_1_127' title='bbox 358 2065 423 2111; x_wconf 93' lang='lat' dir='ltr'><strong>non</strong></span> <span class='ocrx_word' id='word_1_128' title='bbox 445 2043 522 2109; x_wconf 90' lang='lat' dir='ltr'><strong>inde</strong></span> <span class='ocrx_word' id='word_1_129' title='bbox 540 2045 646 2110; x_wconf 86' lang='lat' dir='ltr'><strong>oritur</strong></span> <span class='ocrx_word' id='word_1_130' title='bbox 664 2044 754 2129; x_wconf 92' lang='lat' dir='ltr'><strong>quod</strong></span> <span class='ocrx_word' id='word_1_131' title='bbox 775 2044 963 2128; x_wconf 90' lang='lat' dir='ltr'><strong>ambiguum</strong></span> <span class='ocrx_word' id='word_1_132' title='bbox 986 2043 1029 2108; x_wconf 90' lang='lat' dir='ltr'><strong>sit</strong></span> <span class='ocrx_word' id='word_1_133' title='bbox 1053 2063 1098 2109; x_wconf 88' lang='lat' dir='ltr'><strong>an</strong></span> <span class='ocrx_word' id='word_1_134' title='bbox 1113 2045 1250 2128; x_wconf 81' lang='lat' dir='ltr'><strong>exigatur</strong></span> 
     </span>
     <span class='ocr_line' id='line_1_17' title="bbox 140 2158 1250 2244; baseline 0.001 -20"><span class='ocrx_word' id='word_1_135' title='bbox 140 2161 300 2228; x_wconf 88' lang='lat' dir='ltr'><strong>«licentia</strong></span> <span class='ocrx_word' id='word_1_136' title='bbox 318 2161 442 2244; x_wconf 89' lang='lat' dir='ltr'><strong>proprii</strong></span> <span class='ocrx_word' id='word_1_137' title='bbox 456 2161 633 2243; x_wconf 86' lang='lat' dir='ltr'><strong>superioris</strong></span> <span class='ocrx_word' id='word_1_138' title='bbox 649 2181 656 2226; x_wconf 90' lang='lat'>:</span> <span class='ocrx_word' id='word_1_139' title='bbox 675 2161 795 2226; x_wconf 87' lang='lat' dir='ltr'><strong>etenim</strong></span> <span class='ocrx_word' id='word_1_140' title='bbox 810 2158 954 2243; x_wconf 92' lang='lat' dir='ltr'><strong>undique</strong></span> <span class='ocrx_word' id='word_1_141' title='bbox 977 2167 1111 2225; x_wconf 89' lang='lat' dir='ltr'><strong>certum</strong></span> <span class='ocrx_word' id='word_1_142' title='bbox 1127 2168 1189 2239; x_wconf 92' lang='lat' dir='ltr'><strong>est,</strong></span> <span class='ocrx_word' id='word_1_143' title='bbox 1207 2178 1250 2225; x_wconf 84' lang='lat' dir='ltr'><strong>re</strong></span> 
     </span>
     <span class='ocr_line' id='line_1_18' title="bbox 141 2275 1250 2363; baseline 0.001 -22"><span class='ocrx_word' id='word_1_144' title='bbox 141 2301 159 2343; x_wconf 91' lang='lat'>«</span> <span class='ocrx_word' id='word_1_145' title='bbox 172 2279 319 2363; x_wconf 89' lang='lat' dir='ltr'><strong>gularem</strong></span> <span class='ocrx_word' id='word_1_146' title='bbox 332 2296 398 2343; x_wconf 90' lang='lat' dir='ltr'><strong>non</strong></span> <span class='ocrx_word' id='word_1_147' title='bbox 411 2295 506 2361; x_wconf 86' lang='lat' dir='ltr'><strong>posse</strong></span> <span class='ocrx_word' id='word_1_148' title='bbox 525 2284 618 2342; x_wconf 85' lang='lat' dir='ltr'><strong>extra</strong></span> <span class='ocrx_word' id='word_1_149' title='bbox 632 2277 823 2361; x_wconf 86' lang='lat' dir='ltr'><strong>religionem</strong></span> <span class='ocrx_word' id='word_1_150' title='bbox 841 2275 979 2342; x_wconf 84' lang='lat' dir='ltr'><strong>officium</strong></span> <span class='ocrx_word' id='word_1_151' title='bbox 1000 2293 1171 2342; x_wconf 88' lang='lat' dir='ltr'><strong>assumere</strong></span> <span class='ocrx_word' id='word_1_152' title='bbox 1189 2276 1250 2342; x_wconf 76' lang='lat' dir='ltr'><strong>abs</strong></span> 
     </span>
     <span class='ocr_line' id='line_1_19' title="bbox 141 2390 1246 2480; baseline 0.002 -24"><span class='ocrx_word' id='word_1_153' title='bbox 141 2417 159 2458; x_wconf 90' lang='lat'>«</span> <span class='ocrx_word' id='word_1_154' title='bbox 173 2413 237 2480; x_wconf 93' lang='lat' dir='ltr'><strong>que</strong></span> <span class='ocrx_word' id='word_1_155' title='bbox 257 2392 406 2479; x_wconf 88' lang='lat' dir='ltr'><strong>ejusdem</strong></span> <span class='ocrx_word' id='word_1_156' title='bbox 427 2392 606 2474; x_wconf 89' lang='lat' dir='ltr'><strong>superioris</strong></span> <span class='ocrx_word' id='word_1_157' title='bbox 626 2393 762 2475; x_wconf 88' lang='lat' dir='ltr'><strong>placito,</strong></span> <span class='ocrx_word' id='word_1_158' title='bbox 779 2411 822 2458; x_wconf 83' lang='lat' dir='ltr'><strong>ex</strong></span> <span class='ocrx_word' id='word_1_159' title='bbox 837 2409 935 2476; x_wconf 89' lang='lat' dir='ltr'><strong>snpra</strong></span> <span class='ocrx_word' id='word_1_160' title='bbox 949 2390 1106 2458; x_wconf 88' lang='lat' dir='ltr'><strong>adductis</strong></span> <span class='ocrx_word' id='word_1_161' title='bbox 1119 2391 1246 2478; x_wconf 86' lang='lat' dir='ltr'><strong>juribus,</strong></span> 
     </span>
     <span class='ocr_line' id='line_1_20' title="bbox 142 2508 1251 2595; baseline 0.001 -23"><span class='ocrx_word' id='word_1_162' title='bbox 142 2533 160 2574; x_wconf 92' lang='lat'>«</span> <span class='ocrx_word' id='word_1_163' title='bbox 173 2517 208 2576; x_wconf 89' lang='lat' dir='ltr'><strong>et</strong></span> <span class='ocrx_word' id='word_1_164' title='bbox 219 2510 382 2593; x_wconf 89' lang='lat' dir='ltr'><strong>potissime</strong></span> <span class='ocrx_word' id='word_1_165' title='bbox 397 2527 438 2574; x_wconf 85' lang='lat' dir='ltr'><strong>ex</strong></span> <span class='ocrx_word' id='word_1_166' title='bbox 451 2509 569 2573; x_wconf 84' lang='lat' dir='ltr'><strong>Sancto</strong></span> <span class='ocrx_word' id='word_1_167' title='bbox 585 2508 728 2576; x_wconf 84' lang='lat' dir='ltr'><strong>Concilio</strong></span> <span class='ocrx_word' id='word_1_168' title='bbox 742 2508 929 2574; x_wconf 83' lang='lat' dir='ltr'><strong>Tridentino</strong></span> <span class='ocrx_word' id='word_1_169' title='bbox 945 2508 987 2595; x_wconf 86' lang='lat' dir='ltr'><strong>(e.</strong></span> <span class='ocrx_word' id='word_1_170' title='bbox 1006 2510 1037 2587; x_wconf 88' lang='lat'><strong>5,</strong></span> <span class='ocrx_word' id='word_1_171' title='bbox 1057 2527 1139 2574; x_wconf 87' lang='lat' dir='ltr'><strong>sess.</strong></span> <span class='ocrx_word' id='word_1_172' title='bbox 1157 2511 1208 2586; x_wconf 77' lang='lat'><strong>25,</strong></span> <span class='ocrx_word' id='word_1_173' title='bbox 1221 2511 1251 2573; x_wconf 85' lang='lat' dir='ltr'><strong>do</strong></span> 
     </span>
     <span class='ocr_line' id='line_1_21' title="bbox 143 2623 1250 2712; baseline 0.003 -25"><span class='ocrx_word' id='word_1_174' title='bbox 143 2649 160 2690; x_wconf 73' lang='grc' dir='ltr'><strong>ι(</strong></span> <span class='ocrx_word' id='word_1_175' title='bbox 173 2623 306 2711; x_wconf 54' lang='lat' dir='ltr'><strong>Repeti.</strong></span> <span class='ocrx_word' id='word_1_176' title='bbox 323 2627 447 2692; x_wconf 84' lang='lat' dir='ltr'><strong>Verum</strong></span> <span class='ocrx_word' id='word_1_177' title='bbox 459 2625 547 2689; x_wconf 90' lang='lat' dir='ltr'><strong>inter</strong></span> <span class='ocrx_word' id='word_1_178' title='bbox 563 2643 678 2691; x_wconf 88' lang='lat' dir='ltr'><strong>senon</strong></span> <span class='ocrx_word' id='word_1_179' title='bbox 695 2625 894 2691; x_wconf 87' lang='lat' dir='ltr'><strong>conveniunt</strong></span> <span class='ocrx_word' id='word_1_180' title='bbox 912 2623 1078 2704; x_wconf 84' lang='lat' dir='ltr'><strong>doctores,</strong></span> <span class='ocrx_word' id='word_1_181' title='bbox 1096 2645 1139 2691; x_wconf 88' lang='lat' dir='ltr'><strong>an</strong></span> <span class='ocrx_word' id='word_1_182' title='bbox 1154 2624 1250 2712; x_wconf 79' lang='lat' dir='ltr'><strong>hujus</strong></span> 
     </span>
     <span class='ocr_line' id='line_1_22' title="bbox 142 2737 1251 2825; baseline 0.001 -18"><span class='ocrx_word' id='word_1_183' title='bbox 142 2766 160 2807; x_wconf 80' lang='lat' dir='ltr'><strong>a</strong></span> <span class='ocrx_word' id='word_1_184' title='bbox 175 2742 264 2810; x_wconf 91' lang='lat' dir='ltr'><strong>modi</strong></span> <span class='ocrx_word' id='word_1_185' title='bbox 278 2741 452 2806; x_wconf 85' lang='lat' dir='ltr'><strong>vicariatus</strong></span> <span class='ocrx_word' id='word_1_186' title='bbox 466 2739 605 2806; x_wconf 89' lang='lat' dir='ltr'><strong>officium</strong></span> <span class='ocrx_word' id='word_1_187' title='bbox 618 2741 660 2805; x_wconf 90' lang='lat' dir='ltr'><strong>sit</strong></span> <span class='ocrx_word' id='word_1_188' title='bbox 679 2741 714 2804; x_wconf 91' lang='lat' dir='ltr'><strong>in</strong></span> <span class='ocrx_word' id='word_1_189' title='bbox 732 2737 808 2825; x_wconf 86' lang='lat' dir='ltr'><strong>jure</strong></span> <span class='ocrx_word' id='word_1_190' title='bbox 822 2758 974 2825; x_wconf 87' lang='lat' dir='ltr'><strong>expresse</strong></span> <span class='ocrx_word' id='word_1_191' title='bbox 987 2741 1198 2825; x_wconf 80' lang='lat' dir='ltr'><strong>regularibus</strong></span> <span class='ocrx_word' id='word_1_192' title='bbox 1207 2760 1251 2808; x_wconf 84' lang='lat' dir='ltr'><strong>ve</strong></span> 
     </span>
     <span class='ocr_line' id='line_1_23' title="bbox 142 2858 975 2922; baseline 0.005 -4"><span class='ocrx_word' id='word_1_193' title='bbox 142 2879 160 2920; x_wconf 90' lang='grc'>«</span> <span class='ocrx_word' id='word_1_194' title='bbox 172 2858 281 2922; x_wconf 88' lang='lat' dir='ltr'><strong>titum.</strong></span> <span class='ocrx_word' id='word_1_195' title='bbox 973 2873 975 2878; x_wconf 88' lang='lat'>&#39;</span> 
     </span>
    </p>

    <p class='ocr_par' dir='ltr' id='par_1_4' title="bbox 143 2968 1251 3515">
     <span class='ocr_line' id='line_1_24' title="bbox 188 2968 1251 3056; baseline 0.006 -23"><span class='ocrx_word' id='word_1_196' title='bbox 188 2975 254 3038; x_wconf 88' lang='lat' dir='ltr'><strong>«Et</strong></span> <span class='ocrx_word' id='word_1_197' title='bbox 265 2969 399 3056; x_wconf 89' lang='lat' dir='ltr'><strong>quidem</strong></span> <span class='ocrx_word' id='word_1_198' title='bbox 410 2969 530 3035; x_wconf 84' lang='lat' dir='ltr'><strong>iratres</strong></span> <span class='ocrx_word' id='word_1_199' title='bbox 541 2968 671 3036; x_wconf 85' lang='lat' dir='ltr'><strong>Ordinis</strong></span> <span class='ocrx_word' id='word_1_200' title='bbox 680 2970 841 3035; x_wconf 90' lang='lat' dir='ltr'><strong>minorum</strong></span> <span class='ocrx_word' id='word_1_201' title='bbox 853 2971 984 3038; x_wconf 81' lang='lat' dir='ltr'><strong>omnino</strong></span> <span class='ocrx_word' id='word_1_202' title='bbox 996 2989 1065 3035; x_wconf 93' lang='lat' dir='ltr'><strong>non</strong></span> <span class='ocrx_word' id='word_1_203' title='bbox 1076 2989 1174 3055; x_wconf 84' lang='lat' dir='ltr'><strong>posse</strong></span> <span class='ocrx_word' id='word_1_204' title='bbox 1185 2971 1251 3056; x_wconf 87' lang='lat' dir='ltr'><strong>eligi</strong></span> 
     </span>
     <span class='ocr_line' id='line_1_25' title="bbox 143 3080 1251 3168; baseline 0.001 -19"><span class='ocrx_word' id='word_1_205' title='bbox 143 3113 159 3151; x_wconf 91' lang='lat'>«</span> <span class='ocrx_word' id='word_1_206' title='bbox 172 3091 207 3152; x_wconf 92' lang='lat' dir='ltr'><strong>in</strong></span> <span class='ocrx_word' id='word_1_207' title='bbox 225 3085 368 3151; x_wconf 76' lang='lat' dir='ltr'><strong>vicarios</strong></span> <span class='ocrx_word' id='word_1_208' title='bbox 383 3082 554 3165; x_wconf 88' lang='lat' dir='ltr'><strong>generales</strong></span> <span class='ocrx_word' id='word_1_209' title='bbox 576 3082 823 3166; x_wconf 70' lang='lat' dir='ltr'><strong>Episcopum,</strong></span> <span class='ocrx_word' id='word_1_210' title='bbox 843 3083 940 3147; x_wconf 89' lang='lat' dir='ltr'><strong>etiam</strong></span> <span class='ocrx_word' id='word_1_211' title='bbox 959 3080 1003 3148; x_wconf 91' lang='lat' dir='ltr'><strong>de</strong></span> <span class='ocrx_word' id='word_1_212' title='bbox 1019 3082 1156 3150; x_wconf 88' lang='lat' dir='ltr'><strong>licentia</strong></span> <span class='ocrx_word' id='word_1_213' title='bbox 1169 3101 1251 3168; x_wconf 83' lang='lat' dir='ltr'><strong>supe</strong></span> 
     </span>
     <span class='ocr_line' id='line_1_26' title="bbox 145 3197 1251 3288; baseline -0.001 -23"><span class='ocrx_word' id='word_1_214' title='bbox 145 3228 162 3267; x_wconf 92' lang='lat'>«</span> <span class='ocrx_word' id='word_1_215' title='bbox 174 3204 314 3277; x_wconf 91' lang='lat' dir='ltr'><strong>riorum,</strong></span> <span class='ocrx_word' id='word_1_216' title='bbox 333 3197 507 3282; x_wconf 89' lang='lat' dir='ltr'><strong>desumpta</strong></span> <span class='ocrx_word' id='word_1_217' title='bbox 528 3197 720 3281; x_wconf 89' lang='lat' dir='ltr'><strong>probatione</strong></span> <span class='ocrx_word' id='word_1_218' title='bbox 740 3217 781 3263; x_wconf 85' lang='lat' dir='ltr'><strong>ex</strong></span> <span class='ocrx_word' id='word_1_219' title='bbox 795 3197 996 3264; x_wconf 84' lang='lat' dir='ltr'><strong>Clementina</strong></span> <span class='ocrx_word' id='word_1_220' title='bbox 1017 3205 1105 3264; x_wconf 79' lang='lat' dir='ltr'><strong>eorici</strong></span> <span class='ocrx_word' id='word_1_221' title='bbox 1121 3200 1172 3288; x_wconf 80' lang='lat' dir='ltr'><strong>(dc</strong></span> <span class='ocrx_word' id='word_1_222' title='bbox 1191 3204 1251 3266; x_wconf 81' lang='lat' dir='ltr'><strong>Vor-</strong></span> 
     </span>
     <span class='ocr_line' id='line_1_27' title="bbox 144 3311 1250 3403; baseline 0.005 -24"><span class='ocrx_word' id='word_1_223' title='bbox 144 3341 162 3382; x_wconf 89' lang='lat'>«</span> <span class='ocrx_word' id='word_1_224' title='bbox 176 3322 278 3383; x_wconf 71' lang='lat' dir='ltr'><strong>onom</strong></span> <span class='ocrx_word' id='word_1_225' title='bbox 292 3317 413 3398; x_wconf 59' lang='lat' dir='ltr'><strong>signif„</strong></span> <span class='ocrx_word' id='word_1_226' title='bbox 434 3320 509 3398; x_wconf 86' lang='lat' dir='ltr'><strong>post</strong></span> <span class='ocrx_word' id='word_1_227' title='bbox 524 3311 693 3398; x_wconf 78' lang='lat' dir='ltr'><strong>medium),</strong></span> <span class='ocrx_word' id='word_1_228' title='bbox 711 3313 843 3381; x_wconf 80' lang='lat' dir='ltr'><strong>firmant</strong></span> <span class='ocrx_word' id='word_1_229' title='bbox 856 3315 970 3394; x_wconf 87' lang='lat' dir='ltr'><strong>Diana,</strong></span> <span class='ocrx_word' id='word_1_230' title='bbox 989 3315 1184 3403; x_wconf 85' lang='lat' dir='ltr'><strong>Ventriglia,</strong></span> <span class='ocrx_word' id='word_1_231' title='bbox 1199 3319 1250 3384; x_wconf 85' lang='lat' dir='ltr'><strong>Pe·</strong></span> 
     </span>
     <span class='ocr_line' id='line_1_28' title="bbox 144 3431 780 3515; baseline 0 -20"><span class='ocrx_word' id='word_1_232' title='bbox 144 3433 336 3511; x_wconf 87' lang='lat' dir='ltr'><strong>«lizzarius,</strong></span> <span class='ocrx_word' id='word_1_233' title='bbox 358 3431 594 3515; x_wconf 86' lang='lat' dir='ltr'><strong>Gastropalans,</strong></span> <span class='ocrx_word' id='word_1_234' title='bbox 618 3431 780 3498; x_wconf 88' lang='lat' dir='ltr'><strong>Sbrozius.</strong></span> 
     </span>
    </p>

    <p class='ocr_par' dir='ltr' id='par_1_5' title="bbox 144 3548 1251 4211">
     <span class='ocr_line' id='line_1_29' title="bbox 190 3548 1251 3634; baseline 0.002 -21"><span class='ocrx_word' id='word_1_235' title='bbox 190 3576 206 3614; x_wconf 88' lang='lat'>«</span> <span class='ocrx_word' id='word_1_236' title='bbox 226 3553 406 3633; x_wconf 89' lang='lat' dir='ltr'><strong>Perperam</strong></span> <span class='ocrx_word' id='word_1_237' title='bbox 434 3567 514 3614; x_wconf 89' lang='lat' dir='ltr'><strong>vero</strong></span> <span class='ocrx_word' id='word_1_238' title='bbox 542 3548 689 3615; x_wconf 87' lang='lat' dir='ltr'><strong>nonnulli</strong></span> <span class='ocrx_word' id='word_1_239' title='bbox 720 3548 879 3615; x_wconf 88' lang='lat' dir='ltr'><strong>doctores·</strong></span> <span class='ocrx_word' id='word_1_240' title='bbox 897 3548 979 3615; x_wconf 90' lang='lat' dir='ltr'><strong>hanc</strong></span> <span class='ocrx_word' id='word_1_241' title='bbox 1006 3549 1251 3634; x_wconf 87' lang='lat' dir='ltr'><strong>prohibitionem</strong></span> 
     </span>
     <span class='ocr_line' id='line_1_30' title="bbox 144 3663 1247 3748; baseline 0.003 -18"><span class='ocrx_word' id='word_1_242' title='bbox 144 3693 164 3732; x_wconf 17' lang='lat' dir='ltr'><strong>«s</strong></span> <span class='ocrx_word' id='word_1_243' title='bbox 176 3665 359 3736; x_wconf 86' lang='lat' dir='ltr'><strong>extendunt</strong></span> <span class='ocrx_word' id='word_1_244' title='bbox 372 3664 416 3730; x_wconf 90' lang='lat' dir='ltr'><strong>ad</strong></span> <span class='ocrx_word' id='word_1_245' title='bbox 429 3683 540 3731; x_wconf 91' lang='lat' dir='ltr'><strong>omnes</strong></span> <span class='ocrx_word' id='word_1_246' title='bbox 554 3664 724 3748; x_wconf 87' lang='lat' dir='ltr'><strong>regulares</strong></span> <span class='ocrx_word' id='word_1_247' title='bbox 736 3685 778 3731; x_wconf 84' lang='lat' dir='ltr'><strong>ex</strong></span> <span class='ocrx_word' id='word_1_248' title='bbox 793 3663 1050 3732; x_wconf 90' lang='lat' dir='ltr'><strong>mendicantium</strong></span> <span class='ocrx_word' id='word_1_249' title='bbox 1070 3665 1247 3743; x_wconf 83' lang='lat' dir='ltr'><strong>Ordinibus,</strong></span> 
     </span>
     <span class='ocr_line' id='line_1_31' title="bbox 145 3779 1251 3866; baseline 0.002 -22"><span class='ocrx_word' id='word_1_250' title='bbox 145 3808 161 3846; x_wconf 78' lang='lat' dir='ltr'><strong>a</strong></span> <span class='ocrx_word' id='word_1_251' title='bbox 174 3783 276 3850; x_wconf 84' lang='lat' dir='ltr'><strong>innixi</strong></span> <span class='ocrx_word' id='word_1_252' title='bbox 288 3780 488 3847; x_wconf 75' lang='lat' dir='ltr'><strong>clementina</strong></span> <span class='ocrx_word' id='word_1_253' title='bbox 504 3781 534 3857; x_wconf 89' lang='grc'><strong>1,</strong></span> <span class='ocrx_word' id='word_1_254' title='bbox 551 3782 620 3858; x_wconf 78' lang='lat' dir='ltr'><strong>§oi</strong></span> <span class='ocrx_word' id='word_1_255' title='bbox 630 3785 800 3860; x_wconf 78' lang='lat' dir='ltr'><strong>prioratus,</strong></span> <span class='ocrx_word' id='word_1_256' title='bbox 816 3780 855 3842; x_wconf 82' lang='lat' dir='ltr'><strong>do</strong></span> <span class='ocrx_word' id='word_1_257' title='bbox 864 3781 992 3862; x_wconf 77' lang='lat' dir='ltr'><strong>Regcl.;</strong></span> <span class='ocrx_word' id='word_1_258' title='bbox 1003 3779 1172 3865; x_wconf 89' lang='lat' dir='ltr'><strong>siquidem</strong></span> <span class='ocrx_word' id='word_1_259' title='bbox 1182 3779 1251 3866; x_wconf 76' lang='lat' dir='ltr'><strong>ejus</strong></span> 
     </span>
     <span class='ocr_line' id='line_1_32' title="bbox 144 3893 1248 3981; baseline -0.001 -20"><span class='ocrx_word' id='word_1_260' title='bbox 144 3924 162 3963; x_wconf 77' lang='lat' dir='ltr'><strong>a</strong></span> <span class='ocrx_word' id='word_1_261' title='bbox 175 3899 253 3966; x_wconf 91' lang='lat' dir='ltr'><strong>dem</strong></span> <span class='ocrx_word' id='word_1_262' title='bbox 266 3903 378 3964; x_wconf 83' lang='lat' dir='ltr'><strong>textus</strong></span> <span class='ocrx_word' id='word_1_263' title='bbox 393 3895 559 3980; x_wconf 88' lang='lat' dir='ltr'><strong>dispositio</strong></span> <span class='ocrx_word' id='word_1_264' title='bbox 574 3893 743 3960; x_wconf 86' lang='lat' dir='ltr'><strong>indefinite</strong></span> <span class='ocrx_word' id='word_1_265' title='bbox 760 3914 827 3960; x_wconf 91' lang='lat' dir='ltr'><strong>non</strong></span> <span class='ocrx_word' id='word_1_266' title='bbox 838 3895 995 3981; x_wconf 90' lang='lat' dir='ltr'><strong>loquitur,</strong></span> <span class='ocrx_word' id='word_1_267' title='bbox 1014 3895 1080 3963; x_wconf 84' lang='lat' dir='ltr'><strong>sed-</strong></span> <span class='ocrx_word' id='word_1_268' title='bbox 1092 3895 1248 3964; x_wconf 80' lang='lat' dir='ltr'><strong>dumtaxat</strong></span> 
     </span>
     <span class='ocr_line' id='line_1_33' title="bbox 144 4013 1247 4095; baseline 0.002 -17"><span class='ocrx_word' id='word_1_269' title='bbox 144 4040 161 4080; x_wconf 71' lang='lat' dir='ltr'><strong>r&lt;</strong></span> <span class='ocrx_word' id='word_1_270' title='bbox 176 4016 219 4084; x_wconf 92' lang='lat' dir='ltr'><strong>de</strong></span> <span class='ocrx_word' id='word_1_271' title='bbox 235 4013 504 4090; x_wconf 71' lang='lat' dir='ltr'><strong>mendicantibus</strong></span> <span class='ocrx_word' id='word_1_272' title='bbox 524 4019 576 4094; x_wconf 80' lang='lat' dir='ltr'><strong>poi</strong></span> <span class='ocrx_word' id='word_1_273' title='bbox 592 4016 633 4077; x_wconf 86' lang='lat' dir='ltr'><strong>oi</strong></span> <span class='ocrx_word' id='word_1_274' title='bbox 644 4016 817 4095; x_wconf 73' lang='lat' dir='ltr'><strong>religionem</strong></span> <span class='ocrx_word' id='word_1_275' title='bbox 833 4032 895 4076; x_wconf 82' lang='lat' dir='ltr'><strong>ooo</strong></span> <span class='ocrx_word' id='word_1_276' title='bbox 906 4015 1145 4079; x_wconf 73' lang='lat' dir='ltr'><strong>reodioontiaoc</strong></span> <span class='ocrx_word' id='word_1_277' title='bbox 1161 4023 1247 4080; x_wconf 79' lang='lat' dir='ltr'><strong>truat-</strong></span> 
     </span>
     <span class='ocr_line' id='line_1_34' title="bbox 145 4127 1143 4211; baseline 0.003 -18"><span class='ocrx_word' id='word_1_278' title='bbox 145 4153 163 4195; x_wconf 80' lang='lat' dir='ltr'><strong>a</strong></span> <span class='ocrx_word' id='word_1_279' title='bbox 177 4139 293 4211; x_wconf 65' lang='lat' dir='ltr'><strong>wirot·</strong></span> <span class='ocrx_word' id='word_1_280' title='bbox 308 4129 351 4196; x_wconf 93' lang='lat' dir='ltr'><strong>de</strong></span> <span class='ocrx_word' id='word_1_281' title='bbox 365 4130 435 4194; x_wconf 90' lang='lat' dir='ltr'><strong>aliis</strong></span> <span class='ocrx_word' id='word_1_282' title='bbox 449 4147 530 4195; x_wconf 83' lang='lat' dir='ltr'><strong>vero</strong></span> <span class='ocrx_word' id='word_1_283' title='bbox 548 4127 806 4194; x_wconf 87' lang='lat' dir='ltr'><strong>mendicantibus</strong></span> <span class='ocrx_word' id='word_1_284' title='bbox 817 4146 880 4194; x_wconf 90' lang='lat' dir='ltr'><strong>nec</strong></span> <span class='ocrx_word' id='word_1_285' title='bbox 895 4127 1034 4194; x_wconf 86' lang='lat' dir='ltr'><strong>verbum</strong></span> <span class='ocrx_word' id='word_1_286' title='bbox 1048 4128 1143 4196; x_wconf 83' lang='lat' dir='ltr'><strong>iacit.</strong></span> 
     </span>
    </p>

    <p class='ocr_par' dir='ltr' id='par_1_6' title="bbox 147 4242 1246 4449">
     <span class='ocr_line' id='line_1_35' title="bbox 192 4242 1246 4329; baseline 0.002 -23"><span class='ocrx_word' id='word_1_287' title='bbox 192 4270 209 4308; x_wconf 88' lang='lat'>«</span> <span class='ocrx_word' id='word_1_288' title='bbox 227 4244 495 4312; x_wconf 79' lang='lat' dir='ltr'><strong>concludendum</strong></span> <span class='ocrx_word' id='word_1_289' title='bbox 519 4245 629 4329; x_wconf 88' lang='lat' dir='ltr'><strong>itaque</strong></span> <span class='ocrx_word' id='word_1_290' title='bbox 658 4250 725 4322; x_wconf 86' lang='lat' dir='ltr'><strong>est,</strong></span> <span class='ocrx_word' id='word_1_291' title='bbox 752 4261 864 4310; x_wconf 90' lang='lat' dir='ltr'><strong>omnes</strong></span> <span class='ocrx_word' id='word_1_292' title='bbox 893 4242 1078 4326; x_wconf 90' lang='lat' dir='ltr'><strong>religiosos,</strong></span> <span class='ocrx_word' id='word_1_293' title='bbox 1100 4244 1199 4310; x_wconf 89' lang='lat' dir='ltr'><strong>etiam</strong></span> <span class='ocrx_word' id='word_1_294' title='bbox 1214 4258 1246 4308; x_wconf 81' lang='lat' dir='ltr'><strong>ax</strong></span> 
     </span>
     <span class='ocr_line' id='line_1_36' title="bbox 147 4353 1245 4449; baseline 0.001 -27"><span class='ocrx_word' id='word_1_295' title='bbox 147 4383 164 4422; x_wconf 80' lang='lat' dir='ltr'><strong>c</strong></span> <span class='ocrx_word' id='word_1_296' title='bbox 178 4356 429 4428; x_wconf 88' lang='lat' dir='ltr'><strong>mendicantium</strong></span> <span class='ocrx_word' id='word_1_297' title='bbox 443 4355 621 4424; x_wconf 88' lang='lat' dir='ltr'><strong>Ordinibus</strong></span> <span class='ocrx_word' id='word_1_298' title='bbox 637 4356 793 4445; x_wconf 81' lang='lat' dir='ltr'><strong>(exeeptis</strong></span> <span class='ocrx_word' id='word_1_299' title='bbox 807 4354 856 4422; x_wconf 86' lang='lat' dir='ltr'><strong>his</strong></span> <span class='ocrx_word' id='word_1_300' title='bbox 870 4356 926 4441; x_wconf 90' lang='lat' dir='ltr'><strong>qui</strong></span> <span class='ocrx_word' id='word_1_301' title='bbox 940 4353 983 4422; x_wconf 89' lang='lat' dir='ltr'><strong>ad</strong></span> <span class='ocrx_word' id='word_1_302' title='bbox 996 4375 1064 4425; x_wconf 92' lang='lat' dir='ltr'><strong>non</strong></span> <span class='ocrx_word' id='word_1_303' title='bbox 1076 4354 1245 4449; x_wconf 82' lang='lat' dir='ltr'><strong>mendicar-</strong></span> 
     </span>
    </p>
   </div>
   <div class='ocr_carea' id='block_1_3' title="bbox 0 0 1372 4980">
    <p class='ocr_par' dir='ltr' id='par_1_7' title="bbox 0 0 1372 4980">
     <span class='ocr_line' id='line_1_37' title="bbox 0 0 1372 4980; baseline 0 0"><span class='ocrx_word' id='word_1_304' title='bbox 0 0 1372 4980; x_wconf 95' lang='lat' dir='ltr'><strong> </strong></span> 
     </span>
    </p>
   </div>
  </div>
 </body>
</html>
