2714 4980
22 4608 68 4684 h

123 300 188 365 368
473 311 662 360 rmcrsrns
684 311 728 359 ns
751 308 900 358 tumens.

118 471 135 495 v
152 439 257 507 iatum
267 438 398 504 minime
408 436 559 517 irritavit,
575 455 649 502 cum
662 433 895 520 impedimenta
903 422 1181 499 matrimoniorum
1190 431 1227 498 di·

124 586 138 611 «
154 557 303 623 timentia
312 562 458 621 statuere
469 555 598 618 Summo
610 553 759 618 Pontifici
766 552 807 617 sit
813 556 1032 617 reservatum.
1044 579 1059 605 υ
1073 551 1112 615 In
1122 548 1229 615 hacau

117 680 187 740 tem
207 690 303 738 causa
321 671 484 754 Segnensi‚
506 669 664 754 agebatur
680 668 724 734 de
739 667 944 734 matrimonio
969 667 1144 749 Quirinum
1155 666 1230 732 inter

118 794 155 853 et
168 779 383 853 catharinam.
405 782 499 850 Idem
516 784 669 866 Quirinus
685 783 750 868 jam
765 783 924 866 sponsalia
938 770 1151 849 contraxerat
1168 801 1230 848 cun

120 892 224 967 Clara.
257 901 335 982 Quae
370 900 527 983 sponsalia
556 884 630 964 cum
658 907 772 984 postea
804 896 1038 978 detrectaret,
1071 897 1165 963 Clara
1189 917 1229 962 re·

117 1036 250 1083 cursum
276 1016 389 1082 habuit
422 1014 466 1081 ad
493 1017 709 1100 Episcopum,
741 1016 797 1099 qui
833 1015 1063 1099 pronuntiavit
1096 1019 1229 1080 constare

119 1131 411 1216 desponsalibus,
444 1139 479 1197 et
508 1132 675 1216 prohihuit
707 1132 851 1216 parocho
883 1138 917 1196 et
947 1131 1102 1215 Capitulo
1132 1131 1230 1198 (latha

114 1248 227 1330 ‘dualis
244 1269 286 1314 ne
301 1249 505 1332 presentiam
520 1255 722 1333 prestarent,
739 1249 766 1312 si
781 1247 867 1314 forte
879 1246 989 1312 dictus
1004 1247 1163 1328 Quirinus
1170 1255 1229 1312 ten·

115 1370 202 1430 taret
234 1382 309 1429 cum
343 1365 404 1429 alia
434 1364 672 1429 matrimonium
703 1364 796 1429 inire.
834 1363 988 1444 Quirinus
1019 1370 1136 1429 autem
1168 1381 1229 1427 cun

117 1481 290 1547 Gatharina
306 1486 341 1547 et
363 1480 493 1547 duobus
509 1480 650 1546 testibus
670 1479 785 1545 furtim
800 1481 965 1564 ingressus
980 1488 1034 1546 est
1056 1480 1228 1545 cubiculum

112 1598 236 1663 Viturii
248 1596 419 1681 generalis,
433 1596 531 1681 quiin
542 1597 631 1661 lecto
643 1595 790 1662 sedebat.
804 1597 845 1661 Et
862 1615 972 1662 coram
990 1596 1075 1679 ipsu,
1095 1595 1228 1680 quamvis

115 1713 326 1797 obstrepente
339 1721 373 1778 et
384 1713 576 1790 reluctante,
591 1720 725 1777 mutuus
739 1711 781 1779 de
797 1713 951 1795 prasenti
970 1731 1152 1778 consensus
1162 1730 1225 1795 pro

115 1831 282 1897 nuntiatus
294 1838 355 1897 est.
377 1832 473 1896 Sacra
487 1837 597 1896 autem
612 1829 837 1914 Congregatio,
857 1829 900 1894 ad
915 1830 1090 1914 quaesitum
1110 1849 1152 1894 an
1167 1847 1226 1894 eon·

112 1953 225 2012 staret
239 1945 282 2012 de
300 1949 411 2014 valore
426 1947 499 2012 talis
515 1947 720 2026 matrimonii,
740 1946 793 2012 die
818 1948 856 2011 17
876 1946 1066 2011 novembris
1092 1947 1176 2012 1736
1186 1965 1227 2010 re·

119 2062 252 2148 spondit
269 2065 463 2144 affirmative.
493 2064 622 2128 Nullam
649 2083 725 2128 sane
754 2064 788 2127 in
814 2063 876 2128 hoc
900 2082 977 2128 casu
996 2063 1172 2146 specialem
1194 2060 1226 2126 ab

112 2179 279 2263 ¹lipiscopo
299 2179 551 2243 commissionem
575 2187 747 2262 acceperat
762 2179 909 2244 Vicarius
926 2180 982 2244 ille
1001 2179 1179 2263 generalis3
1199 2183 1226 2242 et

117 2297 178 2360 nisi
192 2295 385 2361 ordinariam
401 2294 659 2380 jurisdictionem
673 2295 833 2361 haberent
842 2296 961 2362 Viturii
976 2295 1158 2379 generales,
1170 2312 1226 2360 cer·

112 2419 156 2476 to
175 2410 352 2477 invalidum
374 2411 489 2476 brisset
510 2412 760 2477 matrimonium.
791 2411 872 2476 Cum
893 2430 972 2495 ergo
990 2412 1075 2478 illud
1100 2406 1223 2478 validum

118 2526 336 2593 declaraverit
351 2528 447 2592 Sacra
456 2526 683 2611 Congregatio‚
701 2528 933 2613 aequivalenter
949 2526 1131 2595 declaravit
1147 2526 1225 2594 tica·

118 2645 168 2709 rio
185 2644 328 2728 generali
347 2651 534 2728 competere
553 2644 749 2710 ordinariam
766 2626 1051 2729 jurisdictionem.
1151 2676 1154 2681 ·

161 2761 246 2826 Item
256 2761 296 2827 ab
312 2760 428 2827 eadem
443 2761 803 2844 SacraCongregatione
817 2759 962 2826 decisum
978 2760 1043 2826 fuit
1053 2761 1163 2828 valere
1174 2776 1225 2825 ma

116 2877 304 2942 trimonium
317 2878 432 2942 initum
448 2896 557 2942 coram
574 2875 746 2942 sacerdote
762 2895 827 2941 non
843 2877 986 2959 parocho
1001 2880 1040 2940 de
1055 2879 1175 2941 licentio
1186 2894 1225 2958 pc

116 2995 230 3057 aeratis
242 2997 372 3072 Vicani,-
386 3000 486 3075 prout
497 2992 569 3057 loco
582 2993 682 3057 citato
700 2993 845 3056 Thesauri
859 2995 1075 3056 resolutionem
1088 2999 1226 3060 narratur

117 3108 165 3173 his
183 3107 293 3175 verbis
311 3129 318 3172 :
341 3139 354 3161 «
369 3107 450 3172 Cum
468 3107 602 3172 Vitus...
618 3114 652 3172 et
661 3108 760 3172 Maria
779 3107 985 3173 Elisabeth...
996 3109 1226 3175 matrimonium

123 3251 137 3277 κ
154 3223 241 3288 inter
259 3244 294 3288 se
310 3243 370 3308 per
382 3224 486 3290 verba
501 3222 544 3288 de
561 3226 714 3306 prasenti
728 3224 855 3302 initum,
871 3243 980 3288 coram
990 3225 1137 3291 testibus
1148 3233 1228 3291 etcc

123 3366 137 3393 s
151 3357 221 3403 ram
235 3332 414 3417 Valluohio,
433 3345 546 3404 curato
557 3340 709 3404 Ecclesia
727 3339 759 3404 S.
777 3340 878 3405 Marci
892 3339 959 3426 (qui
973 3341 1054 3406 licet
1073 3360 1140 3405 non
1154 3345 1227 3406 esset

123 3484 136 3509 «
154 3456 315 3540 parochus
324 3457 595 3534 contrahentium,
607 3455 734 3521 dixerat
747 3465 858 3522 tamen
869 3476 903 3522 se
913 3456 1065 3523 habuisse
1074 3459 1227 3524 licentiam

123 3602 136 3628 a
155 3588 173 3638 a
189 3574 315 3639 vicario
337 3574 484 3657 generali
499 3574 638 3638 civitatis
654 3573 859 3638 Pistoriensis
878 3571 1056 3656 praedietos
1075 3575 1227 3640 matrimo

123 3719 136 3744 a
154 3689 209 3755 nio
224 3687 400 3773 jungendi,
418 3689 541 3753 omissis
560 3690 658 3753 etiam
676 3686 984 3774 denuntiationibus)
1001 3689 1228 3756 contenderent

121 3832 135 3865 a
152 3826 222 3873 esse
230 3805 374 3877 validum
386 3826 393 3889 3
407 3825 446 3870 eo
455 3807 531 3889 quia
541 3805 712 3871 concilium
721 3804 946 3871 Tridentinum
959 3807 1050 3893 (sess.
1062 3806 1225 3886 timeas.

122 3931 304 4002 «matrim,
330 3943 359 3987 c.
385 3920 415 4006 1)
439 3922 647 4006 praescribat,
667 3923 907 3988 matrimonium
938 3923 1088 3989 contrahi
1117 3922 1228 3990 debere

121 4049 309 4123 «prasente
322 4039 473 4123 parocho,
493 4039 548 4104 vel
566 4038 628 4104 alio
647 4037 817 4104 sacerdote
833 4037 875 4104 de
890 4040 990 4124 ipsius
1012 4039 1159 4124 parochi,
1185 4055 1228 4100 sca

121 4185 135 4211 «ι
153 4157 468 4241 Ordinortilicentia;
483 4160 517 4221 et
528 4156 657 4220 nomine
674 4153 838 4221 Ordinarii
854 4158 962 4221 veniat
978 4157 1126 4223 Vicarius
1142 4173 1229 4241 gene·

121 4300 135 4326 a
152 4273 227 4338 ralis
242 4274 448 4357 Episcopi...:
469 4279 582 4337 contra
597 4291 677 4336 vero
689 4279 913 4355 opponeretur
927 4272 1094 4339 vicarium
1106 4289 1229 4356 genera·

124 4416 138 4444 κ
153 4389 218 4454 lem
236 4388 419 4457 concedere
438 4387 560 4454 dictam
577 4386 741 4453 licentiam
756 4407 822 4453 non
842 4386 997 4471 potuisse,
1016 4408 1058 4454 ex
1076 4407 1143 4476 quo
1163 4385 1226 4471 Epi·
