2714 4980
118 280 184 356 aso
461 292 649 352 mortuus
670 292 715 351 un
740 292 889 350 tuntum.

117 434 170 496 sesi
188 415 339 495 emmelos
356 432 395 494 tt
414 419 510 512 offitio
535 432 571 494 ot
591 418 782 512 'impetitam
803 416 1005 510 suspenderet
1027 448 1075 477 ·-“-
1096 420 1228 512 nemon

117 546 265 614 dentium
279 545 478 626 affirmative,
496 537 572 613 uide
585 545 675 630 apud
698 547 883 630 linguarum
896 543 942 630 (in
958 551 1061 628 capnt
1078 536 1230 626 Quorum,-

117 666 154 728 de
170 665 425 744 Officiodelepati,
441 683 474 727 n.
494 660 561 746 31),
576 670 611 728 et
619 659 709 745 apud
719 661 915 727 Leurenium
927 659 1012 747 (loeo
1030 654 1101 740 ciis,
1116 671 1190 746 cap.
1201 665 1228 740 3,

117 797 150 863 q.
173 774 263 861 150).
958 815 963 823 ·

123 919 129 925 ·
162 882 314 974 Quinem
337 894 504 959 17⁸.-=-Ars
516 899 616 976 posset
626 894 734 973 uesper
743 891 867 975 speciale·
888 886 1149 974 murmurosae
1167 904 1229 975 pru-

118 1014 204 1090 liaci,
224 1013 318 1074 idest
333 1029 453 1092 pueram
472 1012 647 1072 remittere?
668 1045 713 1055 -
738 1024 754 1071 u
778 1000 975 1092 Respondes
986 1009 1144 1094 negative
1160 1009 1172 1096 (
1198 1010 1205 1025 ⁸

120 1123 288 1208 «thing...
308 1125 430 1192 Azor...
454 1123 652 1190 Rebuffus...
671 1123 890 1191 Cardinulis...
909 1123 1077 1210 Abbas...)
1096 1126 1232 1191 vicarius

120 1232 247 1319 renim,
271 1239 365 1326 juxta
387 1239 475 1306 dicta
494 1241 630 1325 saepius,
659 1241 727 1305 sine
748 1241 880 1324 speciali
906 1239 1064 1306 mandato
1086 1239 1232 1324 expedire

120 1359 264 1442 «nequit
277 1373 347 1442 quae
367 1350 497 1441 sapiunt
508 1373 634 1422 meram
648 1357 877 1423 liberalitatem
897 1364 931 1422 et
949 1350 1109 1442 gratim
1127 1364 1233 1442 utpote

119 1491 221 1559 ‹squae
241 1466 275 1537 in
304 1473 446 1557 generali
475 1474 647 1539 vicariatus
676 1473 898 1539 commissione
921 1466 988 1538 uon
1012 1465 1229 1540 includuntur.

120 1587 367 1672 choceditque
393 1589 578 1671 responsio,
607 1588 733 1654 etiamsi
753 1589 930 1672 Episcopus
947 1590 1083 1660 nonsit
1103 1590 1140 1654 in
1162 1587 1233 1654 dic·

120 1726 137 1766 a
152 1705 228 1769 cesi.
249 1729 267 1765 a
287 1704 487 1790 (Leunenius
505 1707 542 1768 de
559 1709 689 1770 Vicoriis
702 1709 820 1787 Episc,
839 1724 869 1771 c.
886 1709 919 1783 3,
936 1724 970 1791 q.
991 1704 1086 1790 151.)

126 1833 129 1839 ’
158 1818 311 1902 Qumsuuo
337 1823 401 1886 le.
430 1857 476 1869 -
503 1824 631 1901 Quaado
655 1826 792 1903 inceptos
817 1829 863 1886 est
883 1842 1043 1905 processus
1074 1824 1233 1886 crimimiis

115 1945 219 2001 contro
233 1941 374 2019 attpcern,
392 1957 433 2002 aa
450 1943 550 2019 possit
568 1941 707 2001 Vtccrtcs
722 1942 872 2019 peccaretis
885 1942 995 2020 cosque
1013 1933 1144 2021 pericle·
1159 1958 1232 2003 mou-

115 2056 199 2134 d'cto,
216 2060 290 2136 pasin
304 2073 395 2116 ccccc
405 2056 447 2117 od
462 2058 578 2116 enitens
587 2056 774 2136 mereator
786 2061 817 2118 et
831 2061 980 2119 sententie
988 2057 1161 2135 ‘definitive
1170 2076 1231 2139 pro

114 2175 282 2250 nuntietur,
301 2171 392 2233 tatem
408 2171 569 2249 absolvere,
584 2172 619 2232 td
629 2177 674 2233 est
691 2172 816 2233 liberam
829 2173 1006 2234 dimittere?
1019 2174 1153 2239 -Nou
1167 2191 1229 2238 con-

116 2283 254 2351 cordare
272 2285 306 2348 in
325 2284 387 2349 hoc
408 2291 580 2362 auctores,
606 2283 683 2350 ride
706 2280 1017 2368 apud-Leurenium
1045 2285 1141 2374 (loco
1169 2288 1226 2364 cit,

117 2417 150 2484 q.
170 2391 256 2484 152).
269 2400 383 2465 Tutius
397 2400 513 2465 saltem
530 2396 674 2477 ridetur,
690 2407 728 2464 ut
741 2398 776 2464 id
791 2411 957 2485 nunquam
972 2401 1077 2467 faciat
1096 2400 1228 2469 Vicum

116 2514 277 2600 generalis
291 2516 412 2601 absque
424 2515 558 2599 speciali
575 2513 729 2580 mandato
747 2515 908 2600 Episcopi.

160 2633 311 2714 Qumsrto
337 2636 402 2699 19¹.
427 2666 473 2679 --
494 2635 543 2696 Aa
555 2632 771 2713 possessosque
782 2635 905 2714 speciale·
916 2635 1064 2697 amaeam
1075 2641 1228 2717 pmmmis

116 2751 256 2812 tectorem
267 2755 401 2828 ractore-
411 2755 442 2812 et
453 2753 486 2812 ire
499 2754 593 2830 speeie
606 2766 647 2811 uu
655 2754 754 2830 possit
767 2767 870 2830 poenos
883 2753 1054 2831 corporales
1065 2755 1116 2816 oet
1123 2769 1228 2835 pnsum

115 2859 308 2947 depositionis
325 2872 443 2929 mature
460 2869 495 2928 io
510 2868 740 2946 peumimmm?
764 2902 811 2913 -
836 2889 852 2928 a
880 2862 1081 2951 Respondete
1106 2869 1152 2934 sd
1174 2869 1230 2954 pri·

118 2983 237 3047 imum
263 3004 269 3046 :
294 2983 423 3048 tametsi
446 2981 575 3048 vicario
597 2982 765 3046 commissa
789 2991 840 3048 est
871 2976 1060 3067 specialiter
1093 2994 1230 3070 potestas

111 3093 136 3160 's
148 3114 261 3164 causas
282 3098 464 3163 criminales
489 3097 704 3180 cognoscendi
720 3106 755 3163 et
770 3097 949 3184 judicandi,
967 3118 1035 3167 uon
1052 3107 1230 3187 tamen-po

118 3210 217 3278 a'test
234 3232 364 3297 poensm
379 3234 398 3278 a
413 3212 487 3298 jure
510 3215 675 3292 canonico,
694 3214 750 3279 vel
769 3216 957 3297 particulari
970 3222 1098 3283 mutato
1114 3219 1231 3285 diam

119 3344 237 3406 «sano,
253 3328 437 3411 impositam
456 3336 490 3393 et
504 3326 695 3407 definitam,
713 3328 746 3392 in
763 3329 921 3396 leviorem
943 3332 1085 3413 mutam,
1101 3335 1167 3400 uisi
1179 3335 1231 3399 lioc

118 3445 254 3528 «ipsum
276 3445 460 3528 specialiter
478 3452 516 3511 et
535 3450 687 3529 expresse
705 3446 767 3529 ipsi
784 3442 887 3512 luerit
903 3460 1096 3515 conessum
1122 3451 1231 3538 (positi

117 3560 439 3646 «quod-Episcopus
452 3562 487 3626 in
500 3561 621 3627 talibus
643 3561 830 3646 dispensare
855 3561 1036 3649 potest)..2;
1053 3573 1091 3632 et
1108 3569 1157 3633 sic
1168 3583 1230 3635 'nou

116 3684 255 3760 «potest
267 3694 323 3741 eas
337 3695 450 3761 poenas
463 3685 591 3743 mutare
607 3678 641 3742 iu
655 3679 867 3760 pecuniarias.
880 3678 985 3764 quue
998 3681 1131 3748 etiamsi
1143 3683 1232 3748 hehe*

115 3801 200 3859 oret
218 3792 356 3876 speciale
382 3791 571 3858 mandatum
584 3793 628 3859 ad
641 3793 915 3878 dispensandum
938 3795 1015 3880 quia
1034 3799 1069 3862 in
1091 3797 1231 3883 generali

115 3907 308 3986 «potestate
333 3899 528 3984 dipensandi
545 3921 610 3966 non
633 3900 924 3985 comprehenditur
941 3911 1088 3986 potestas
1110 3905 1233 3991 d'mper·

115 4017 241 4084 nsandi
255 4037 355 4102 super
381 4017 528 4096 admira,
551 4025 586 4082 et
607 4017 830 4084 commutandi
849 4036 999 4102 poensm,
1016 4023 1074 4088 uel
1095 4021 1230 4090 ludendi

115 4134 408 4218 «compositiones.
431 4133 482 4197 Sic
498 4141 638 4217 ‘quoque
657 4151 722 4198 non
741 4135 864 4216 poterit
886 4145 1090 4204 commutare
1106 4154 1230 4223 poenam

109 4272 129 4308 ,1
147 4247 336 4330 privationis
354 4245 408 4312 vel
428 4245 637 4329 depositionis
657 4267 675 4311 a
696 4245 855 4312 beneficio
875 4249 909 4311 in
932 4268 1064 4332 poeuem
1079 4253 1230 4336 >pecuum-

116 4366 268 4429 «riam.
285 4363 350 4429 Sed
364 4382 425 4429 uec
442 4364 512 4446 ipse
531 4364 709 4447 Episcopus
730 4364 798 4430 sine
821 4385 917 4431 causa
935 4385 1067 4450 poeuam
1085 4371 1227 4439 minuere
