2714 4980
196 306 236 368 sl
545 320 731 370 rnacmrus
753 320 797 368 oa
820 320 968 369 suurcns.

190 446 342 525 afficiunt,
359 445 476 512 eodem
492 453 527 512 et
538 465 596 511 nos
611 464 707 512 sensu
719 446 837 512 thesim
848 443 1069 513 sustinendam
1081 444 1303 530 aggredimur.

192 565 419 631 Praetermissis
442 583 520 648 ergo
544 565 891 643 excommunicatione,
920 563 1148 647 suspensione,
1166 561 1263 628 officii
1276 569 1308 628 et

190 683 358 748 fructuum
369 682 560 765 privatione,
572 700 633 746 nec
645 701 709 746 non
721 675 973 765 degradatione,
984 679 1122 746 dicimus
1134 679 1308 760 Ecclesiam

190 806 353 883 perpetuo
364 817 535 864 usamesse
547 798 644 864 etiam
662 799 766 881 poenis
783 797 1003 882 corporalibus
1022 803 1056 863 et
1074 795 1309 881 temporalibus

191 916 324 999 proprie
342 915 453 999 dictis3
472 935 600 999 nempe,
619 914 823 994 verberibus,
842 935 984 995 carcere,
1002 914 1143 1001 jejuniis,
1167 914 1305 992 mulctis,

191 1032 297 1110 exilio,
308 1040 341 1098 et
353 1031 508 1097 similibus
515 1053 523 1112 3
536 1040 672 1116 excepta
683 1039 794 1097 tamen
805 1033 977 1116 sanguinis,
989 1032 1086 1115 idest,
1098 1030 1308 1097 mutilationis

72 1212 74 1216 ,
191 1156 225 1215 et
238 1150 352 1214 mortis
363 1167 470 1232 poena.
489 1149 583 1213 Dicta
598 1154 709 1214 autem
723 1150 872 1232 exceptio
884 1147 993 1232 quoad
1006 1167 1136 1232 poenam
1146 1146 1309 1230 sanguinis

191 1273 282 1332 certa
305 1273 369 1350 est3
390 1285 465 1330 nam
480 1265 621 1332 Ecclesia
645 1284 775 1350 semper
795 1264 907 1331 habuit
926 1273 1079 1350 tanquam
1104 1263 1236 1349 spiritui
1253 1282 1308 1329 suo

190 1385 387 1449 contrarium
400 1391 438 1448 ut
457 1383 526 1466 ipsa
550 1382 744 1448 sententiam
762 1384 874 1448 mortis
892 1382 1143 1447 mutilationisve
1166 1398 1309 1465 pronun-

191 1503 288 1567 tiaret
306 1505 363 1566 aut
377 1507 609 1584 exequeretur.
629 1499 725 1566 Unde
738 1497 773 1565 id
791 1501 888 1566 etiam
903 1519 1057 1584 expresse
1068 1498 1240 1584 judicibus
1259 1518 1310 1564 ec·

191 1616 373 1684 clesiasticis
413 1615 584 1683 interdixit
603 1639 610 1682 :
643 1623 821 1681 sententiam
850 1622 1007 1698 scnpninis
1046 1615 1106 1703 (ait
1140 1615 1309 1682 concilium

191 1735 408 1799 Laterauense
424 1733 660 1798 oecumenicum
672 1733 746 1797 anni
763 1731 872 1816 1216),
890 1734 993 1796 nnllns
1008 1734 1132 1795 clericas
1149 1735 1245 1796 dictet
1257 1739 1311 1796 ant

187 1853 367 1933 proferat...
392 1853 432 1914 In
449 1855 542 1914 acriis
555 1855 729 1932 principum
747 1851 808 1912 lcoec
826 1851 1007 1929 sollicitudo,
1030 1869 1089 1913 non
1106 1851 1241 1930 clericis,
1260 1853 1311 1915 scd

192 1970 278 2031 inicis
295 1972 500 2031 committatur
521 1965 602 2053 (cap.
620 1973 798 2030 sententiam
812 1969 844 2042 9,
858 1965 946 2031 tituli
961 1966 1013 2042 50,
1032 1964 1109 2030 libri
1125 1966 1143 2030 3
1163 1964 1311 2031 decreta·

191 2080 414 2168 lium).Videri
424 2084 520 2148 etiam
532 2088 641 2166 potest
650 2083 684 2147 in
693 2083 797 2166 eapite
808 2088 892 2146 novit
904 2081 1014 2168 (πάρ
1021 2084 1181 2146 Verborum
1189 2080 1309 2167 denis.)

192 2207 227 2267 et
248 2203 282 2266 in
301 2202 407 2285 capite
430 2207 567 2266 novimas
583 2201 648 2288 (27,
667 2200 755 2266 tituli
770 2201 824 2277 40,
844 2197 922 2265 libri
939 2201 958 2264 5
974 2197 1216 2285 decretalium),
1234 2218 1312 2286 quo·

192 2316 290 2385 modo
304 2318 451 2397 clericus,
473 2318 500 2383 si
515 2319 673 2402 flagitium
689 2325 794 2383 morte
817 2315 951 2400 dignum
973 2317 1172 2401 patraverit,
1192 2315 1312 2384 debeat

193 2455 213 2500 a
234 2435 347 2522 judice
370 2435 588 2502 ecclesiastico
613 2432 802 2518 degradari,
822 2439 855 2498 et
876 2441 989 2518 postea
1012 2433 1158 2498 seculari
1180 2433 1318 2501 brachio

194 2552 292 2634 tradi,
312 2560 349 2618 ut
362 2571 423 2638 per
435 2551 548 2618 laicam
563 2559 760 2636 potestatem
775 2548 886 2617 debita
901 2552 962 2635 ipsi
978 2551 1140 2635 sanguinis
1155 2570 1254 2635 poena
1268 2555 1314 2619 iu-

191 2670 335 2755 fligatur.
364 2669 446 2734 Hinc
471 2670 562 2734 nullo
584 2677 731 2753 tempore
756 2669 921 2754 reperitur
946 2669 1091 2735 Ecclesia
1119 2672 1313 2737 sententiam

196 2788 309 2853 mortis
323 2795 379 2852 aut
393 2785 615 2853 membrorum
629 2786 836 2852 mutilationis
851 2805 912 2870 per
923 2788 1062 2870 seipsam
1077 2787 1250 2871 proferens
1260 2795 1314 2855 aut

196 2922 381 2989 exequens:
398 2922 439 2969 ex
450 2922 514 2988 quo
530 2902 681 2992 adagium
696 2902 816 2987 injure
833 2911 1013 2988 receptum,
1027 2907 1160 2969 Ecclesia
1175 2907 1315 2970 ablorrct

129 3102 133 3112 ἢ
192 3045 216 3088 a
240 3014 395 3106 sonpcine.
423 3022 569 3106 seposita
594 3029 705 3089 autem
725 3023 781 3087 illa
796 3023 957 3106 corporali
974 3042 1081 3107 poena,
1103 3022 1243 3089 dicimus
1257 3025 1315 3091 Ec·

197 3142 327 3208 clesiam
340 3141 466 3206 caeteris
482 3140 631 3206 omnibus
648 3140 747 3208 fuisse
761 3158 870 3220 usam,
889 3139 978 3226 quod
998 3160 1085 3208 nunc
1099 3143 1316 3210 monumentis

197 3254 393 3324 mmandum
413 3262 473 3321 est.
544 3277 547 3282 ·

240 3372 403 3440 Probatur
412 3376 456 3438 1⁰.
467 3376 518 3437 En·
528 3375 691 3456 disciplina
701 3380 883 3456 penitentiae
891 3379 1065 3459 publicae·
1073 3376 1208 3443 Certum
1217 3387 1268 3445 est
1276 3378 1316 3445 ab

198 3493 276 3577 ipsis
283 3490 431 3557 Eeclesiae
442 3489 582 3557 exordiis
590 3491 729 3575 viguisse
741 3493 940 3576 poenitentiae
952 3492 1089 3578 publicae
1102 3492 1313 3581 disciplinam.

200 3609 283 3677 Item
298 3614 428 3674 certum
441 3615 492 3673 est
504 3614 627 3692 praeter
640 3609 864 3691 poenitentiam
876 3616 1098 3693 spontaneam,
1114 3611 1167 3677 eui
1180 3612 1271 3679 ultro
1283 3631 1316 3681 se

200 3732 389 3815 peccatores
411 3724 607 3812 quaudoque
634 3723 863 3811 subjiciebant,
890 3728 1031 3812 viguisse
1053 3730 1188 3812 insuper
1215 3726 1317 3812 peani-v

198 3845 334 3910 tentiam
348 3850 509 3928 coactam;
523 3843 576 3908 cui
591 3861 719 3926 nempe,
735 3844 795 3909 sub
808 3846 1144 3911 excommunicationis
1159 3853 1193 3911 et
1208 3844 1317 3930 expul-

200 3962 345 4030 sionisab
360 3961 505 4029 Ecclesia
515 3981 623 4046 poena,
639 3970 805 4029 certorum
819 3962 1014 4048 flagitiorum
1026 3963 1076 4030 rei
1086 3963 1312 4047 adigebantur.

176 4117 178 4121 ·
200 4079 240 4147 Id
254 4080 378 4146 fatetur
391 4088 425 4146 et
441 4081 510 4164 ipse
526 4079 691 4146 Marinus:
709 4084 828 4162 qnando
838 4091 993 4165 peccatum
1007 4089 1073 4146 crat
1087 4083 1257 4165 pullicum,
1277 4081 1316 4145 ad

195 4204 405 4283 poenitentiam
413 4179 532 4281 pellice
548 4198 696 4280 apendcnc
709 4178 878 4280 peccatores
895 4204 1197 4264 excommunicatione
1213 4206 1244 4263 et
1258 4217 1318 4263 orn·

199 4317 323 4381 nimodc
336 4317 375 4380 cb
385 4317 516 4380 Ecclesia
527 4315 701 4397 expulsione
711 4317 910 4398 cdipcbantnr
923 4315 971 4404 (dc
982 4321 1173 4382 sacramento
1187 4319 1314 4394 Pnnit,

200 4435 225 4502 l.
249 4437 279 4515 5,
298 4453 328 4501 c.
352 4436 403 4513 17,
421 4452 454 4498 n.
475 4439 505 4509 7,
524 4449 598 4514 pag.
617 4431 693 4509 298,
713 4429 792 4498 edit.
808 4433 976 4502 Bruxelles
993 4431 1102 4520 lass).
1127 4437 1174 4499 Act
1189 4453 1256 4498 canc
1271 4451 1319 4496 cc·
