2714 4980
576 323 655 371 rans
677 323 791 371 rmus.
1206 307 1241 373 71

120 447 288 533 injustos
308 446 382 515 foro
402 447 549 514 seculari
564 448 664 517 fuisse
683 448 866 525 distructas,
888 446 950 512 hoc
965 447 1036 529 ipso
1056 445 1251 515 admitteret

123 563 305 633 Ecclesiam
324 564 468 648 generali
486 583 545 630 sua
565 563 737 648 disciplina
759 562 950 649 injustitiam
969 563 1131 648 sanxisse3
1157 561 1247 648 quod

126 688 220 749 certe
232 681 445 749 temerarium
458 688 519 761 est,
535 687 570 749 et
583 703 603 748 a
614 681 763 749 doctrina
775 680 934 747 catholica
942 699 1076 764 prorsus
1087 679 1242 749 alienum.

169 796 209 863 In
239 797 394 881 prasenti
422 805 532 864 autem
556 800 692 866 materia
715 799 806 864 nihili
828 797 934 865 refert
955 796 1091 881 praiata
1110 795 1247 865 decreta

124 911 293 998 pontificia
310 920 346 979 et
365 914 549 979 conciliaria
561 915 704 1000 antiquis
721 923 778 982 aut
792 912 1032 980 recentioribus
1042 912 1246 996 temporibus

124 1027 224 1094 fuisse
241 1026 330 1110 luta3
349 1028 426 1111 quia
445 1046 520 1095 cum
545 1047 611 1094 non
630 1030 737 1095 minus
752 1028 828 1094 olim
852 1044 949 1113 quam
966 1046 1053 1091 nunc
1071 1025 1247 1093 infallibilis

126 1143 275 1211 extiterit
288 1143 324 1209 in
337 1162 395 1209 sua
409 1141 576 1228 disciplina
591 1145 736 1230 generali
749 1144 904 1223 Ecclesia,
921 1142 1056 1210 decreta
1068 1142 1149 1222 boec,
1168 1161 1247 1228 quo·

126 1279 267 1347 cumque
279 1259 404 1327 fueruit
417 1279 487 1328 aevo
501 1261 578 1339 lata,
597 1261 738 1345 probant
760 1280 878 1329 revera
894 1258 937 1327 ad
952 1236 1062 1326 forum
1077 1260 1245 1327 ecclesias·

124 1379 227 1445 ticum
249 1377 418 1468 pertinere
440 1397 496 1446 eas
508 1379 661 1446 materias
678 1397 758 1465 quas
770 1379 967 1465 eitanquam
985 1378 1137 1465 proprias
1150 1376 1244 1444 attri-

122 1492 244 1560 buunt.

164 1611 253 1677 Dum
273 1627 351 1695 ergo
366 1609 453 1677 inira
473 1610 647 1678 afferemus
662 1610 824 1698 ejusmodi
837 1608 1023 1683 decretaad
1035 1608 1240 1694 probandum

118 1727 261 1815 aliquam
275 1745 447 1795 causarum
461 1728 605 1812 speciem
620 1747 690 1795 esse
705 1728 769 1795 iori
784 1728 1004 1807 ecclesiastici,
1021 1747 1082 1813 pro
1097 1728 1242 1812 rigorosa

119 1851 154 1911 ot
168 1842 345 1911 sufficienti
366 1843 517 1911 habenda
535 1846 600 1912 erit
622 1846 697 1911 talis
722 1845 888 1931 probatio,
905 1843 1001 1911 modo
1015 1843 1196 1911 adductum
1208 1844 1240 1909 in

117 1958 348 2044 probationem
370 1962 543 2029 decretum
563 1964 735 2048 perspicue
753 1968 788 2029 et
805 1963 873 2029 sine
897 1961 1108 2047 ambiguitate
1130 1979 1242 2027 causas

118 2075 190 2143 illas
200 2075 421 2161 jurisdictioni
436 2078 661 2145 ecclesiastiea
682 2087 837 2163 tanquam
854 2080 1002 2163 proprias
1021 2075 1200 2162 adjudicet.

163 2193 317 2259 TERTIUM
339 2210 545 2261 eummmum.
569 2231 615 2244 -
636 2198 690 2259 Eoe
708 2216 805 2259 ccusoe
829 2198 871 2259 ud
893 2198 994 2276 sorum
1012 2196 1240 2257 ecclesiasticum

112 2317 270 2393 pertinere
284 2315 435 2377 censenda
447 2321 529 2393 suat,
544 2333 619 2395 quus
628 2334 741 2379 neeesse
753 2316 906 2398 estjudici
921 2316 1126 2392 ecclesiastico,
1141 2318 1170 2376 et
1182 2331 1241 2378 nou

103 2430 214 2510 ,iudici
234 2431 384 2510 soeculari,
403 2431 563 2514 subjacere,
582 2438 617 2494 ct
632 2433 765 2495 Ecclesia
780 2431 872 2513 finem
891 2432 949 2495 sibi
967 2434 1137 2515 proprium,
1157 2432 1241 2493 salu-

120 2553 178 2609 tem
189 2565 295 2629 nempe
309 2551 492 2628 carnarum,
511 2553 717 2611 convenienter
731 2554 879 2629 utliaqere
892 2553 998 2630 possit.
1017 2582 1063 2596 -
1077 2545 1141 2627 Qui
1154 2545 1240 2611 enim

120 2660 191 2728 vult
207 2659 319 2740 linem,
339 2662 411 2728 vult
431 2662 492 2730 hoc
510 2663 581 2748 ipso
594 2662 702 2731 media
717 2662 759 2728 ad
775 2663 874 2729 finem
888 2657 983 2729 ¹illum
999 2661 1237 2748 assequendum

119 2779 317 2864 necessaria3
343 2800 408 2846 non
432 2781 539 2865 potuit
565 2800 643 2866 ergo
673 2780 817 2847 Christus
840 2780 997 2848 Dominus
1021 2779 1238 2846 universalem

120 2913 191 2961 eam
206 2895 408 2974 societatem,
426 2914 497 2981 quae
512 2897 655 2963 Ecclesia
671 2905 892 2981 nuncupatur,
908 2898 942 2961 in
957 2896 1054 2963 terris
1066 2896 1238 2961 instituere

120 3013 154 3077 in
165 3010 256 3078 hunc
270 3011 381 3089 finem,
399 3019 436 3078 ut
450 3031 511 3097 per
527 3011 596 3098 ejus
611 3013 771 3079 actionem
784 3012 930 3078 homines
946 3011 990 3076 ad
1007 3018 1238 3095 supernatura-

119 3129 185 3197 lem
209 3129 341 3197 visionis
360 3130 519 3197 intuitivae
541 3130 779 3197 beatitudinem
797 3130 1024 3216 pervenirent,
1041 3129 1118 3215 quin
1142 3127 1237 3194 simul

121 3247 180 3330 ipsi
198 3251 419 3331 opportunam
438 3248 615 3314 contulerit
640 3253 853 3332 potestatem,
872 3266 935 3333 qua
955 3246 1096 3313 divinam
1113 3246 1236 3312 hancce

123 3364 306 3431 missionem
321 3364 455 3447 explere
471 3366 581 3449 possit.
598 3364 631 3431 Si
645 3383 724 3450 ergo
742 3363 785 3431 ad
805 3365 1041 3432 assecutionem
1052 3363 1125 3430 finis
1138 3382 1237 3448 prop-

122 3487 172 3548 ter
194 3498 295 3568 quem
317 3481 461 3548 Ecclesia
484 3481 639 3548 divinitus
664 3483 812 3549 instituta
834 3482 915 3560 fuit,
939 3482 1157 3548 necessarium
1181 3489 1239 3549 aut

124 3600 219 3667 etiam
232 3600 432 3665 conveniens
444 3608 478 3666 et
493 3608 713 3684 opportunum
725 3602 778 3679 sit,
791 3601 914 3686 aliquas
926 3620 1097 3667 causarum
1112 3600 1238 3682 species

125 3716 349 3783 ecclesiastice
385 3718 589 3802 potiusquam
624 3717 770 3784 saeculari
797 3717 1012 3804 jurisdictioni
1041 3715 1233 3802 subjacere,

124 3832 286 3903 censenda
305 3840 354 3901 est
369 3835 513 3901 Ecclesia
530 3834 715 3921 hujusmodi
731 3843 894 3920 potestate
913 3838 1081 3912 instructo,
1100 3840 1136 3898 et
1154 3832 1237 3898 tales

123 3967 225 4019 causae
242 3968 361 4017 revera
374 3949 539 4018 odiorum
555 3953 656 4037 ipsius
671 3960 746 4019 sunt
758 3950 954 4019 referenda.

161 4067 265 4152 Quod
278 4072 379 4155 magis
392 4069 492 4137 etiam
510 4070 643 4154 patefit,
661 4072 775 4137 sicum
795 4070 862 4136 fine
882 4067 1048 4146 Ecclesia,
1069 4064 1171 4132 civilis
1185 4083 1237 4132 so-

119 4187 251 4255 cietatis
275 4185 348 4253 linis
371 4186 570 4252 conferatur.
595 4188 666 4254 Non
694 4188 780 4253 enim
804 4188 876 4253 vult
896 4188 987 4252 Deus
1009 4183 1154 4250 homiues
1175 4183 1237 4251 sub

115 4280 328 4387 protectione
354 4305 517 4371 saecularis
548 4306 719 4390 potestatis
743 4304 952 4390 tranquillam
978 4309 1013 4369 et
1039 4302 1239 4369 commodam

117 4423 223 4490 vium
239 4439 338 4508 agere
354 4420 455 4510 (quod
469 4430 520 4489 est
532 4423 694 4490 societatis
708 4421 809 4488 civilis
830 4421 904 4488 finis
920 4417 1103 4506 proprius),
1122 4419 1241 4487 adhoc
