2714 4980
543 324 622 372 PARS
645 325 803 372 SECUNDA.

622 571 637 643 t
662 566 704 629 u.

305 799 424 846 Euoiriun
438 799 501 846 notio
516 801 544 847 dc
559 805 641 846 natura
656 800 780 847 vicariatus
795 800 909 860 generalis
923 800 1041 860 Episcopi.

149 1034 307 1115 QUAEsmo
336 1036 376 1096 1².
394 1071 440 1080 -
456 1037 562 1096 Utrum
580 1039 716 1098 Vicorc‘us
730 1039 879 1116 pecccatis
894 1038 1229 1117 Episcopijocisdc'ctio-

103 1168 177 1213 aero
194 1150 304 1212 habeut
321 1168 340 1211 o
356 1152 429 1229 lece,
448 1169 489 1211 on
503 1169 571 1212 ccco
589 1153 626 1213 ab
644 1155 815 1232 Episcopo?
830 1189 875 1199 -
889 1151 994 1235 Aliqui
1008 1150 1161 1215 doctores
1175 1168 1229 1215 su·

104 1264 309 1341 minuerunt,
329 1265 457 1330 Vicario
475 1267 619 1348 generali
643 1267 792 1349 Episcopi
808 1266 1063 1352 jurisdictionem
1085 1265 1230 1332 deriuari

104 1379 151 1446 ab
169 1380 341 1463 Episcopo,
362 1400 426 1445 non
452 1382 577 1465 alege.
598 1384 645 1445 Ita
671 1383 803 1446 Garoias
821 1383 869 1469 (cic
883 1384 1051 1463 Beneficiis,
1076 1389 1168 1464 parte
1193 1386 1224 1459 5,

105 1515 184 1581 cap.
212 1501 244 1574 8,
270 1517 302 1560 u.
328 1499 367 1560 24
393 1505 426 1561 et
449 1496 515 1581 25),
538 1518 599 1563 neo
621 1519 684 1564 nou
708 1499 954 1564 Pax-Jordanus
979 1500 1011 1587 (l.
1041 1502 1092 1577 12,
1118 1499 1169 1562 tit.
1195 1502 1225 1575 1,

105 1632 145 1678 n.
163 1610 236 1696 43);
255 1613 372 1696 quibus
385 1613 512 1678 accedit
527 1615 669 1698 Layman
684 1615 727 1700 (in
742 1635 812 1698 cap.
832 1619 860 1693 1,
877 1616 964 1680 tituli
979 1618 1031 1693 23,
1048 1614 1125 1680 libri
1142 1617 1153 1678 1
1174 1613 1229 1679 de-

102 1729 292 1807 cretalium,
314 1750 347 1793 n.
370 1728 415 1813 3),
434 1731 514 1795 dum
529 1730 608 1796 dicit
625 1754 632 1795 ε
657 1755 672 1792 o
687 1733 805 1796 Vicarii
820 1733 979 1815 generalis
1003 1730 1229 1796 scu'Offioialis

108 1843 336 1931 «jurisdictio,
356 1864 426 1929 quae
445 1853 478 1910 ct
501 1847 569 1928 ipso
588 1845 750 1911 ordinaria
776 1855 840 1924 est,
861 1847 985 1911 directe
1010 1847 1163 1929 prouenit
1185 1846 1226 1911 uh

106 1986 126 2021 u
138 1961 304 2043 Episcopo
324 1970 456 2026 creante
474 1970 508 2026 et
526 1963 716 2027 instituente
732 1963 911 2046 Vicarium3
932 1963 1090 2027 indirecte
1109 1982 1189 2029 uero
1207 1983 1226 2027 a

107 2077 220 2159 alege
233 2095 291 2140 seu
306 2096 438 2154 canone,
461 2079 535 2160 quia
553 2097 654 2143 canon
675 2080 903 2145 aructoriiatcm
919 2079 976 2144 dat
992 2079 1154 2143 Vicarium
1172 2097 1227 2161 ge·
1249 2140 1253 2145 .

108 2218 127 2255 a
140 2193 289 2259 neralem
311 2193 522 2258 instituendi:
544 2213 617 2258 nam
639 2196 781 2278 alioquin
801 2214 897 2260 nemo
919 2196 1069 2277 Principe
1091 2194 1227 2260 inferior

109 2309 288 2377 «officium
304 2317 360 2372 aut
381 2308 639 2393 jurisdictionem
659 2330 760 2389 suom,
783 2310 858 2397 jure
883 2310 1047 2376 ordinario
1072 2330 1226 2378 exercen-

107 2425 231 2503 odam,
254 2426 455 2491 committere
470 2435 589 2509 potest.
608 2451 624 2488 n

151 2543 362 2609 Communius
381 2551 489 2608 tamen
509 2545 591 2609 hanc
606 2547 801 2610 sententiam
814 2546 975 2630 rejiciunt,
996 2552 1030 2611 ct
1046 2544 1226 2629 oppositam

104 2680 170 2747 pro
186 2668 279 2725 certa
292 2667 407 2725 tenent
422 2659 583 2726 doctores.
602 2685 617 2721 c
633 2663 699 2726 Lex
715 2662 784 2745 ipsu
796 2672 845 2727 cst
861 2662 914 2749 (ait
928 2658 1138 2745 Pignatellus)
1154 2680 1224 2745 quae

109 2777 202 2843 udat
223 2775 490 2861 jurisdictionem,
505 2779 630 2842 Vicario
647 2780 805 2862 generali,
834 2776 1014 2843 secundum
1036 2778 1171 2860 glossam
1191 2777 1226 2842 in

109 2902 243 2978 «caput
257 2899 388 2958 unacco
399 2895 451 2980 ’(3,
469 2895 559 2959 tituli
577 2899 628 2974 15,
648 2895 722 2961 libri
739 2899 769 2973 2,
789 2892 956 2977 inserto),
978 2894 1081 2960 verbo
1102 2914 1225 2975 cencre-

109 3016 262 3076 utitor.»
292 3012 390 3098 (Tum.
417 3014 449 3089 4,
473 3013 609 3077 consult.
637 3016 691 3089 37,
715 3034 746 3077 u.
777 3010 822 3096 5.)
848 3013 995 3077 (litantur
1016 3020 1126 3077 autem
1142 3011 1224 3076 ibia

105 3128 302 3212 Pignatello,
319 3134 471 3212 tanquam
490 3128 595 3194 eidem
615 3130 782 3195 sententiae
796 3128 1010 3205 adhaerentes,
1033 3130 1221 3205 Hostiensis,

105 3244 217 3311 obbas
240 3240 497 3323 Panormitanus‚
521 3253 554 3309 et
570 3246 727 3310 Vestrius.
756 3269 772 3305 «
789 3246 937 3326 Quinimo
963 3245 1018 3331 (uit
1042 3244 1117 3309 alibi
1137 3242 1225 3309 idem

109 3384 128 3423 u
140 3357 269 3444 auctor)
287 3362 447 3425 Viourium
462 3381 531 3427 esse
545 3362 730 3440 Praemium,
747 3368 874 3426 constat
885 3381 926 3425 ex
938 3381 977 3426 eo
991 3360 1078 3445 quod
1093 3370 1226 3428 exercet

109 3484 246 3542 «totam
259 3477 345 3542 illam
361 3476 616 3562 jurisdictionem
632 3498 728 3562 quam
745 3478 845 3543 habet
858 3479 926 3560 ipse
943 3478 1131 3561 Episcopus.
1148 3479 1226 3543 Haec

109 3616 128 3655 a
140 3600 253 3659 autem
271 3592 455 3677 jurisdictio
475 3594 640 3659 constituit
657 3594 887 3678 Prolaturam3
905 3602 939 3658 et
957 3593 1096 3677 proinde
1110 3612 1232 3660 oense·-

109 3714 201 3775 atur
226 3709 419 3814 constitutus
444 3729 462 3772 a
484 3712 613 3793 lege...;
631 3718 665 3775 et
686 3711 802 3795 accipit
825 3709 1085 3795 jurisdictionem
1109 3709 1222 3793 alege

110 3800 202 3889 «uiri
225 3824 364 3906 primum
390 3826 534 3890 Vicarius
559 3828 829 3911 constituitur...;
854 3826 940 3892 unde
969 3827 1068 3893 habet
1092 3825 1224 3911 jurisdi-
1309 3892 1312 3899 ,

111 3962 129 3999 α
141 3938 285 4005 ctionem
306 3943 429 4008 ratione
449 3942 542 4007 officii
564 3950 597 4008 et
618 3944 715 4010 titulo
735 3945 951 4011 vicariatus.»
971 3944 1072 4031 (Tem.
1094 3948 1126 4022 3,
1148 3961 1224 4013 oon·

111 4055 221 4122 «solt.
239 4057 295 4136 64,
312 4077 345 4122 n.
368 4058 415 4144 4.)
1236 4134 1240 4139 ,

157 4172 381 4256 «Respondeo
401 4176 456 4261 (ait
473 4176 662 4264 Leurenius)
681 4180 829 4262 accipere
848 4179 1011 4244 vicarium
1027 4177 1158 4265 jurisdi
1172 4178 1199 4238 1
1212 4156 1227 4181 “’

114 4306 231 4369 «nem,
243 4307 308 4354 non
320 4296 388 4355 tam
403 4291 443 4357 ab
460 4294 627 4378 Episcopo,
647 4315 744 4382 quam
759 4294 800 4361 ab
815 4295 885 4381 ipsa
909 4316 995 4386 erp·
1019 4379 1020 4382 Ἴ

116 4412 199 4473 «oet
209 4407 301 4474 nulla
314 4408 367 4474 lex
380 4411 531 4479 canonice
545 4413 579 4479 in
593 4421 665 4480 toto
676 4411 751 4498 jure
765 4430 838 4481 oum
918 4398 921 4403 ¹
