2714 4980
559 285 639 333 rans
661 283 775 331 rmus.
1172 271 1233 337 iss

104 408 243 496 quidem
255 417 366 496 potest
380 410 424 478 ad
436 409 595 498 judicium
611 411 779 495 compelli;
793 418 828 476 et
847 416 962 477 souma
974 410 1094 495 ipsum,
1110 411 1137 479 si
1146 430 1234 481 com·

100 543 226 611 parere
243 535 385 607 recuset,
407 535 518 612 potest
531 529 694 594 sententia
708 527 924 611 pronuntiari.
941 525 1063 594 Atvero
1075 536 1232 616 tanquam

98 649 212 728 rapacia
239 648 389 728 peremtis
412 643 598 712 admittitur
624 645 788 711 neminem
809 645 882 728 cogi
903 662 998 728 posse
1019 651 1057 711 ut
1077 652 1233 732 tanquam

95 768 197 829 actor
211 763 247 827 in
257 760 417 848 judicium
432 763 553 829 veniat.
573 762 728 828 liberum
737 780 856 845 nempe
870 769 921 827 est
933 761 1078 842 cuilibet,
1097 781 1138 829 an
1153 764 1234 831 velit

95 877 203 964 juset
217 880 391 958 actionem,
406 898 477 965 quas
496 879 558 963 ipsi
571 878 728 944 adversus
744 879 843 944 alium
859 886 1062 963 competunt,
1079 879 1234 948 deserere

95 995 156 1062 vel
170 997 337 1080 persequi.
350 996 429 1077 Quae
442 995 555 1080 regida
568 995 739 1079 generalis,
752 995 821 1079 ipso
828 994 904 1081 jure
918 997 1111 1074 naturali,ut
1124 1006 1229 1087 patet,

95 1109 268 1176 innititur.
285 1112 415 1176 Dantur
436 1119 546 1177 tamen
565 1111 729 1176 nonnuliae
745 1113 963 1194 exceptiones.

144 1225 319 1308 Excipitur
336 1230 379 1306 1⁰,
396 1227 454 1311 qui
467 1228 628 1293 actionem
642 1225 709 1312 jam
724 1228 893 1311 proposuit
912 1246 918 1288 :
945 1227 998 1293 iile
1016 1228 1102 1293 enim
1121 1236 1232 1312 potest

97 1341 145 1409 ad
160 1349 307 1426 coeptam
323 1344 483 1410 actionem
498 1342 758 1428 prosequendam
775 1343 856 1425 cogi.
871 1343 939 1408 Hoc
949 1344 1020 1427 ipso
1038 1342 1124 1408 enim
1141 1343 1231 1429 quod

97 1456 206 1521 semel
229 1457 395 1539 proposita
416 1456 518 1522 fuerit
539 1457 634 1534 actm,
661 1462 854 1539 gravmetur
876 1455 964 1522 Reus
987 1456 1050 1521 nisi
1071 1456 1227 1522 devenire

98 1578 217 1656 posset
236 1568 280 1636 ad
302 1572 510 1651 sententiam,
541 1590 606 1656 qua
633 1571 768 1637 actionis
792 1569 950 1657 injustitia
974 1569 1230 1638 demonstretur.

99 1688 184 1754 Hinc
205 1687 241 1752 in
266 1687 340 1773 jure
356 1689 557 1755 Justinianeo
574 1688 675 1775 (auth.
695 1693 755 1769 Qui
770 1691 870 1769 semel,
890 1708 919 1753 c.
940 1693 1046 1769 Quone.
1065 1696 1095 1753 et
1113 1692 1233 1771 quoodo

96 1803 186 1890 jod.)
212 1813 344 1870 cautum
367 1813 428 1885 est,
454 1812 491 1870 ut
513 1806 570 1891 qui
585 1806 744 1871 actionem
763 1805 943 1888 proposuit,
959 1803 1003 1869 ad
1020 1805 1107 1872 illam
1121 1823 1234 1889 prose-

105 1919 270 2006 quendam
289 1922 495 2006 rogiposset3
510 1941 582 2006 quae
597 1921 653 1986 lex
665 1919 748 2005 juris
760 1919 909 1999 Romani,
931 1928 1086 2005 tanquam
1106 1922 1140 1987 iu
1161 1921 1234 1987 foro

105 2039 324 2105 ecclesiastico
336 2046 471 2122 recepta
485 2038 635 2105 habenda
649 2044 711 2105 est.

147 2156 319 2239 Excipitur
335 2159 380 2234 2⁰,
405 2158 461 2242 qui
476 2157 616 2221 alterum
629 2153 822 2223 diffamavit.
842 2155 902 2220 lile
918 2154 1006 2220 enim
1017 2151 1060 2219 ud
1076 2152 1231 2221 diffamati

104 2272 291 2338 instantiam
311 2272 464 2354 compelli
481 2278 591 2355 potest
612 2270 656 2336 ad
675 2270 840 2356 agendum
859 2271 946 2335 intra
969 2277 1097 2335 certum
1119 2273 1233 2337 termi-

104 2407 192 2468 num,
210 2390 274 2453 nisi
288 2388 369 2454 velit
383 2388 548 2453 silentium
559 2388 621 2454 sibi
632 2388 767 2472 imponi.
780 2387 820 2453 ld
836 2386 938 2453 dictat
946 2385 1000 2472 jus
1013 2387 1176 2472 naturale3
1194 2395 1230 2454 et

102 2505 235 2588 insuper
250 2503 443 2571 decernitur
459 2503 575 2589 injure
587 2504 788 2569 Justinianeo
807 2503 890 2590 (lege
907 2507 1073 2585 Diffomeri
1093 2506 1124 2582 5,
1143 2522 1172 2568 c.
1189 2508 1228 2569 de

103 2617 270 2705 lacescis).
287 2621 360 2687 Dici
370 2625 481 2686 autem
495 2627 603 2703 posset
615 2620 650 2683 in
665 2618 726 2685 hoc
741 2638 827 2697 casu,
844 2616 1064 2684 diffamantem
1078 2637 1143 2683 non
1157 2637 1229 2685 esse

103 2740 235 2825 proprie
255 2739 416 2816 dotorem,
436 2735 496 2803 sed
517 2737 627 2821 potius
649 2736 770 2820 Reum;
788 2755 826 2801 ac
850 2733 986 2820 proinde
1010 2754 1121 2800 ossum
1143 2735 1229 2802 hunc

103 2834 298 2941 supradictae
314 2854 438 2938 regular
456 2853 600 2938 generali
615 2872 681 2919 non
698 2851 936 2919 contradicere.

142 2974 361 3059 Excipiuntur
374 2976 420 3051 3⁰,
444 2973 501 3056 qui
511 2991 553 3036 ex
570 2970 673 3037 officio
688 2978 844 3037 tenentur
858 2969 943 3035 hona
955 2978 989 3035 et
998 2968 1073 3054 jura
1088 2969 1226 3036 aliorum

102 3093 198 3171 tueri,
218 3098 320 3176 prout
337 3097 414 3156 sunt
429 3095 569 3167 tutores,
586 3095 763 3166 curatores,
785 3091 1015 3171 procuratores
1035 3093 1070 3151 et
1089 3083 1228 3153 admini-

102 3217 271 3277 stratores.
290 3208 343 3274 1111
355 3208 443 3273 enim
467 3207 617 3290 compelli
641 3212 777 3290 possunt
797 3204 840 3270 ad
859 3203 1023 3299 agendum
1039 3204 1073 3270 iu
1089 3203 1224 3290 judicio,

100 3325 232 3411 quando
246 3323 284 3390 id
298 3323 441 3408 postulat
458 3325 616 3390 interesse
636 3342 760 3400 eorum,
779 3341 919 3409 quorum
932 3322 1017 3389 bona
1032 3328 1066 3388 et
1078 3321 1153 3408 jura
1174 3329 1226 3391 te·

96 3450 221 3511 nentur
236 3461 277 3508 ex
291 3441 394 3507 officio
409 3441 507 3506 tueri.

135 3560 211 3627 XV.
233 3561 342 3623 Uirum
359 3562 450 3624 Actor
464 3565 493 3621 et
508 3561 585 3621 Reus
597 3563 662 3639 coyt
673 3561 793 3641 possint
808 3563 843 3620 ret
853 3558 1053 3640 personaliter
1065 3559 1223 3640 injudicio

95 3682 300 3760 ampareaet,
315 3694 356 3740 cre
367 3681 520 3757 oeroipae's
538 3694 651 3758 semper
663 3677 789 3738 liberum
801 3679 843 3738 rit
852 3694 910 3757 per
920 3681 1150 3756 procuratorem
1162 3677 1223 3738 liti-

95 3797 193 3874 rare?

136 3907 603 3996 Rucum1·.-Prineeps(id
610 3915 659 3974 est
666 3910 766 3992 Papa,
778 3908 845 3974 sive
856 3907 953 3987 solus,
966 3909 1034 3974 sive
1044 3906 1078 3971 iu
1086 3907 1223 3975 concilio

95 4025 312 4113 oecumenico)
332 4029 515 4112 praecipere
532 4033 640 4110 potest
656 4035 693 4092 ut
712 4034 822 4111 partes
839 4026 1055 4110 personaliter
1075 4025 1218 4092 veniant.

95 4151 146 4221 [ta
159 4148 380 4214 communiter
399 4145 563 4219 doctores.
578 4147 659 4211 Nam
667 4145 745 4211 lloet
757 4143 811 4229 jus
827 4142 1082 4209 ecclesiasticum
1097 4144 1223 4228 litigan-

95 4267 188 4335 nous
212 4264 400 4331 facultatem
426 4264 526 4330 faciat
559 4263 607 4350 (ut
632 4262 729 4328 modo
752 4256 948 4344 ridebimus)
974 4269 1223 4345 procuratorem
1329 4308 1337 4322 .

95 4383 171 4451 ioco
187 4383 238 4447 sui
254 4379 416 4456 mittendi,
438 4398 476 4447 ea
490 4388 600 4447 tamen
616 4381 688 4463 lege
706 4399 771 4444 uon
785 4385 918 4446 tenetur
932 4397 1105 4464 supremus
1126 4380 1223 4464 legis
