2714 4980
29 339 32 344 -
122 288 185 369 292
453 318 641 367 nascamus
664 320 708 366 nr
731 320 880 368 Junrcns.

119 454 342 528 procuratorem
364 451 487 511 mittens
492 494 503 525 ,
523 451 634 508 actoris
651 451 844 509 intentionem
863 452 1007 528 excipiat.
1028 448 1110 513 Cum
1125 448 1165 514 ibi
1179 449 1214 514 dl

121 570 214 627 catur
226 563 331 628 Reum
347 561 389 627 ad
404 560 669 645 respondendum
688 562 723 626 in
738 561 862 647 judicio
879 563 988 628 teneri
1003 564 1129 630 etiamsi
1143 566 1180 629 sit
1193 572 1216 628 to

118 680 182 740 atto
197 684 371 759 procincto,
396 685 487 760 patet
511 678 544 740 in
565 676 637 742 loco
655 678 704 742 rei
729 678 796 742 sitae
816 679 984 743 conveniri
1011 698 1105 763 posse
1132 681 1217 746 Reum

116 793 212 858 etiam
227 793 406 859 absentem.
425 792 516 857 Idem
531 792 637 856 innuit
654 793 710 857 lex
728 812 798 876 qnae
814 794 849 857 in
865 794 883 858 J
886 794 1040 859 ustininni
1062 796 1171 862 codice
1185 797 1217 861 ci-

119 916 220 974 tatam
235 910 382 992 proxime
403 908 571 993 seqnitur:
589 911 649 972 Sed
666 917 696 972 et
713 915 747 971 tn
769 911 842 972 tacis
864 916 897 973 tn
917 913 1024 990 quitos
1044 932 1093 975 res
1114 919 1218 994 propter

116 1046 191 1106 ques
201 1029 391 1089 contenditur
404 1031 573 1087 constitute
586 1033 667 1104 sunt,
678 1027 817 1106 jobemus
835 1032 867 1089 tn
883 1047 945 1089 cem
964 1033 1112 1091 actionem
1126 1031 1217 1092 adoer-

119 1163 169 1205 scs
180 1145 382 1225 possidentem
395 1148 518 1205 moveri.
537 1140 616 1205 Cum
635 1139 806 1225 legislator
822 1142 867 1207 ibi
881 1145 1112 1210 universaliter
1125 1146 1219 1230 loqua-

117 1265 175 1324 tur
194 1257 441 1342 comprehendit
460 1258 609 1341 profecto
628 1258 719 1321 illum
739 1259 837 1323 etiam
860 1258 965 1323 Reum
984 1261 1041 1344 qui
1059 1281 1078 1325 a
1096 1260 1166 1327 loco
1183 1261 1217 1326 rei

119 1377 186 1440 sitae
209 1376 349 1441 abesset.
370 1374 479 1452 Adde,
498 1375 637 1459 alioquin
659 1374 767 1440 sorum
790 1377 839 1441 rei
856 1377 924 1440 sitae
945 1375 989 1442 ad
1012 1376 1137 1462 aliquid
1152 1378 1217 1442 acci·

118 1491 249 1556 dentale
276 1496 310 1556 et
335 1490 406 1554 fere
436 1490 556 1554 nullius
583 1491 739 1555 momenti
768 1489 895 1568 reduci,
928 1489 1008 1556 dum
1035 1494 1215 1558 contrarium

118 1614 231 1688 aperte
247 1613 434 1689 supponunt
448 1605 644 1688 generaliter
658 1606 803 1670 canonici
817 1614 851 1671 et
864 1607 1000 1672 Romani
1012 1606 1096 1692 juris
1109 1615 1212 1674 textu.

118 1719 288 1802 Quomodo
304 1740 383 1787 vero
398 1719 439 1784 ad
458 1721 600 1786 rationes
611 1722 779 1787 contrariae
799 1723 956 1804 opinionis
974 1722 1168 1806 responderi
1179 1741 1215 1789 sc

117 1836 192 1916 leat,
209 1834 285 1901 vide
299 1835 387 1919 apud
402 1835 693 1918 Schmalzgrueber
709 1836 820 1921 (citato
838 1833 935 1920 loco).

159 1956 300 2021 uncam
322 1956 367 2019 3¹.
391 1989 437 2000 -
458 1957 535 2017 Reus
555 1959 588 2017 in
614 1955 675 2016 loco
704 1959 750 2015 rei
778 1959 844 2016 sttoe
872 1959 1028 2018 conventri
1051 1961 1152 2035 nequit
1172 1959 1218 2017 nist

118 2078 233 2135 cottone
259 2073 336 2134 recle·
362 2072 409 2132 cet
433 2075 550 2149 mixta,
576 2088 636 2132 nnc
660 2088 729 2131 cero
761 2074 877 2132 actione
907 2088 986 2132 mere
1003 2072 1167 2151 personali.
1184 2103 1217 2116 -

120 2209 136 2248 c
150 2187 314 2268 Quaeritur
328 2205 391 2271 qua
409 2186 535 2251 actione
549 2185 636 2249 Reus
650 2183 684 2248 in
696 2185 770 2249 loco
785 2185 836 2249 rei
849 2184 916 2248 sitae
929 2185 1098 2250 conveniri
1113 2183 1216 2269 possiti

122 2301 365 2387 «Respondem
382 2302 507 2368 actione
531 2301 611 2366 reali
628 2308 774 2378 tantum,
793 2321 859 2366 non
877 2320 957 2366 vero
981 2303 1158 2385 personali,
1173 2299 1218 2365 nisi

123 2443 139 2482 a
153 2420 194 2485 sit
208 2421 242 2484 in
257 2439 327 2485 rem
345 2421 476 2501 scripta.
494 2417 589 2484 Ratio
608 2424 658 2482 est
679 2417 755 2502 quia
776 2418 859 2482 actio
873 2417 969 2482 realis
982 2435 1069 2498 rem,
1087 2438 1150 2484 non
1162 2434 1217 2501 per·

121 2554 274 2610 «sonam,
288 2535 452 2620 sequitur:
469 2534 569 2617 igitur
582 2533 661 2598 nihil
674 2532 778 2612 obest,
793 2532 882 2618 quod
896 2534 984 2599 Reus
1002 2533 1113 2618 quoad
1130 2549 1218 2617 perso

120 2673 226 2719 cnam
250 2671 340 2718 sunm
361 2651 485 2718 nonsit
505 2649 689 2736 subjectus,
714 2651 771 2716 tali
785 2648 899 2734 judici.
919 2650 1127 2717 Contrarium
1148 2648 1218 2716 fitia

121 2791 138 2830 α
151 2769 279 2834 actione
295 2767 472 2851 personali;
485 2785 560 2831 nam
575 2766 642 2830 haec
652 2785 718 2832 non
731 2784 802 2832 rem
814 2764 875 2832 sed
887 2782 1061 2848 personam
1074 2767 1217 2852 sequium

120 2904 189 2950 «nc
215 2883 353 2968 proinde
376 2888 468 2949 actor
489 2902 562 2949 eam
581 2880 803 2948 intentntn'rus
825 2901 935 2948 coram
960 2901 1000 2948 eo
1022 2881 1135 2967 jndice
1156 2883 1219 2948 hanc

121 3001 311 3066 rirrtentare
337 2998 455 3077 debet,
478 2999 530 3063 cui
552 2996 699 3082 subjecta
721 3005 771 3063 est
786 3017 927 3081 persona
949 2999 1009 3064 Rei
1032 2997 1218 3066 conventi.»

119 3118 432 3206 (schmalzgrueber,
449 3118 482 3181 in
497 3118 550 3181 tit.
570 3119 601 3195 2,
620 3115 675 3182 lib.
695 3119 714 3180 2
735 3115 877 3193 decret,
895 3136 928 3181 n.
950 3113 1019 3201 51.)

166 3261 182 3298 a
207 3236 313 3302 Judex
328 3235 485 3300 territorii
499 3235 532 3298 in
548 3251 612 3319 quo
630 3253 683 3299 res
698 3233 758 3299 sita
776 3240 837 3312 est,
854 3253 920 3298 non
933 3241 1046 3316 potest
1057 3231 1220 3317 procedere

122 3362 267 3421 «contra
286 3372 455 3437 personam
478 3352 672 3434 possessoris
691 3350 750 3429 rei,
779 3358 836 3416 aut
856 3369 933 3416 eum
954 3357 992 3415 ut
1015 3359 1223 3418 contumacem

119 3470 367 3537 «condemnare
387 3470 440 3535 vel
456 3469 590 3551 punire;
609 3485 684 3531 cum
698 3486 836 3550 persona
850 3466 1033 3533 secundum
1053 3488 1091 3534 se
1113 3487 1176 3534 non
1193 3464 1224 3530 sit

125 3611 141 3652 c
155 3586 286 3653 subdita
297 3584 516 3670 jurisdictioni
528 3583 624 3648 illius.
642 3583 756 3648 Potest
773 3590 884 3648 tamen
897 3588 1013 3647 contra
1024 3597 1224 3668 possessorem

123 3701 334 3787 «procedere
360 3703 494 3781 realiter,
522 3705 571 3777 ut,
594 3699 621 3762 si
644 3699 761 3763 citatus
785 3719 850 3764 non
875 3708 1074 3782 compareat,
1097 3707 1225 3766 actorem

125 3845 142 3884 e
156 3821 288 3886 mittere
310 3819 411 3903 possit
424 3819 459 3881 in
473 3817 707 3901 possessionem
726 3816 886 3881 bonorum
899 3834 971 3900 qun
982 3817 1017 3880 in
1031 3817 1134 3900 ipsius
1149 3812 1226 3881 terri

124 3962 140 4002 u
155 3939 240 4004 torio
254 3938 314 4003 sita
332 3943 448 4001 sunt...
470 3933 627 4018 Idemque
643 3940 693 3999 est
709 3931 751 3997 de
766 3933 892 3998 actione
915 3933 1028 4013 mixta,
1045 3954 1107 4000 seu
1119 3935 1153 3999 in
1168 3948 1225 3997 ren

121 4080 138 4120 r
152 4056 282 4139 scripta,
296 4071 367 4138 quae
378 4051 532 4116 intentari
546 4057 655 4134 potest
668 4050 702 4115 in
714 4050 787 4115 loco
803 4049 852 4114 rei
866 4050 957 4133 citae3
977 4051 1053 4133 quia
1069 4049 1144 4115 talis
1155 4043 1225 4113 actia

121 4192 216 4240 «non
238 4172 343 4238 solum
365 4187 547 4253 personam,
576 4165 755 4232 sedetiam
778 4185 849 4232 rem
870 4167 1095 4252 persequitur.
1123 4190 1140 4230 n
1163 4160 1226 4251 (Pir

117 4290 222 4372 rhing,
237 4289 270 4352 in
284 4287 336 4352 tit.
355 4289 386 4363 2,
410 4285 484 4351 libri
500 4287 519 4348 2
537 4282 676 4362 decret,
695 4301 728 4346 n.
748 4279 818 4366 48.)
837 4283 879 4348 Et
890 4283 936 4348 ita
952 4281 1109 4350 doctores
1130 4275 1225 4346 unani·

121 4407 229 4472 miter.
