2714 4980
552 284 770 333 pausemus.
1154 266 1220 333 llo
1268 358 1286 389 ι

99 406 202 499 dictis
220 406 570 495 qualitatihus-vestiti,
593 410 741 496 sequitur
760 410 887 476 nullum
904 409 977 474 iore
996 415 1032 473 et
1051 426 1112 492 pro
1130 407 1221 474 nullo

101 522 295 615 labendum
313 524 512 609 rescriptum
534 526 668 610 Papale,
692 545 757 613 quo
783 527 924 613 aliquem
945 525 994 591 hle
1013 501 1222 613 qualitatibus

101 647 273 727 carentem
287 639 468 725 delegaret,
487 641 548 707 nisi
558 643 741 709 contineret
756 642 933 709 clausulam
943 649 1072 706 ccccm
1080 645 1216 733 scientia

100 742 368 827 velanamdioto
377 756 445 843 juri
454 757 619 826 ordinario
630 757 852 844 derogantem.
981 795 999 806 -·

98 909 102 917 ¹
147 878 182 943 8.
199 873 378 958 Delegatus
388 881 498 941 autem
506 875 656 961 Episcopi
668 875 723 942 uel
736 876 871 943 alterius
881 873 1044 941 inferiorIs
1058 870 1221 954 Ordinarii

99 998 301 1078 potestesse
320 991 457 1073 simplex
475 991 627 1070 clericus,
650 993 797 1078 quamvis
817 1011 879 1059 uec
902 990 1073 1056 canonicus
1097 1007 1159 1055 nec
1185 988 1220 1053 in

98 1104 264 1191 dignitate
292 1107 498 1189 constitutus.
526 1109 577 1174 De
602 1125 666 1193 quo
689 1107 779 1173 nulla
802 1107 889 1173 inter
916 1105 1067 1172 doctores
1091 1111 1220 1171 contro-

100 1222 222 1290 versia.

99 1400 104 1409 .
146 1341 181 1407 9.
207 1337 257 1405 An
270 1336 441 1421 delegatus
460 1339 561 1423 possit
579 1357 649 1405 esee
670 1338 779 1426 quoad
797 1338 947 1406 eamdem
964 1357 1093 1406 causam
1110 1339 1221 1405 multi·

99 1454 200 1538 plen?
224 1450 438 1537 Respondent
457 1452 646 1539 affirmative
682 1456 877 1521 unanimiter
912 1456 1096 1523 canonista.
1123 1455 1220 1543 Nulla

100 1571 190 1637 enim
214 1576 265 1635 est
282 1569 366 1634 ratio
381 1569 434 1635 vel
453 1571 520 1649 lex,
540 1589 612 1656 qua
633 1570 806 1655 prohibeat
824 1591 864 1637 ne
884 1590 979 1637 causa
998 1571 1219 1637 committatur

99 1685 253 1771 pluribus
266 1687 375 1770 potins
388 1705 486 1772 quam
503 1688 576 1771 uni;
592 1687 657 1754 imo
675 1695 828 1754 constans
850 1688 912 1754 fuit
936 1696 970 1755 et
992 1693 1162 1772 permanet
1174 1687 1219 1763 ,in

99 1801 245 1875 Ecclesia
268 1802 555 1887 causas-pluribus
577 1802 803 1870 committendi
824 1805 944 1888 praxis,
965 1811 1003 1869 ut
1017 1810 1139 1889 praeter
1158 1801 1220 1868 alia

102 1916 301 2009 documenta
319 1919 498 1998 innumera,
520 1927 665 1986 testatur
687 1921 867 1987 Gelestinns
886 1921 1004 1986 tertius
1018 1919 1068 1984 his
1080 1918 1215 1985 verhIs:

101 2037 162 2100 Illo
174 2040 284 2117 pocppe
302 2037 364 2114 soil
380 2041 507 2118 antiquo
527 2038 614 2101 Sedis
631 2038 807 2119 Apostolicoe
826 2042 971 2118 provisio,
992 2043 1027 2098 ot
1046 2036 1218 2118 hujusmodl

102 2170 261 2215 cuasarum
271 2157 464 2234 coquita'ooes,
482 2154 595 2216 dandus
608 2172 696 2235 quom
709 2157 775 2234 coi,
790 2154 886 2215 tribas
898 2171 987 2234 qaam
1002 2153 1116 2216 duobos
1126 2151 1218 2213 libem

102 2271 162 2331 lius
175 2268 339 2349 maceret.
357 2265 446 2352 (Gap.
466 2271 664 2333 Prudeotc'cm
676 2269 731 2348 21,
750 2267 838 2333 tituli
856 2269 910 2346 29,
922 2266 999 2359 libii
1014 2269 1027 2331 1
1045 2261 1187 2350 decret.)

628 2527 684 2590 IV.

103 2752 237 2819 Ωυοωοᾱο
242 2757 384 2819 procedere
397 2757 500 2820 poesim
512 2757 553 2808 uel
565 2755 677 2807 mltum
689 2758 809 2825 maimo,
826 2760 934 2825 quoodo
946 2755 1035 2821 pluras
1049 2756 1086 2808 cd
1099 2757 1217 2809 samam

401 2863 509 2901 canaam
522 2850 701 2902 dirimendam
717 2853 836 2916 deputati
844 2856 914 2902 aaut.

143 3082 224 3147 Eam
248 3077 470 3147 difficultatem
490 3081 654 3147 solvemus
674 3078 903 3165 praemittendo
917 3078 1021 3146 varias
1040 3076 1082 3144 de
1101 3072 1160 3141 hac
1179 3095 1216 3143 re

101 3195 296 3276 decretales,
314 3202 348 3262 et
362 3203 476 3282 postea
489 3196 737 3265 determinando
758 3197 838 3284 quid
854 3196 936 3283 jurIs
956 3216 998 3262 ex
1015 3197 1053 3261 iis
1073 3192 1218 3261 textibus

105 3322 269 3400 aequatur.
922 3399 927 3408 .

143 3431 196 3498 Sic
210 3430 359 3498 decrevit
371 3430 555 3499 Bonifacius
572 3432 650 3498 VIII
666 3453 674 3498 :
695 3459 710 3487 «
727 3429 942 3517 cumplures,
957 3428 1083 3496 subilla
1098 3427 1213 3509 forma,

106 3556 166 3613 «ct
184 3568 287 3613 omncs
305 3557 359 3613 cut
375 3553 435 3614 duo
457 3552 505 3613 vel
523 3569 601 3612 uoco
621 3567 722 3612 coram
743 3550 920 3612 mandatam
937 3550 1131 3630 apostolicum
1148 3568 1218 3612 cce·

105 3672 279 3751 «motor,
304 3665 444 3731 antella
467 3664 635 3744 cousImili,
650 3661 776 3750 judices
799 3663 854 3730 vel
879 3670 1073 3729 executores
1094 3683 1113 3728 a
1134 3662 1218 3730 Sede

102 3781 317 3870 «Apostolica
342 3781 495 3867 deputari
516 3782 684 3866 confingit,
707 3783 852 3868 Ipsorum
873 3781 1014 3868 quilibet
1036 3779 1218 3866 injunctum

100 3908 244 3987 «potest
254 3900 359 3967 libere
372 3899 552 3984 adimplere
568 3898 768 3966 mandatum.
790 3901 894 3967 Porro
909 3919 974 3966 uno
990 3917 1104 3965 eorum
1120 3915 1218 3981 nego-

99 4042 115 4080 a
131 4021 220 4088 tium
232 4019 403 4086 inchoante
415 4019 628 4098 commissum,
645 4019 698 4084 alii
714 4018 898 4105 nequibunt
915 4037 950 4084 se
966 4017 1104 4082 ulterius
1117 4017 1219 4082 intro·

96 4160 116 4201 a
129 4138 267 4205 mittere
283 4135 325 4203 de
339 4134 465 4215 eodem,
486 4136 546 4202 nisi
565 4137 619 4202 vel
636 4135 844 4213 infirmitate,
870 4135 924 4202 vel
943 4134 1003 4199 alla
1018 4131 1106 4218 justa
1124 4151 1219 4199 causa

99 4276 119 4317 c
131 4253 228 4321 illum
259 4253 464 4337 contingeret
490 4250 642 4338 impediri
663 4273 670 4317 :
691 4258 747 4317 aut
764 4251 791 4317 si
803 4250 916 4330 nollet,
936 4250 990 4317 vel
1007 4240 1166 4316 malitiose
1185 4249 1220 4313 iu

102 4392 174 4441 «eo
191 4367 376 4459 procedere
397 4376 573 4439 recusaret.
598 4393 615 4433 u
638 4368 728 4460 (Cap.
749 4368 954 4449 stitutio,
976 4368 1052 4437 libri
1074 4369 1102 4448 l,
1120 4367 1154 4434 in
1168 4364 1216 4454 6.)
