2714 4980
173 270 214 339 ia
515 274 702 335 morasus
724 285 768 334 nu
790 282 939 333 runicus.

177 400 432 480 &auctoritatem
469 411 676 498 subjectionis
713 412 778 478 suis
810 409 953 477 decretis
988 410 1156 496 exigendae
1194 412 1302 480 aliter

177 561 191 589 a
205 550 302 618 quam
320 551 381 616 per
396 518 502 596 media
517 550 588 617 quae
608 529 756 615 pendent
780 529 1038 614 apersuasione3
1058 535 1222 615 quatenus
1242 531 1301 596 in-

176 649 323 716 «tendat
337 648 513 714 Ecclesiam
529 670 589 713 ooo
603 651 709 712 iubere
723 650 864 711 collatam
885 649 943 710 sibi
966 667 989 710 a.
1011 651 1073 711 Deo
1092 654 1289 730 potestatem,

176 787 263 831 «aon
291 770 386 829 solum
410 768 564 847 diripeadi
584 785 639 847 per
664 766 801 843 oonsilio,
831 766 882 828 sed
907 768 997 826 etiam
1016 765 1144 847 jubendi
1166 784 1226 858 per
1255 768 1300 827 le-

176 913 190 938 «
202 903 264 966 pes,
291 903 326 946 oo
348 884 449 946 devios
478 890 716 964 contumacesque
748 886 895 974 exteriore
913 883 1030 962 judicio
1059 901 1094 943 ao
1120 883 1300 945 salubribus

176 1003 473 1084 «pertimescendi,
493 1007 581 1082 utque
594 1002 738 1082 coquedi·
758 1034 803 1048 -
822 996 980 1065 inducens
997 997 1031 1063 in
1050 1003 1191 1083 systema
1212 998 1296 1065 alias

176 1117 392 1184 «damnatum
407 1125 445 1182 ut
461 1117 659 1183 haeretioum.
678 1146 691 1172 ι

181 1254 184 1259 ·
214 1235 271 1301 IV.
288 1235 326 1300 In
345 1234 440 1300 brevi
456 1226 637 1319 dogmatioo
657 1226 892 1317 adamantino,
918 1253 982 1319 quo
997 1234 1074 1299 Pius
1088 1234 1131 1298 IX
1147 1233 1297 1300 feliciter

170 1369 309 1436 regnans
329 1369 429 1434 opera
448 1352 578 1417 ioannis
597 1353 705 1436 Nuytz
725 1349 891 1444 damnavit
906 1349 959 1416 die
975 1353 1016 1415 Ὦ
1036 1351 1165 1434 augusti
1183 1354 1288 1432 1851,

169 1469 255 1534 inter
268 1468 458 1551 reprobatas
472 1469 706 1552 propositiones
719 1474 910 1533 recensetur
922 1469 1029 1552 opinio
1040 1487 1104 1553 qua
1115 1467 1289 1546 asseritur,

169 1586 331 1650 Ecclesiam
348 1591 395 1649 uis
413 1587 576 1667 inferendo
591 1593 769 1666 potestatem
785 1606 845 1650 noa
863 1587 979 1665 iubere,
1003 1606 1096 1668 noque
1109 1593 1295 1668 potestatem

163 1704 265 1784 ‘uliam
279 1705 424 1767 directum
439 1705 487 1765 oei
503 1705 693 1766 indirectum.

213 1819 299 1903 Ergo
315 1837 431 1885 revera
445 1818 593 1883 Ecclesiae
611 1825 798 1902 competere
813 1819 879 1883 vim
897 1820 1085 1897 coactivam,
1103 1818 1138 1884 id
1154 1826 1215 1899 est,
1237 1839 1294 1886 οο·

168 1934 267 2022 gendi
282 1943 316 2002 et
331 1934 504 2002 coercendi
518 1952 630 2000 veram
645 1941 853 2018 potestatem,
872 1955 936 2001 non
955 1943 1082 2001 tantum
1096 1942 1146 2000 est
1162 1954 1242 2002 vera
1256 1942 1293 2001 et

168 2058 258 2118 certa
277 2050 437 2130 doctrina,
457 2049 630 2117 sedetiam
655 2041 994 2134 multoties'expresse
1016 2050 1168 2135 definita3
1189 2059 1224 2115 et
1246 2051 1291 2120 de

169 2170 333 2236 contraria
362 2171 510 2253 opinione
532 2169 656 2251 pariter
680 2186 833 2251 expresse
857 2168 1027 2234 definitum
1052 2174 1101 2234 est
1122 2186 1196 2233 eam
1216 2186 1290 2234 esse

169 2287 350 2352 tereticam.
797 2277 803 2290 ’

675 2498 801 2588 tlt.v

521 2734 646 2783 Diluuntur
661 2734 801 2796 abiectiones
813 2733 927 2797 quadam.
1023 2747 1025 2751 ⁸
1053 2765 1057 2770 .

211 2987 327 3053 Plures
343 2976 413 3070 quae
428 2983 469 3049 ab
485 2981 694 3049 heterodoxis
710 2981 843 3048 obtrudi
860 2984 967 3049 solent
982 2983 1196 3068 objectiones,
1217 2985 1287 3071 jam

167 3119 265 3190 snpra
286 3102 426 3171 uidimus
445 3102 478 3167 in
500 3101 729 3168 constitutione
751 3102 881 3166 ioannis
896 3101 985 3168 XXII
1003 3102 1197 3169 confutatas.
1216 3104 1287 3171 Cae-

166 3220 246 3287 teris
268 3226 379 3285 autem
404 3218 474 3284 fere
498 3217 647 3283 omnihus
669 3217 715 3283 ita
731 3217 831 3282 facilis
852 3225 902 3283 est
920 3220 1103 3303 responsio,
1122 3225 1159 3283 ut
1175 3219 1216 3286 ab
1237 3207 1287 3288 eis

167 3333 456 3402 commemorandis
471 3333 700 3400 abstineamus.
720 3333 814 3400 Unde
829 3355 927 3400 unam
944 3333 1113 3400 dumtaxat
1130 3341 1187 3401 aut
1200 3337 1284 3404 alte·

166 3472 246 3531 ram,
264 3471 335 3538 quae
350 3451 572 3517 difficultatem
587 3453 727 3538 aliquam
740 3471 806 3535 prae
823 3472 857 3518 se
869 3453 992 3538 ferunt,
1009 3451 1208 3539 subjicimus.
1239 3518 1243 3524 .

209 3572 334 3655 Objioies
353 3573 382 3634 l.
421 3569 552 3634 Dictum
578 3570 757 3653 Lactantii3
782 3591 841 3633 uon
870 3577 914 3634 ost
937 3591 1010 3652 opus
1039 3576 1074 3656 ui*
1096 3577 1125 3633 et
1150 3575 1278 3655 injurio,

163 3693 234 3771 quio
255 3689 361 3770 roiiqio
378 3695 443 3769 aopi
465 3707 525 3751 uon
541 3693 641 3768 potest
647 3710 662 3767 ,·
687 3688 785 3750 verbis
808 3664 911 3769 potius
936 3707 1025 3768 quom
1048 3691 1216 3752 verberibus
1235 3710 1284 3753 res

162 3809 278 3888 spendo
296 3812 350 3870 est.
372 3808 478 3886 Itaque
498 3823 583 3867 aomo
603 3825 623 3866 o
646 3806 730 3868 uobis
755 3807 901 3867 retinetur
923 3809 1037 3866 invitus
1053 3825 1063 3866 .·
1094 3808 1215 3868 iuutiiis
1237 3814 1283 3871 est

163 3917 241 3986 euim
255 3927 325 4004 Deo,
338 3928 391 4004 qui
402 3924 556 3986 devotione
567 3927 596 3984 et
607 3921 669 3999 sicia
683 3926 774 3984 soret.
792 3919 1142 4006 (remotissimum,
1157 3920 1216 3986 lib.
1233 3920 1279 4007 5.)

163 4038 246 4104 Item
261 4038 349 4104 illam
363 4036 452 4122 apud
462 4034 687 4102 Cassiodorum
701 4038 916 4102 sententiam:
942 4038 1115 4118 retiqiooem
1133 4042 1281 4119 imperare

161 4174 221 4221 uon
247 4174 414 4240 possumus,
446 4159 519 4238 quio
544 4173 629 4217 aomo
656 4157 772 4236 sopitur
797 4160 833 4216 ut
854 4156 957 4216 medat
981 4159 1096 4217 inuitus
1122 4153 1275 4240 (Cassiod.

163 4272 303 4354 Varios,
324 4251 384 4338 ltbss
404 4274 440 4350 2,
457 4271 553 4355 epist.
570 4267 638 4354 27).
654 4306 700 4319 -
713 4268 906 4354 Respondes
920 4269 989 4335 haea
1007 4270 1115 4335 etalio
1130 4270 1279 4356 quedam

164 4391 275 4458 similia
294 4385 510 4477 quorumdam
533 4395 665 4472 patrum
687 4383 775 4453 diota
798 4392 891 4453 extra
913 4388 1124 4472 questionem
1148 4387 1275 4478 vagari3
