2714 4980
512 290 515 296 ¹
540 332 620 380 runs
644 332 804 380 sueonos.
1165 306 1229 387 185

98 459 137 522 iri
151 456 201 541 6),
224 457 269 523 ad
281 460 491 544 inquisitores
509 456 678 537 directam,
698 456 734 522 in
753 475 817 542 qua
831 458 878 522 sic
894 441 1042 524 Clemens
1064 461 1109 525 IV
1123 442 1232 546 quoad

100 592 222 639 causas
248 573 329 640 fidei
356 583 390 639 et
410 593 582 658 processus
608 581 720 638 contra
742 573 910 639 haereticos
936 573 1117 658 disposuit:
1149 608 1163 630 «
1182 577 1232 644 Ad

102 715 120 750 a
139 689 399 756 conscribendas
412 710 541 775 quoque
554 689 738 774 hujusmodi
756 688 974 772 depositiones
981 693 1125 769 testium,
1144 693 1231 759 etad

101 828 121 867 a
138 805 332 871 faciendum
356 808 463 874 omnia
479 826 550 891 quos
569 807 603 870 in
616 805 785 871 commisso
801 806 891 871 vobis
907 805 1008 872 officio
1028 807 1070 872 ad
1085 809 1233 875 scrinarii

101 944 120 984 a
139 942 204 987 seu
228 923 414 988 tabellionis
434 921 572 988 officium
589 922 775 1005 pertinent,
798 924 903 986 teneri
922 922 1070 989 districte
1089 924 1232 1008 praecipi-

99 1063 119 1099 «
140 1057 230 1117 mus,
254 1057 328 1103 cunr
345 1058 405 1121 per
420 1057 476 1104 vos
489 1038 613 1104 fuerint
631 1038 787 1122 requisiti,
808 1056 920 1102 omnes
933 1046 967 1103 et
981 1039 1121 1122 singulos
1130 1041 1232 1106 vestri

100 1154 271 1220 «ordinis
296 1155 412 1241 (nempe
433 1151 700 1237 dominicanorum)
734 1153 863 1231 fratres,
890 1153 947 1238 qui
968 1153 1048 1219 dum
1064 1164 1173 1221 essent
1199 1158 1232 1222 in

101 1296 120 1333 u
143 1272 269 1336 saeculo
279 1273 509 1337 tabellionatus
524 1270 662 1334 officium
681 1270 829 1335 babuisse
844 1277 879 1334 et
895 1273 1080 1336 exercuisse
1095 1292 1233 1338 noscun-

101 1414 119 1446 «
139 1397 225 1453 tur:
245 1395 280 1452 et
293 1386 599 1471 illosetiamquibus
609 1382 697 1450 idem
712 1385 943 1450 tabellionatus
959 1386 1097 1450 officium
1107 1388 1232 1454 ratione

100 1527 121 1565 n
137 1503 275 1588 praeiati
290 1502 410 1585 negotii
423 1500 503 1566 fidei
522 1501 584 1565 fuit
599 1501 640 1565 ab
655 1501 840 1582 llpostclica
859 1500 943 1566 Sede
961 1503 1176 1581 commissum,
1199 1513 1233 1570 et

99 1616 365 1702 «inposterum
387 1619 600 1684 comittetur:
628 1616 847 1681 concedentes
871 1616 1055 1701 hujusmodi
1075 1619 1233 1686 iratribus

101 1757 121 1795 c
139 1752 275 1799 necnon
303 1739 337 1797 et
356 1732 425 1796 aliis
447 1731 604 1813 religiosis
620 1729 829 1813 quibuslibet,
848 1731 904 1813 qui
926 1731 1078 1796 similiter
1091 1732 1171 1797 dum
1185 1753 1234 1798 es-

100 1872 120 1911 «
139 1856 220 1914 sent
235 1849 269 1912 in
284 1849 403 1912 saeculo
416 1847 645 1911 tabellionatus
661 1844 800 1909 officium
823 1845 1008 1911 babuerunt
1027 1855 1061 1912 et
1078 1867 1234 1915 exercue-

100 1971 241 2040 «runt,
271 1963 438 2047 quibusvis
460 1962 558 2026 etiam
580 1961 707 2024 clericis
731 1960 936 2025 sacularibus
965 1961 1233 2045 officium-ipsum

100 2077 344 2144 «habentibus
362 2076 498 2162 (etiamsi
511 2074 609 2140 iidem
636 2075 767 2152 fratres,
790 2076 931 2158 religiosi
945 2083 980 2139 et
996 2077 1104 2141 clerici
1121 2078 1233 2142 sintin

101 2216 121 2256 a
139 2195 248 2260 sacris
269 2192 440 2257 ordinibus
460 2188 638 2274 constituti)
655 2190 830 2256 exercendi
850 2193 954 2259 libere
970 2192 1109 2258 officium
1127 2195 1233 2276 ipsunt

103 2335 123 2373 a
141 2308 257 2396 quoad
271 2311 446 2392 praemissa,
465 2327 529 2373 non
545 2307 695 2371 obstante
712 2313 834 2371 statuto
845 2309 953 2392 aliquo
966 2311 1129 2374 contrario
1143 2329 1234 2374 cano

101 2450 123 2488 a
141 2427 196 2490 nis
211 2425 268 2489 vel
279 2424 412 2501 ordinis,
431 2440 636 2507 quocumque
652 2421 773 2486 vallato
786 2424 975 2501 munimine,
988 2430 1196 2507 potestatem.
1216 2447 1233 2489 u

101 2546 146 2610 In
173 2542 235 2606 hac
262 2540 423 2606 decretali
446 2559 508 2623 per
527 2539 660 2604 modum
674 2544 832 2621 prictlcqit
856 2550 886 2603 ct
908 2549 1100 2624 exceptionis,
1118 2550 1152 2607 et
1173 2562 1234 2626 pro

104 2660 219 2726 causis
235 2654 313 2722 [idei
329 2656 509 2733 dumtaxat,
523 2656 714 2738 indulgetur
725 2657 850 2720 clericis
865 2663 902 2721 ut
918 2660 1040 2739 possint
1056 2647 1234 2725 notariatus

104 2773 255 2851 officium
285 2790 469 2837 exercere:
488 2771 609 2837 dicitur
631 2773 726 2847 enim,
748 2775 946 2835 Cmccedcotcs
965 2780 1235 2854 petrocoreum

105 2895 251 2955 obstante
265 2896 380 2952 statuto
392 2895 544 2952 contrario
558 2892 699 2950 eunucis:
719 2905 790 2971 quae
809 2888 959 2970 profecto
973 2891 1074 2954 verba
1090 2888 1235 2956 indicant

104 3004 185 3072 fieri
201 3006 448 3087 derogationem
466 3003 532 3088 juri
545 3005 704 3067 communi
724 3023 781 3068 seu
796 3006 939 3087 generali
952 3007 1090 3090 regulae;
1104 3006 1130 3069 si
1146 3008 1232 3071 enim

105 3123 224 3190 clerici
239 3120 281 3187 de
296 3121 371 3206 jure
391 3121 553 3185 communi
567 3118 724 3204 ejusmodi
749 3128 944 3202 potestatem
959 3121 1156 3200 habuissent,
1177 3123 1237 3189 ab·

106 3239 214 3305 surde
229 3257 300 3302 eam
317 3238 395 3319 ipsis
408 3234 650 3301 concedendam
665 3235 810 3300 duxisset
823 3237 985 3301 Pontifex.
1004 3237 1088 3321 Ergo
1103 3237 1145 3303 de
1159 3237 1232 3323 jure

107 3355 279 3421 communi
291 3353 391 3418 talem
405 3352 595 3416 facultatem
609 3371 675 3415 nou
690 3352 854 3417 habebant
870 3352 893 3417 ii
914 3355 1023 3419 clerici
1042 3355 1159 3438 quibus
1180 3355 1234 3422 illa

107 3468 149 3536 lu
163 3470 339 3535 concessio.
358 3468 429 3531 Jam
444 3484 525 3530 vero
534 3465 587 3529 illa
602 3467 765 3530 concessio
780 3464 828 3543 lit,
844 3486 909 3531 non
921 3475 1049 3533 tantum
1062 3471 1188 3535 clericis
1201 3472 1234 3536 111

108 3587 213 3654 sacris
228 3583 423 3658 constitutis
439 3580 498 3646 sed
516 3589 550 3645 et
567 3582 692 3647 clericis
709 3590 857 3647 micorum
876 3589 1016 3649 ordinum
1028 3607 1039 3648 :
1054 3585 1134 3650 dicit
1142 3587 1232 3652 'enim

109 3700 280 3776 Pontifex,
298 3703 418 3762 etiamsi
435 3700 934 3771 0101101001101001100011011101
952 3720 963 3761 .·
982 3718 1080 3782 porro
1097 3701 1150 3766 illa
1169 3720 1233 3769 vox

108 3821 245 3891 etiamsi,
264 3813 409 3896 implicat
423 3813 661 3877 concessionem
679 3809 750 3876 fieri
767 3813 891 3878 clericis
914 3814 1074 3892 omnibus,
1101 3835 1138 3879 ac
1160 3811 1233 3898 pro·

108 3933 189 4000 iude
206 3931 335 3996 clericis
360 3946 490 4012 quoquc
506 3929 665 3992 minorum
680 3927 851 4013 ordinum3
885 3950 946 3995 nec
965 3938 1093 4013 poterat
1114 3932 1233 3999 clarius

108 4048 254 4133 exprimi
271 4046 434 4112 concessio
453 4044 577 4108 clericis
598 4046 756 4109 minorum
777 4045 927 4110 ordinum
946 4045 1042 4122 facta,
1062 4064 1160 4130 quam
1174 4047 1232 4114 ad-

109 4165 238 4242 dendo,
257 4164 346 4228 illam
374 4159 507 4226 extendi
531 4167 622 4222 etium
646 4159 834 4225 adelericus
856 4163 889 4225 iu
909 4163 1007 4225 sacris
1025 4163 1228 4230 constitutus.

108 4287 198 4367 llrgo
219 4299 339 4346 revera
355 4297 416 4361 per
430 4275 562 4343 modum
577 4278 776 4362 exceptionis
789 4287 824 4344 et
845 4278 1006 4361 privilegii
1019 4278 1144 4342 clericis
1170 4284 1230 4347 mi-

107 4419 230 4479 norum
249 4396 402 4466 ordinum
417 4414 605 4462 concessum
619 4402 669 4461 est
686 4397 718 4466 iu
735 4397 838 4462 causis
851 4392 926 4466 fidei
941 4395 1119 4465 nuturiatus
1135 4415 1231 4471 exer·
