2714 4980
538 330 618 381 rnns
640 331 798 380 snconm.
834 332 836 337 ·
1157 317 1223 386 tta

107 482 111 493 1
141 458 184 522 Ψ
197 457 265 522 Nec
281 454 398 522 sufficit
420 454 561 522 formula
575 475 639 542 qua
665 457 842 543 Episcopus
857 457 986 526 vicario
993 479 1052 525 suo
1066 457 1227 527 concede-

97 576 290 656 ret'plaooln
300 580 334 637 et
345 575 471 637 liberam
485 575 661 655 [mliorem
674 577 786 656 opertui
793 580 895 639 omnia
908 594 973 658 qrrae
988 582 1051 658 lpse
1063 581 1227 660 Episcopus

98 691 316 771 aperepolctt,
328 687 390 754 uisi
406 689 503 754 simul
521 689 627 774 aliqua
645 690 797 774 specialia
812 693 1049 775 exprimantur.
1066 693 1160 759 Ratio
1176 700 1228 758 est

99 806 180 890 quia
195 803 249 889 jus
262 803 403 889 requirit
412 802 601 894 mandatum
614 809 761 888 spectate:
779 824 879 890 porro
893 807 1084 874 mandatnm
1097 808 1229 875 nonest

100 923 250 1004 spatula·
259 920 322 984 nisi
331 925 365 983 to
377 925 472 1002 speeie
486 921 647 1005 exprimat
663 939 775 988 causas
791 921 929 1007 ad'quns
946 922 1167 1008 expediendas
1181 925 1231 990 fa-

104 1037 214 1101 cultas
243 1033 462 1100 conceditur:
481 1036 644 1119 premissa
663 1044 773 1102 autem
796 1037 936 1104 formula
957 1040 1080 1104 nullam
1104 1047 1230 1123 meacm

103 1155 279 1217 causarum
292 1153 464 1236 exprimit3
480 1171 560 1235 ergo
570 1172 636 1218 non
651 1160 702 1218 est
712 1152 898 1220 mandatam
916 1159 1064 1238 sparton·
1084 1159 1231 1241 ergoin·

102 1268 268 1335 sufficiens
287 1276 340 1334 est
354 1268 442 1334 diota
465 1269 605 1337 formula
623 1269 667 1336 nd
685 1270 916 1337 conferendam
941 1273 1070 1338 vicario
1087 1275 1232 1358 generali

100 1383 366 1471 jrrri'sdiciionem
390 1384 425 1448 in
439 1385 602 1468 specialia.
624 1385 665 1450 Et
679 1386 713 1450 in
727 1385 789 1452 hoc
808 1387 1005 1453 unanimiter
1028 1389 1231 1456 concordare
1319 1437 1322 1441 ,

103 1508 272 1578 auctores,
295 1497 373 1565 vide
397 1499 486 1582 apud
508 1502 705 1566 Leurenium
733 1501 781 1587 (ule
805 1507 935 1567 Vicortc's
957 1507 1074 1586 Epire,
1101 1522 1172 1590 cap.
1197 1510 1229 1584 3,

103 1612 218 1700 qino),
237 1622 273 1680 et
287 1613 376 1698 apud
389 1615 535 1680 Ferraria
551 1614 732 1702 (ad‘vooem
743 1620 880 1680 Victorius
891 1637 973 1699 pcc..
991 1627 1055 1684 art.
1069 1620 1100 1698 2,
1112 1639 1146 1684 n.
1162 1619 1229 1706 st).

108 1762 123 1789 .·
148 1735 188 1798 3⁰
203 1730 406 1797 Nec'sufficit
421 1731 573 1811 formula,
594 1751 657 1817 qua
672 1733 849 1818 Episcopus
875 1741 1064 1815 testaretur,
1088 1755 1122 1803 se
1139 1739 1235 1804 Vica-

104 1847 157 1914 1io
174 1856 238 1914 sno
258 1847 448 1915 facultatem
466 1848 659 1927 concedere,
678 1855 770 1912 etiam
791 1853 833 1913 ad
851 1870 886 1912 aa
909 1856 1012 1915 omnia
1031 1857 1232 1935 quoespeciole

102 1967 286 2029 modulam
296 1968 466 2047 requirunt,
485 1966 546 2030 nisi
558 1966 653 2030 simul
664 1964 772 2050 aliqua
785 1983 825 2030 ex
838 1967 908 2031 istis
922 1967 1115 2051 specialibus
1126 1971 1240 2055 expri-·

103 2087 186 2147 mat.
199 2081 283 2145 Nam
296 2099 404 2165 neque
417 2081 491 2146 talis
506 2080 646 2146 formula
661 2080 782 2166 aliquid
794 2089 829 2146 ta
847 2088 941 2164 specie
963 2085 1134 2168 exprimit3
1153 2103 1239 2170 ergo

103 2215 172 2262 nan
185 2203 237 2260 est
255 2194 452 2261 mandarum*
462 2197 617 2280 speciale3
636 2215 714 2280 ergo
726 2195 919 2263 insufficiens
933 2205 983 2264 eat
1003 2199 1046 2265 ad
1062 2199 1235 2266 conferen-

104 2311 184 2378 dam
201 2311 331 2377 Vicario
341 2312 487 2395 generali
508 2312 543 2377 in
554 2313 703 2394 specialia
713 2310 984 2397 jurisdictionem.
1004 2317 1042 2381 In
1057 2317 1132 2401 quo'
1148 2319 1235 2402 pari·

103 2427 378 2497 terooucordaru
395 2429 576 2493 canonistas
593 2427 670 2494 vide
684 2426 773 2511 apud
788 2428 885 2494 modo
902 2430 1019 2496 citatos
1034 2440 1197 2499 auctores.

108 2562 128 2586 -·
148 2548 187 2612 4⁰
202 2547 237 2611 Si
253 2546 432 2630 Episcopus
444 2546 558 2609 utatur
575 2542 739 2626 predictis
755 2544 913 2622 formulis,
933 2553 967 2611 et
981 2547 1078 2612 simtu
1100 2549 1234 2634 insuper

102 2663 270 2748 exprimat
286 2664 391 2743 aliqua
405 2658 594 2725 mandatum
605 2660 745 2743 speciale
757 2663 966 2747 requirentia,
978 2664 1125 2730 Vicarius
1134 2684 1236 2749 gene-⁴

103 2779 184 2846 ruis
195 2775 457 2862 jurisdictionem
471 2774 605 2841 habebit
620 2776 654 2840 in
669 2777 784 2865 omnia
800 2778 861 2845 alia
886 2778 1049 2862 specialia,
1071 2798 1141 2865 quan
1167 2800 1232 2845 nou

103 2884 185 2962 sunt
207 2890 404 2976 majora-seu
418 2891 565 2974 graviora
593 2893 763 2973 expressis.
785 2890 882 2973 Quod
906 2893 951 2957 sic
974 2895 1110 2977 exponit
1121 2897 1237 2961 Ferra·

102 3011 176 3077 rius
191 3007 247 3093 (ad
262 3017 375 3072 vocent
391 3011 529 3071 Vicarius
543 3009 702 3088 poneretis,
722 3012 784 3072 art.
803 3010 835 3086 2,
856 3028 889 3072 n.
911 3005 964 3092 84)
985 3030 992 3072 :
1018 3008 1099 3073 «nd
1119 3009 1233 3093 digno·

108 3154 124 3183 «
139 3124 304 3192 scendum
314 3130 424 3190 autem
439 3142 502 3206 pro
516 3123 709 3207 quibusnam
722 3123 848 3188 casibus
867 3123 986 3188 habeat
996 3126 1051 3190 rel
1070 3144 1137 3189 non
1158 3144 1238 3209 spe-·

107 3273 123 3300 a
140 3243 227 3309 ciale
238 3240 443 3319 'mandatum
473 3239 574 3306 debet
590 3239 767 3324 diligenter
794 3239 908 3324 inspici
934 3248 970 3307 et
985 3241 1113 3308 attendi
1126 3242 1241 3313 forma.

103 3389 118 3415 «ι
136 3359 315 3425 vicariatus
332 3377 390 3423 seu
401 3360 654 3422 instrumentum
666 3357 904 3435 commissionis,
915 3374 979 3442 quo
989 3358 1232 3442 quisinstitutus

104 3504 119 3530 «
140 3474 210 3540 fuit
219 3473 367 3538 vicarius
376 3472 537 3556 generalis
552 3493 558 3536 :
571 3471 640 3550 uhi,
652 3473 679 3536 si
687 3471 828 3538 hahetur
843 3473 936 3538 solita
946 3474 1064 3557 apponi
1077 3473 1227 3551 formula,

104 3620 118 3647 a
139 3597 171 3654 et
194 3595 296 3653 omnio
309 3597 339 3652 et
356 3592 478 3671 simpulo
490 3591 622 3669 faciendi
636 3597 665 3652 et
679 3592 893 3670 committendi,
922 3594 1041 3652 etiamsi
1055 3593 1230 3652 mandatum

104 3737 119 3762 α
137 3713 270 3788 accipent
282 3709 465 3787 speciale...,
479 3712 569 3782 tunc,
591 3705 619 3768 si
637 3705 813 3790 Episcopus
825 3713 920 3769 antea
932 3703 1089 3769 concessit
1105 3702 1160 3767 vel
1174 3723 1232 3766 ex-

103 3854 119 3881 «
136 3823 261 3910 pressit
276 3822 501 3907 aliquoscasus
514 3821 654 3904 speciale
669 3820 858 3887 mandatum
874 3818 1087 3904 requirentes,
1105 3814 1233 3899 adjecta
1347 3859 1350 3868 ·

103 3971 119 3998 a
137 3938 353 4030 postmodum
376 3938 465 4005 dicta
490 3939 644 4016 clausula,
675 3939 798 4022 poterit
819 3936 966 4003 vicarius
982 3932 1079 3997 etiam
1103 3929 1165 3994 alia
1184 3931 1232 3998 fa-

104 4089 119 4116 «
142 4078 234 4136 cere,
252 4075 324 4142 quae
344 4057 516 4141 requirunt
528 4056 667 4139 speciale
682 4054 886 4136 mandatum;
903 4046 1080 4115 dummodo
1093 4050 1234 4114 nonsint

108 4204 123 4232 ι
144 4173 300 4260 graviora
316 4169 371 4236 vel
383 4169 505 4255 majora
523 4170 683 4253 expressis
697 4191 703 4234 :
718 4176 816 4252 prout
826 4170 861 4232 in
880 4165 975 4232 simili
988 4159 1128 4224 habetur
1143 4158 1235 4227 deoi-

104 4321 120 4350 «
138 4308 217 4356 sum
232 4284 344 4372 quoad
355 4292 585 4369 procuratores
597 4284 751 4367 incapite
760 4288 826 4363 (lot
835 4285 877 4346 ool
889 4273 1094 4360 sperauerit,
1109 4276 1235 4339 dePro-

104 4434 120 4464 a
136 4404 343 4480 muratorium,
363 4399 397 4465 in
413 4397 460 4483 6),
480 4406 513 4464 et
527 4398 728 4464 clementina
743 4399 775 4474 2,
795 4399 832 4460 de
844 4388 1112 4464 honoratoriam
1124 4405 1163 4450 ac
1177 4409 1238 4457 110·
