2714 4980
492 290 572 338 rsus
596 291 754 338 sueonos.
1126 275 1189 338 407

69 418 227 502 obligatio
246 416 289 482 de
312 433 376 501 qua
393 416 513 499 agitur.
530 417 572 481 lit
594 419 626 479 1ο
643 415 775 501 quidem
796 436 862 482 nou
884 416 1042 499 probatur
1058 416 1191 500 positivi

66 535 151 621 juris
171 534 332 618 textibus3
358 530 447 617 quod
466 531 595 616 patebit
617 551 672 598 eos
687 534 743 618 qui
762 531 872 598 afferri
889 533 994 598 solent
1009 533 1192 616 singillatim

65 647 299 734 expendendo.
325 646 511 713 Adducitur
533 655 631 731 caput
648 652 788 713 Voinmns
812 647 1028 713 distinotionis
1044 651 1085 716 89
1107 645 1192 714 :sed

67 765 114 831 ibi
129 773 258 830 sanctus
273 764 449 847 Gregorius
469 766 604 848 Magnus
618 763 713 849 jubet
727 772 854 830 tautum
867 771 905 829 ut
918 763 1107 830 Paschasius
1117 765 1193 848 Epi·

63 900 183 966 scopus
196 885 418 947 Viceeiominnm
428 885 486 945 sibi
499 884 617 945 ordinet
631 888 660 945 et
670 885 814 965 Mojorem
827 885 947 961 domna·
960 889 1107 964 quotenus
1120 903 1191 965 pos·

68 1006 113 1063 sit
140 1003 189 1063 cei
202 980 368 1081 hospitibus
395 1001 680 1081 supervenientium,
698 1001 747 1061 vei
763 1004 860 1062 causis
876 1019 940 1080 pace
959 1004 1109 1078 eveniunt,
1130 1002 1194 1063 ido

63 1135 140 1180 nens
152 1122 182 1179 et
195 1121 326 1197 porotns
340 1120 481 1178 existere.
496 1112 636 1180 Probari
651 1122 742 1179 certe
751 1115 871 1199 nequit
887 1114 932 1178 ibi
944 1113 997 1198 agi
1010 1113 1052 1179 de
1063 1114 1191 1180 Vicario

65 1232 214 1316 generali
243 1231 376 1314 proprie
406 1229 516 1314 dioto;
550 1231 718 1315 multoque
747 1231 853 1295 minus
885 1229 963 1295 inde
996 1228 1192 1296 concludere

65 1348 147 1413 licet
174 1346 407 1430 obligationem
426 1345 579 1412 omnibus
604 1347 774 1431 Episcopis
802 1346 921 1412 iactam
939 1345 1068 1411 Vioario
1096 1364 1195 1429 gene·

64 1467 153 1532 tales
174 1464 328 1530 habendi.
355 1466 440 1530 Item
454 1462 632 1529 adducitur
655 1472 754 1548 caput
774 1470 853 1545 (into
884 1470 917 1527 in
940 1466 1127 1545 qniiomiom,
1150 1482 1192 1529 ex

62 1583 202 1648 concilio
232 1581 495 1648 Chalcedoneusi
523 1579 757 1665 depromptum
786 1582 834 1668 (4,
868 1579 1012 1645 distinet.
1035 1576 1101 1663 89),
1128 1597 1194 1664 quo

60 1697 222 1784 jubentur
257 1699 410 1782 Episcopi
445 1697 566 1763 habere
594 1717 781 1777 commum,
811 1702 863 1779 qni
899 1699 1041 1777 pobemct
1065 1698 1192 1760 melesio

64 1835 114 1880 res
132 1835 199 1879 cnm
221 1819 349 1880 arbitrio
374 1823 422 1878 sni
440 1818 579 1897 Episcopi
588 1838 603 1894 ,·
639 1822 674 1877 nt
700 1835 760 1878 non
787 1820 852 1876 sine
873 1819 1040 1876 testimonio
1067 1817 1109 1875 sit
1135 1833 1191 1894 pn-

62 1935 202 1996 dernctio
221 1937 357 2013 ipsorum
382 1949 482 1993 rernm
504 1932 781 2009 ecclesiasticorum,
807 1937 836 1992 et
863 1947 902 1990 en
926 1928 980 1990 too
998 1933 1116 1990 eveniet
1143 1947 1191 1991 res

60 2049 193 2128 ejoodem
235 2049 362 2109 momsioe
401 2049 545 2127 dispergi.
583 2042 647 2110 Sed
682 2046 821 2129 ipsamet
851 2042 919 2108 haec
947 2042 1049 2107 verba
1083 2043 1189 2127 palam

62 2161 200 2239 iaciunt,
232 2161 278 2227 ibi
301 2162 352 2244 agi
380 2159 422 2226 dc
452 2160 712 2226 administratore
745 2160 906 2226 honorum
929 2159 1089 2235 Ecclesiae,
1125 2178 1190 2223 non

61 2282 171 2341 autem
195 2274 238 2342 de
253 2276 381 2341 Vicario
413 2276 557 2358 generali
583 2276 716 2359 proprie
739 2274 839 2341 dicto.
861 2274 961 2357 Magis
986 2272 1117 2339 adrem
1143 2275 1188 2338 ri·

60 2388 161 2459 detur
177 2398 275 2476 caput
294 2398 328 2456 in
343 2397 431 2458 unm
448 2392 513 2479 (22,
533 2410 636 2457 causae
655 2395 706 2470 tc,
726 2411 759 2477 q.
780 2390 825 2476 7);
845 2410 911 2476 quo
934 2390 1083 2456 decernit
1109 2409 1185 2459 con-

58 2513 169 2578 cilium
192 2514 380 2598 Hispalense
404 2513 447 2591 II,
468 2531 518 2578 ue>
537 2513 611 2577 laici
630 2518 836 2577 assumantur
858 2513 892 2575 in
910 2531 1080 2587 oeconomos,
1108 2511 1184 2595 quia

58 2632 230 2694 indecorum
241 2637 286 2693 est
305 2633 414 2693 inicum
431 2634 584 2693 Vicorinm
598 2650 660 2693 esse
675 2634 826 2712 Episcopi,
847 2636 876 2692 ei
890 2630 1049 2691 seculares
1067 2633 1100 2691 in
1123 2631 1183 2690 Ec·

55 2749 149 2810 oiosio
154 2748 296 2828 judicare
305 2769 321 2826 ,·
341 2763 413 2830 quae
429 2745 531 2811 verba
550 2745 754 2829 aliquatenus
778 2745 918 2808 innuunt
935 2762 997 2827 per
1023 2742 1182 2828 ejusmodi

56 2880 243 2928 oeoonomos
259 2860 489 2945 intelligendos
504 2880 574 2927 esse
591 2862 736 2926 Vioarios
751 2860 932 2944 generales.
948 2859 980 2922 Si
993 2866 1104 2923 tamen
1130 2865 1178 2925 to·

55 2984 130 3043 tum
143 2986 241 3060 caput
257 2984 383 3043 attente
399 2976 539 3060 legatur,
567 2975 734 3042 videbitur
760 2994 814 3041 eas
830 2975 1010 3041 locutiones
1026 2980 1180 3040 Vioorinm

52 3098 212 3177 Episcopt·
224 3100 258 3159 et
263 3097 404 3177 jndicem
417 3100 450 3158 in
468 3097 612 3173 Eeciosio,
633 3091 877 3176 restringendus
896 3109 967 3157 esse
982 3090 1025 3156 ad
1043 3092 1178 3157 vicaria-

52 3214 127 3276 tum
143 3216 179 3275 et
197 3208 415 3294 judicaturam
431 3207 539 3295 quoad
557 3209 641 3275 hona
656 3208 848 3292 temporalia
862 3208 1013 3273 Ecclesiae
1037 3215 1176 3285 tautum,
1194 3293 1196 3297 Ι

54 3325 91 3391 id
107 3334 169 3404 est,
178 3324 220 3391 ad
236 3335 485 3392 oeoonomatum.
503 3324 543 3392 Id
556 3334 670 3410 aperte
685 3331 812 3392 constat
825 3345 866 3391 ex
879 3326 1002 3391 ultimis
1010 3324 1108 3411 hujus
1120 3324 1179 3392 de-

52 3444 138 3508 creti
150 3441 269 3507 verbis.
291 3447 326 3507 Si
343 3448 410 3523 quis
425 3450 526 3506 antem
545 3447 709 3526 Episcopus
721 3445 847 3525 postico
860 3446 1087 3506 ecclesiasticam
1100 3462 1173 3520 rem,

49 3567 108 3623 oni
117 3568 174 3640 pe'r
189 3560 325 3621 laicalem
332 3564 573 3640 procurationem
592 3562 867 3624 administrandum
888 3562 1022 3641 eieperit,
1043 3566 1098 3622 ont
1112 3565 1176 3623 sine

51 3680 222 3740 testimonio
231 3681 370 3738 oeconomi
383 3679 607 3757 gubernandum
625 3679 798 3755 crediderit,
819 3695 887 3738 cero
906 3683 941 3738 ut
958 3677 1119 3755 frondator
1133 3694 1176 3738 ec-

49 3796 288 3856 oioomstioornn
308 3812 418 3872 rernm,
447 3812 506 3857 non
523 3797 619 3856 solnm
634 3797 672 3857 do
693 3795 780 3855 rebus
800 3811 968 3874 pauperum
984 3794 1174 3874 judicabitur

50 3920 132 3989 rens,
151 3908 203 3971 soci
218 3912 310 3970 etiam
325 3911 449 3972 cornilio
461 3912 594 3972 monebit
610 3912 767 3972 ommnins.
786 3908 920 3972 Constat
933 3908 1067 3989 insuper
1078 3927 1118 3973 ex
1133 3926 1173 3974 eo

49 4022 141 4109 quod
156 4023 246 4088 nullo
256 4031 405 4106 tempore
420 4025 586 4106 potuerint
602 4032 659 4089 aut
675 4023 903 4089 consueverint
917 4023 1065 4106 Episcopi
1080 4021 1174 4107 juris·

51 4139 231 4206 dictionem
248 4139 459 4224 spiritualem,
475 4141 604 4223 qualem
615 4141 735 4206 Vioarii
751 4140 918 4225 generales
933 4140 1094 4220 obtinent,
1110 4159 1171 4224 per

50 4254 150 4322 laicos
166 4272 332 4320 exercere.
356 4256 442 4319 Dum
464 4262 612 4321 econtra
630 4256 790 4322 bonorum
802 4256 1100 4322 Ecclesiasticorum
1111 4255 1169 4322 ad-

48 4371 242 4464 ministratio
255 4389 313 4437 sou
325 4378 546 4438 ‹ccouomatus
560 4371 708 4439 absolute
719 4380 829 4456 potest
843 4372 933 4439 laicis
948 4375 1114 4452 committi,
1130 4374 1168 4443 li-
