2714 4980
559 310 639 359 rsus
663 308 777 357 rums.
1169 291 1228 361 tal

110 425 181 511 bus,
198 435 322 518 possint
337 434 424 500 circa
438 431 500 499 hoc
514 431 702 518 hujusmodi
716 432 896 512 abbatissae,
912 441 947 499 et
960 434 1029 501 aliae
1048 435 1235 502 monialium

114 551 304 634 preposite.

159 661 207 732 XI.
232 671 279 731 De
292 669 425 750 parocho
450 671 549 750 quood
574 687 680 732 causas
700 668 865 750 parochio.
887 704 932 718 -
950 668 1092 749 Quaestio
1116 675 1166 735 est
1191 687 1234 735 an

120 781 283 861 parochus,
302 802 344 848 an
360 801 443 849 vero
458 784 539 850 alius
556 785 590 848 in
608 782 733 868 judicio
757 790 845 850 stare
870 782 991 851 debeat
1015 781 1145 868 quaudo
1168 785 1235 869 agi-

120 892 168 957 tur
188 896 229 992 de
252 898 348 964 honis
373 908 430 967 aut
450 899 579 985 juribus
603 899 774 984 parochie.
796 922 813 961 «
829 901 878 966 De
892 898 967 984 jure
993 900 1170 979 communi,
1188 901 1235 966 ait

119 1009 452 1100 “Salmalzgruebem
472 1015 637 1096 distinctio
660 1023 710 1082 est
735 1015 940 1082 adhihenda:
959 1016 1014 1081 vel
1036 1016 1122 1081 enim
1137 1034 1233 1100 paro·

110 1127 253 1198 “chialis
274 1132 423 1200 Ecclesia
439 1134 610 1217 proprium
626 1132 803 1217 parochum
815 1132 926 1212 habet,
942 1152 1003 1198 nec
1015 1133 1112 1198 alicui
1125 1133 1234 1199 Eccle-

100 1245 192 1314 «εἰῶ
211 1250 269 1316 vel
283 1250 477 1317 monasterio
488 1251 583 1316 uuita
596 1256 657 1327 est,
677 1250 732 1316 vel
746 1258 860 1315 contra
874 1251 963 1316 unita
979 1258 1013 1316 ei
1026 1250 1233 1333 incorporata

89 1372 189 1430 lest
203 1366 360 1434 Ecclesia
375 1368 430 1434 vel
443 1369 639 1435 monasterio
651 1368 759 1434 alteri.
774 1373 917 1450 siprios,
934 1367 987 1455 jus
1002 1367 1119 1451 agendi
1131 1385 1232 1452 super

78 1491 92 1532 ‘l
100 1484 239 1550 rebus
257 1491 293 1551 et
305 1482 434 1571 juribus
450 1485 603 1551 Ecclesiae
620 1484 813 1569 parochialis
826 1483 868 1551 ad
882 1485 1061 1569 parochnm
1081 1489 1228 1568 spectat:

72 1609 85 1644 “
93 1601 287 1686 arguitur
298 1618 339 1667 ex
355 1601 462 1684 capite
480 1603 607 1665 Edoccri
619 1603 673 1679 21,
692 1604 730 1665 dc
744 1605 925 1682 descriptis,⁸
938 1601 1013 1685 quia
1029 1599 1187 1684 competit
1200 1599 1230 1667 ci

66 1717 235 1783 «etiam
259 1716 303 1783 de
325 1715 400 1802 jure
419 1717 581 1782 communi
601 1716 861 1783 administratio:
880 1723 1075 1782 nontamen
1098 1715 1229 1784 excluso

64 1822 314 1919 lEpiscopo;
331 1809 414 1919 qnia
430 1833 484 1899 hic
508 1840 664 1918 tanquam
688 1833 874 1917 principalis
899 1832 1048 1898 dioecesis
1067 1834 1228 1901 universae

62 1958 76 2000 i
89 1957 259 2030 rector,
282 1957 480 2034 potestatem
503 1950 734 2015 cumulativam
756 1949 855 2015 hahet
869 1950 904 2013 in
918 1949 1069 2015 omnibus
1084 1949 1230 2016 ecclesiis

16 2099 18 2102 >
62 2073 75 2115 l
96 2077 200 2131 811ae
216 2064 379 2144 dioecesis,
398 2063 654 2150 ajurisdictione
671 2083 729 2130 sua
746 2085 813 2131 non
828 2065 999 2149 exemptis.
1016 2069 1052 2130 Si
1060 2070 1224 2148 posterius,

63 2190 76 2232 l
94 2182 276 2248 vicarius
300 2181 335 2246 in
353 2182 409 2246 tali
425 2181 572 2247 Ecclesia
588 2182 797 2266 incorporata
813 2181 1020 2259 constituisse,
1040 2199 1137 2265 agere
1157 2180 1228 2266 qui-

64 2306 77 2346 l
102 2293 213 2364 dem
228 2305 265 2364 et
280 2297 481 2382 respondere
496 2317 597 2390 super
606 2295 736 2383 juribus
747 2297 923 2363 vicariatus
935 2315 997 2382 qua
1011 2297 1084 2362 talis
1097 2304 1224 2383 potest;

64 2423 77 2464 a
102 2415 158 2481 si
176 2424 291 2484 tamen
308 2433 408 2499 super
421 2414 522 2480 rebus
541 2420 574 2479 et
586 2411 715 2498 juribus
729 2413 829 2498 ipsius
844 2413 994 2481 Ecclesiae
1010 2415 1226 2499 incorporatae

64 2540 78 2580 l
100 2525 256 2599 incidat
280 2531 518 2610 contmversia,
538 2530 656 2596 melius
673 2549 774 2614 super
787 2532 826 2596 iis
839 2531 907 2617 agit
932 2539 967 2596 et
990 2530 1169 2614 respondet
1190 2533 1225 2597 in

65 2655 78 2695 ‘l
99 2640 255 2725 judicio
272 2646 444 2732 collegium
459 2646 514 2712 uel
532 2646 767 2713 monasterium
783 2646 838 2712 cui
851 2655 901 2713 est
914 2647 1132 2731 incorporata,
1151 2649 1226 2732 quis

64 2772 77 2811 «
101 2772 178 2832 est
203 2766 239 2830 in
263 2765 355 2850 quasi
382 2762 527 2831 dominio
552 2771 587 2830 et
601 2766 805 2849 proprietate
825 2763 985 2850 ejusdem.
1010 2763 1222 2851 aldchmalz-

62 2881 250 2962 irucbem
267 2881 302 2946 in
315 2880 451 2947 titulum
473 2884 486 2946 l
507 2884 543 2946 dc
558 2884 700 2962 Iudiciis,
720 2881 796 2948 libri
815 2886 834 2947 2
851 2879 1079 2961 decretalium,
1096 2902 1129 2946 n.
1149 2879 1218 2968 40.)

125 2998 209 3067 XII.
231 3003 276 3064 De
290 3001 425 3065 Pcoeloio
438 3005 591 3082 superiore
612 3001 762 3080 Ecclesiae,
780 3020 845 3082 pasc
862 3007 1004 3063 rectorem
1020 3019 1072 3062 seu
1087 3001 1220 3064 admisti-

63 3110 255 3181 stratorem
264 3119 438 3198 inferiorem
448 3116 546 3197 dubet,
557 3118 656 3198 quoad
666 3135 771 3179 causas
782 3119 912 3198 ejusdem
921 3115 1222 3184 uccrestoe.-Dixi·

62 3233 164 3300 snus
174 3233 236 3299 sub
249 3251 386 3298 numero
396 3228 609 3314 precedenti,
627 3236 825 3316 potestatem
838 3250 936 3316 quam
945 3230 1044 3296 habet
1056 3228 1218 3314 parochus

61 3338 340 3417 administrandi
362 3347 581 3433 parochialem
607 3349 788 3427 ecclesiam,
817 3368 855 3413 ac
877 3347 1015 3433 proinde
1040 3367 1100 3432 pro
1117 3349 1218 3432 ipsius

60 3459 191 3532 relius
208 3472 243 3533 et
253 3464 383 3551 juribus
400 3466 432 3531 io
451 3462 574 3550 judicio
596 3463 715 3549 agendi
736 3472 770 3531 et
793 3464 1027 3549 respondendi,
1048 3466 1216 3550 pertinere

58 3577 188 3650 e‘tiam
203 3583 300 3650 simul
319 3583 361 3649 ad
376 3583 583 3668 Episcopum,
602 3589 717 3668 utpote
734 3585 946 3669 principalem
960 3581 1145 3668 hujusmodi
1162 3603 1217 3650 eo-

59 3685 263 3774 elesiarum
274 3709 440 3768 rectorem
460 3708 495 3768 et
517 3701 825 3770 administratorem.
845 3702 927 3767 Hinc
948 3702 1111 3768 enascitur
1129 3721 1217 3788 quae-

59 3810 178 3886 itio:
203 3827 317 3887 utrum
338 3821 536 3905 Episcopus,
560 3841 602 3885 an
628 3839 707 3887 uero
733 3819 914 3905 parochus3
933 3839 991 3885 seu
1019 3821 1211 3904 generatim,

60 3930 203 4002 ¹1trum
233 3936 392 4002 Praelatus
414 3936 575 4021 superior,
605 3957 646 4002 an
675 3957 756 4004 vero
791 3936 1034 4002 administrator
1065 3935 1211 4015 inferior,

63 4045 180 4118 Stare
190 4052 356 4140 injudicio
373 4053 493 4119 debeat
508 4072 570 4138 pro
589 4053 688 4120 rebus
703 4061 737 4120 et
746 4054 875 4141 juribus
893 4054 1057 4131 Ecclesia,
1074 4055 1215 4137 inquam

67 4165 230 4256 Uterque
252 4171 483 4237 cumulativam
509 4190 583 4236 cum
610 4173 715 4242 altero
743 4169 991 4238 administrandi
1014 4177 1215 4254 potestatem

71 4263 203 4352 hahet.
218 4289 266 4385 Ile
287 4306 352 4375 qua
371 4285 560 4354 difficultate
582 4288 628 4354 sic
655 4288 754 4355 hahet
778 4287 1092 4374 schmalzgrueher:
1121 4289 1214 4357 «Re-

85 4410 112 4452 ((
130 4403 267 4482 spondeo
287 4424 362 4472 cum
384 4402 609 4474 distinctione:
625 4407 679 4473 vel
697 4407 782 4474 enim
796 4405 1031 4476 administratio
1051 4426 1163 4476 rerum
1179 4412 1213 4475 et
