2716 4988
121 258 159 322 74
461 277 648 325 rnacrsros
671 279 715 324 nn
736 274 884 325 runicus.

161 405 351 464 Duuuimus
378 409 414 465 ui
437 402 508 465 iaici
531 403 729 466 secessuum
750 407 881 464 truciore
904 405 1025 482 ucpoiio
1044 418 1109 464 nou
1120 419 1252 483 mesc-

117 524 212 581 mout.
235 520 296 582 Sed
319 520 472 600 Episcopi,
499 521 639 599 Abboics,
665 519 886 600 Acciricpiscopi
909 523 939 580 ci
961 519 1019 581 aiii
1041 520 1252 581 ecclesiarum

112 637 237 718 prccimi
252 638 290 699 dc
303 641 431 716 ucpotiis
446 638 664 717 ecclesiasticis,
681 642 813 700 mocime
830 637 867 699 dc
887 636 952 698 iilis
971 654 1036 716 pucc
1057 637 1252 717 spiritualia

116 770 178 814 csse
191 759 363 832 uoscuutuc,
387 755 531 816 uenum
541 757 660 835 pcdicio
679 771 740 817 oon
761 754 950 834 disponunt:
968 771 1020 815 occ
1039 758 1179 833 propter
1197 771 1252 815 co-

117 889 184 932 rum
206 869 455 951 prohibitionem,
479 873 705 934 ecclesiasticam
736 872 897 934 dimittant
915 873 1073 950 justitium
1101 888 1252 932 eoccrccre

119 984 508 1068 (coomnipotentem
526 990 556 1066 1,
575 991 612 1051 dc
624 991 766 1066 Iudiciis,
783 987 860 1055 libri
875 991 895 1052 2
914 983 1160 1070 decretalium).

50 1128 53 1134 ’
118 1076 123 1087 ’
162 1107 261 1168 Causa
275 1123 344 1168 occo
352 1109 437 1187 juris
450 1113 635 1187 potronatus
657 1111 703 1169 ito
718 1111 874 1188 coccjuucto
892 1112 938 1169 cst
952 1111 982 1168 ct
995 1123 1131 1169 muruco
1147 1109 1252 1186 spiri-

118 1221 249 1283 tualibus
268 1225 379 1300 causis,
401 1223 480 1302 qooc
503 1227 624 1285 uoouisi
641 1223 835 1285 ecclesiastico
844 1223 963 1304 judicio
986 1221 1088 1283 coloci
1108 1219 1252 1299 definiri

119 1335 160 1421 (o.
175 1339 295 1416 Quanto
312 1339 345 1414 3,
361 1336 449 1403 tituli
466 1338 496 1416 l,
514 1340 552 1402 de
566 1340 708 1418 iudiciis,
725 1337 803 1403 libri
818 1339 837 1401 2
859 1332 1101 1420 decretalium).
1118 1335 1161 1401 In
1176 1354 1252 1422 quo

116 1456 212 1519 textu
229 1453 463 1538 equivalenter
477 1452 631 1534 edicitur,
653 1473 766 1521 causas
781 1452 966 1538 spirituales
979 1472 1043 1520 non
1059 1469 1159 1537 posse
1182 1452 1253 1521 nisi

118 1569 337 1636 ecclesiastico
347 1568 472 1655 judicio
485 1569 628 1638 definiri.

162 1691 258 1752 Tuom
278 1707 338 1751 cup
364 1690 511 1751 credimus
538 1690 631 1752 iacere
641 1691 850 1772 prudentiam,
874 1707 995 1752 cousouc
1018 1689 1176 1752 natalium
1196 1708 1252 1752 rc-

118 1812 199 1888 pinu
212 1808 307 1888 Cppci
325 1807 367 1870 od
379 1825 504 1870 momen
518 1814 654 1871 uosirum
671 1805 783 1894 (utpoic
796 1827 861 1889 pue
878 1808 921 1870 od
941 1808 1041 1886 forum
1058 1806 1252 1869 cccicuusti-

119 1942 186 1987 cucn
194 1919 340 2006 pertinet)
355 1942 417 1988 csse
435 1926 579 1988 deiciam.
606 1928 685 2004 Quia
711 1943 781 1987 uero
806 1931 966 2006 autequam
978 1924 1132 1989 oriolium
1146 1942 1244 1988 causa

121 2045 282 2104 terminato
296 2047 382 2120 esset,
401 2042 612 2123 dependentem
631 2060 671 2104 cc
691 2042 747 2104 iiio
767 2045 958 2105 successionis
970 2058 1093 2104 causum
1106 2044 1245 2123 incipere

119 2159 199 2221 citu
210 2159 297 2252 aliud
316 2165 391 2221 essct
407 2177 496 2239 quom
515 2161 645 2222 diversis
657 2161 843 2241 processibus
858 2164 1003 2222 iutricocc
1024 2163 1240 2240 ucpotium...,

120 2278 148 2336 si
160 2274 239 2355 forie
251 2275 290 2338 ob
303 2280 370 2356 ipsc
384 2281 491 2356 rcpiuc
505 2278 601 2356 succis
614 2295 703 2358 super
715 2277 769 2339 lcoc
783 2281 956 2357 requisitus,
971 2277 1141 2358 douccjouo
1156 2278 1245 2340 dicto

119 2408 210 2454 causo
223 2392 375 2455 cointium
394 2394 555 2473 apostolico
559 2395 679 2475 judicio
692 2394 783 2472 fiucm
801 2398 956 2476 occeperit,
970 2398 1127 2476 poticuicr
1137 2411 1245 2476 ccpoo·

121 2512 175 2570 tcs.
197 2506 247 2572 Ite
264 2506 427 2572 Honorius
450 2507 499 2573 III
522 2506 689 2575 Ludovico
708 2510 909 2575 Francorum
927 2508 999 2592 regi
1021 2507 1064 2595 (c.
1087 2511 1187 2573 Tuom
1205 2511 1239 2586 3,

121 2623 208 2689 tituli
222 2625 260 2687 dc
272 2626 386 2689 Ordiuc
398 2629 600 2705 coquitiouum
618 2629 670 2704 10,
689 2625 797 2692 libriu
813 2621 1056 2708 decretalium).
1072 2623 1177 2711 cnjus
1186 2621 1243 2691 de·

122 2740 250 2806 crotalis
264 2759 378 2807 sensus
388 2749 427 2807 ut
436 2742 554 2807 melius
567 2744 823 2828 introspiciatur,
842 2761 934 2809 casus
947 2743 1187 2827 expositionem
1200 2762 1242 2809 ex

121 2859 226 2941 glossa
243 2857 470 2945 subjungimus
489 2880 497 2924 :
520 2863 675 2928 «Mortuo
700 2862 817 2926 comite
837 2861 1016 2943 Campania
1034 2861 1104 2925 sine
1120 2861 1237 2945 prole,

127 2976 267 3062 «regina
283 2976 383 3062 Cypri
402 2976 534 3044 dicebat
549 2977 637 3062 quod
653 2976 796 3042 debehat
817 2976 864 3042 illi
887 2975 1067 3045 succedere
1086 2977 1121 3041 in
1140 2978 1242 3044 comi·

126 3121 142 3149 ι
158 3101 230 3160 tatu
247 3101 401 3179 tunquam
415 3096 604 3179 proximior.
622 3093 761 3176 Quidam
771 3095 853 3160 alius
863 3095 925 3159 hoc
936 3094 1121 3178 intelligens
1131 3112 1242 3161 acces·

128 3237 143 3264 α
159 3211 200 3275 sit
215 3209 257 3275 ad
274 3209 440 3276 dominum
459 3212 592 3294 Papam,
613 3228 800 3295 proponens
813 3210 913 3296 quod,
940 3229 1016 3276 cum
1037 3211 1107 3294 ipsa
1126 3211 1242 3295 regina

129 3344 221 3390 «non
233 3325 348 3392 fuisset
357 3325 400 3392 de
415 3326 560 3411 legitimo
571 3326 776 3394 matrimonio
788 3335 875 3406 nata,
892 3326 981 3393 dioto
993 3327 1164 3392 comitatui
1171 3346 1243 3393 suc·

129 3441 277 3510 -eedere
292 3461 358 3507 non
371 3442 526 3522 debebat,
554 3442 613 3509 sed
629 3443 700 3526 ipse
719 3463 727 3508 :
744 3443 831 3528 quod
849 3451 984 3528 paratus
1005 3449 1078 3509 erat
1096 3443 1241 3529 probare

128 3588 143 3615 ι
156 3560 190 3625 in
204 3562 376 3644 presentia
387 3560 509 3627 domini
522 3561 634 3644 Papae3
652 3566 769 3644 petens
783 3559 824 3626 ab
839 3561 910 3644 ipso
923 3568 961 3626 ut
979 3558 1152 3626 mandaret
1171 3561 1244 3647 regi

129 3707 144 3733 ι
156 3677 308 3756 Fraude,
325 3686 365 3744 ut
377 3680 403 3744 si
416 3678 552 3745 forsitan
567 3675 655 3743 dicta
669 3672 896 3763 reginasuper
913 3679 1120 3745 successione
1140 3680 1243 3746 comi·

128 3824 144 3850 a
156 3801 245 3862 tatus
259 3794 418 3879 predicti,
439 3812 550 3860 coram
564 3796 634 3879 ipso
648 3803 849 3879 proponeret
863 3796 1086 3881 questionem,
1099 3816 1168 3865 non
1186 3817 1244 3864 au·

129 3939 145 3966 a
159 3909 246 3979 diret
258 3911 419 3990 eamdem,
431 3910 537 3977 donec
560 3929 657 3976 causa
679 3910 835 3977 natalium
848 3911 901 3998 (ex
915 3930 979 3997 qua
997 3912 1053 3977 iilo
1072 3911 1246 3999 depende·

130 4056 145 4084 ι
159 4025 226 4112 bat)
240 4028 343 4095 fuerit
354 4030 528 4096 terminata
544 4050 551 4093 :
571 4026 659 4112 quod
679 4027 768 4110 Papa
782 4047 848 4094 non
863 4025 988 4093 distrdit
1002 4011 1202 4114 adimplere.
1225 4061 1241 4088 s

127 4145 215 4230 Ergo
230 4146 388 4229 agebatur
400 4145 443 4213 de
456 4143 651 4231 questione,
667 4149 779 4210 utrum
798 4143 871 4210 talis
884 4162 1024 4228 persona
1037 4164 1079 4211 ex
1096 4146 1246 4232 legitimo

127 4262 333 4330 matrimomo
345 4268 422 4329 natu
435 4264 492 4346 sit;
507 4268 544 4352 et
561 4259 630 4327 hec
645 4277 754 4337 causa,
774 4278 814 4326 eo
828 4259 918 4346 quod
936 4260 1032 4327 alicui
1053 4263 1105 4329 rei
1127 4282 1244 4345 saccae,

49 4399 51 4403 ’
128 4387 329 4448 sacramento
353 4398 472 4464 nempe
496 4375 692 4442 matrimonii
706 4373 831 4442 adnexa
843 4376 899 4455 sit,
916 4396 936 4442 a
953 4376 1115 4447 Pontificc
1131 4377 1245 4451 decla-
