2714 4980
557 277 635 323 rans
659 274 817 323 sacunoa.
849 261 852 267 ’
1172 259 1237 327 495

117 419 160 465 ex
176 408 273 484 parte
285 399 421 484 pendet,
437 409 508 467 tum
521 401 556 466 in
569 403 723 468 societate
739 398 837 477 civili,
849 405 920 464 tum
930 400 1028 464 etiam
1038 398 1236 481 inEcclesia,

116 515 201 582 ordo
216 524 250 582 et
259 517 486 603 tranquillitas,
504 516 627 583 nedum
641 537 703 602 pro
714 515 849 601 ignobili
860 514 1030 582 habendus
1042 517 1096 596 sit,
1112 535 1239 584 summo

115 640 268 699 econtra
289 633 413 700 honore
438 635 508 717 ipsa
525 635 576 699 sui
595 634 739 699 muneris
757 639 873 698 natura
885 633 1129 716 insigniuntur:
1151 631 1239 719 quod

115 745 215 812 fateri
231 749 366 833 quisque
384 746 495 826 debet,
512 749 573 812 nisi
590 767 630 813 eo
645 746 780 813 absurdi
795 745 961 825 deveniat,
981 754 1019 812 ut
1032 747 1174 832 ignobile
1185 767 1238 813 re·

116 868 225 945 putet,
241 881 302 946 pro
323 863 432 928 veraci
448 862 489 928 ab
511 862 659 928 omnihus
686 870 721 928 et
741 861 829 947 apud
852 862 921 945 ipsa
947 863 1045 928 etiam
1063 862 1238 929 tribunalia

117 976 245 1056 haberi,
263 977 475 1045 honorificum
490 997 570 1044 vero
583 977 697 1043 haberi
707 997 766 1062 pro
779 976 927 1043 mendaci
942 985 976 1043 et
993 979 1235 1061 suspectoriro.

118 1092 217 1174 Quod
228 1102 338 1160 autem
351 1093 546 1180 quandoque
558 1094 687 1173 notarii,
703 1093 799 1159 modo
811 1093 945 1177 ignobili
958 1102 991 1160 et
1008 1114 1048 1160 ex
1059 1113 1161 1178 pravo
1172 1094 1238 1161 fine

117 1206 258 1275 officium
274 1230 369 1275 suum
381 1212 602 1291 exercuerint,
614 1209 649 1276 id
660 1229 721 1295 per
732 1208 1042 1289 accidenssehabet,
1058 1221 1092 1278 et
1104 1211 1148 1277 ad
1159 1211 1238 1278 abu-

115 1337 183 1404 sus
194 1326 312 1413 quibus
323 1345 377 1392 res
388 1327 590 1392 nobilissime
602 1326 746 1391 obnoxiae
757 1335 940 1404 remanent,
950 1325 1235 1412 rejiciendumest.

115 1438 272 1504 Primitus
283 1446 393 1506 autem
406 1438 494 1523 apud
504 1441 664 1504 Romanos
676 1437 718 1502 ad
731 1437 766 1503 id
776 1437 869 1504 officii
879 1437 1054 1522 deputatos
1064 1440 1164 1507 fuisse
1173 1460 1239 1506 ser·

115 1572 187 1632 ros,
213 1553 398 1638 negandum
417 1561 467 1620 est
486 1577 493 1619 ε
513 1552 649 1620 adhibiti
668 1553 802 1639 quidem
818 1563 894 1620 sunt
906 1555 993 1619 servi
1004 1554 1047 1620 ad
1056 1557 1242 1622 variasexa-

114 1667 236 1733 randas
244 1671 432 1753 scripturas,
455 1674 488 1735 et
503 1670 578 1734 hinc
588 1669 694 1754 aliquo
711 1669 1004 1736 sensutahelliones
1019 1667 1130 1736 forsan
1146 1670 1237 1750 dicti,

114 1792 301 1849 nouantem
313 1788 359 1850 ita
377 1795 414 1852 ut
429 1805 489 1868 per
504 1804 618 1851 eorum
633 1785 899 1850 testimoniumet
910 1785 1183 1868 subscriptionem
1194 1782 1246 1853 iu·-

113 1903 306 1967 strumentis
325 1899 404 1967 fides
420 1902 550 1986 publica
566 1909 678 1980 staret,
698 1900 784 1986 quod
802 1901 982 1967 notariatus
1001 1904 1133 1986 proprie
1158 1901 1240 1969 dicti

113 2012 260 2082 officium
275 2026 335 2083 est.
347 2019 460 2104 Neque
480 2018 578 2083 etiam
588 2017 770 2082 notariatus
786 2018 874 2081 inter
881 2017 1107 2101 negotiationis
1116 2018 1241 2101 species

114 2140 209 2197 recte
225 2135 406 2216 reponitur.
424 2135 606 2217 Negotiatio
622 2134 708 2199 enim
721 2133 834 2198 stricte
851 2139 980 2216 sumpta
998 2133 1034 2196 in
1049 2152 1089 2198 eo
1103 2141 1178 2213 stat,
1202 2141 1239 2199 ut

114 2267 172 2314 res
187 2255 348 2326 emantur,
364 2255 396 2314 et
410 2251 586 2315 immutate
597 2249 703 2314 carius
718 2247 916 2314 vendantur.
933 2246 1029 2331 Quod
1048 2256 1160 2314 autem
1171 2248 1244 2335 quis

114 2381 323 2446 promunere
334 2384 398 2450 quo
408 2364 566 2449 fungitur,
582 2372 638 2429 aut
646 2383 707 2448 pro
721 2364 869 2429 confecta
879 2365 912 2428 in
925 2364 1059 2429 alterius
1069 2365 1243 2431 utilitatem

114 2499 153 2545 re
171 2480 289 2567 aliqua,
307 2481 493 2548 mercedem
510 2483 577 2548 sive
593 2482 800 2547 honorarium
817 2481 1010 2549 salariumve
1024 2483 1171 2567 recipiat,
1190 2503 1245 2550 ne·

114 2597 252 2681 gotiatio
266 2599 452 2698 nullatenus
467 2607 517 2664 est
532 2621 539 2665 :
557 2600 698 2684 alioquin
711 2607 745 2664 et
754 2595 884 2683 judicis,
900 2600 965 2664 imo
977 2606 1010 2665 et
1027 2600 1112 2683 regis
1126 2619 1244 2666 munus

114 2714 294 2797 negotiatio
307 2723 393 2781 esset
404 2714 592 2782 dicendum.

164 2829 244 2895 Hinc
255 2831 387 2896 aliunde
406 2831 586 2917 repetenda
606 2831 739 2898 videtur
758 2831 844 2896 facta
859 2831 989 2895 clericis
1010 2828 1184 2912 prohibitio
1200 2849 1242 2895 ne

116 2945 315 3011 notariatum
328 2953 532 3013 exercerent.
548 2948 592 3013 Ea
608 2966 867 3032 nempesemper
881 2946 944 3010 fuit
956 2945 1106 3011 Ecclesia
1117 2964 1242 3011 summa

114 3060 315 3142 sollicitudo,
338 3071 376 3128 ut
387 3063 501 3128 clerici
520 3063 637 3129 divinis
659 3063 759 3129 rebus
785 3063 889 3128 libere
909 3068 1074 3141 vacarent,
1092 3069 1127 3127 et
1144 3060 1243 3147 hujus

115 3177 227 3242 saeculi
239 3180 324 3244 curis
338 3180 518 3264 etnegotiis
529 3200 626 3266 quam
644 3181 773 3246 minime
789 3180 1047 3264 implicarentur.
1067 3179 1148 3244 Cum
1160 3197 1242 3245 vero
1276 3217 1279 3223 -

115 3294 297 3373 notariatus
304 3293 442 3361 officium
455 3297 681 3362 necessitatem
690 3317 801 3362 secum
813 3295 921 3361 trahat
935 3296 1007 3361 foro
1022 3296 1241 3363 interessendi

117 3416 154 3474 et
168 3409 343 3476 interlitas
362 3421 396 3477 et
419 3413 549 3496 negotia
567 3413 759 3497 temporalia
783 3411 945 3490 versandi,
965 3413 1084 3477 mirum
1103 3433 1169 3479 non
1190 3419 1241 3479 est

117 3544 228 3591 sacros
244 3546 384 3592 canones
401 3526 435 3592 id
451 3528 590 3593 voluisse
614 3529 741 3594 clericis
756 3529 990 3606 interdictum,
1009 3526 1117 3615 quoad
1135 3530 1241 3597 curias

118 3641 237 3707 saltem
253 3643 422 3709 saeculares
437 3652 470 3710 et
487 3645 618 3728 negotia
636 3646 844 3728 magistratus
861 3644 945 3710 laici.

163 3761 362 3827 Pnoroslrro
377 3762 462 3826 XH⁸.
473 3799 519 3810 -
531 3765 659 3844 mando
669 3767 806 3825 notorias
821 3765 916 3825 laicus
926 3765 1025 3842 saetas
1043 3769 1088 3825 est
1103 3763 1237 3842 elericos,

116 3880 146 3938 si
155 3883 266 3958 pergat
278 3881 478 3941 instromenta
497 3878 638 3956 conficere
653 3886 812 3959 antequam
828 3881 862 3940 id
876 3883 904 3940 ei
914 3878 1035 3958 publice
1047 3878 1084 3939 ab
1098 3879 1243 3959 Episcopo

116 3993 499 4074 approbatorumque
512 4001 600 4058 erunt
609 3995 753 4076 ejusmodi
764 3998 977 4072 instromenta,
991 3997 1127 4072 quamvis
1136 3993 1243 4056 illicite

116 4112 273 4191 conlecta:
293 4117 322 4174 si
332 4133 401 4177 vero
414 4112 473 4191 fiat
490 4115 660 4194 religiosor,
678 4117 910 4174 instrumentum
929 4112 1037 4190 absque
1053 4112 1174 4173 licentia
1191 4115 1240 4173 soi

117 4235 286 4312 superioris
301 4231 476 4310 consectam,
496 4235 560 4310 ipso
568 4233 640 4311 jare
655 4232 778 4290 irritum
793 4232 863 4290 erit.
878 4262 924 4274 -
941 4224 1106 4290 Probatur
1120 4226 1150 4289 1·
1168 4244 1243 4309 pars
1287 4311 1290 4316 .

117 4344 358 4430 propositionis,
387 4365 428 4408 ex
454 4363 493 4408 co
511 4342 599 4428 quod
620 4343 651 4406 in
676 4340 834 4409 decretali
853 4346 937 4407 Sicut
952 4348 980 4404 te
1004 4340 1066 4428 (tit.
1082 4345 1127 4408 Ne
1141 4344 1242 4407 cleriei
