<?xml version="1.0" encoding="UTF-8"?>
<!DOCTYPE html PUBLIC "-//W3C//DTD XHTML 1.0 Transitional//EN"
    "http://www.w3.org/TR/xhtml1/DTD/xhtml1-transitional.dtd">
<html xmlns="http://www.w3.org/1999/xhtml" xml:lang="en" lang="en">
 <head>
  <title>
</title>
<meta http-equiv="Content-Type" content="text/html;charset=utf-8" />
  <meta name='ocr-system' content='tesseract 3.04.00' />
  <meta name='ocr-capabilities' content='ocr_page ocr_carea ocr_par ocr_line ocrx_word'/>
</head>
<body>
  <div class='ocr_page' id='page_1' title='image "./tractatusdejudi00bouigoog_0348.png"; bbox 0 0 2714 4980; ppageno 0'>
   <div class='ocr_carea' id='block_1_1' title="bbox 564 262 1231 339">
    <p class='ocr_par' dir='ltr' id='par_1_1' title="bbox 564 262 1231 339">
     <span class='ocr_line' id='line_1_1' title="bbox 564 262 1231 339; baseline 0.006 -4"><span class='ocrx_word' id='word_1_1' title='bbox 564 274 643 336; x_wconf 67' lang='lat' dir='ltr'>rutis</span> <span class='ocrx_word' id='word_1_2' title='bbox 665 288 779 337; x_wconf 75' lang='lat' dir='ltr'>nnius.</span> <span class='ocrx_word' id='word_1_3' title='bbox 1166 262 1231 339; x_wconf 78' lang='lat'>³35</span> 
     </span>
    </p>
   </div>
   <div class='ocr_carea' id='block_1_2' title="bbox 97 403 1234 4324">
    <p class='ocr_par' dir='ltr' id='par_1_2' title="bbox 101 403 1232 614">
     <span class='ocr_line' id='line_1_2' title="bbox 102 403 1232 498; baseline 0.006 -25"><span class='ocrx_word' id='word_1_4' title='bbox 102 407 272 494; x_wconf 72' lang='lat' dir='ltr'>ejusmodi</span> <span class='ocrx_word' id='word_1_5' title='bbox 284 403 387 495; x_wconf 65' lang='lat' dir='ltr'>lucili</span> <span class='ocrx_word' id='word_1_6' title='bbox 402 412 513 477; x_wconf 65' lang='lat' dir='ltr'>camos</span> <span class='ocrx_word' id='word_1_7' title='bbox 530 409 754 496; x_wconf 67' lang='lat' dir='ltr'>jurulentum</span> <span class='ocrx_word' id='word_1_8' title='bbox 769 409 941 480; x_wconf 77' lang='lat' dir='ltr'>rectlsobdi</span> <span class='ocrx_word' id='word_1_9' title='bbox 961 412 1051 498; x_wconf 75' lang='lat' dir='ltr'>apoll</span> <span class='ocrx_word' id='word_1_10' title='bbox 1069 409 1232 481; x_wconf 65' lang='lat' dir='ltr'>Schibal&#39;z&#39;·</span> 
     </span>
     <span class='ocr_line' id='line_1_3' title="bbox 101 523 848 614; baseline 0.005 -24"><span class='ocrx_word' id='word_1_11' title='bbox 101 523 434 610; x_wconf 56' lang='lat' dir='ltr'>wellemapentae,</span> <span class='ocrx_word' id='word_1_12' title='bbox 453 526 526 592; x_wconf 82' lang='lat' dir='ltr'>ltloa</span> <span class='ocrx_word' id='word_1_13' title='bbox 539 528 610 608; x_wconf 61' lang='lat' dir='ltr'>eltr,</span> <span class='ocrx_word' id='word_1_14' title='bbox 633 549 667 594; x_wconf 92' lang='lat' dir='ltr'>n.</span> <span class='ocrx_word' id='word_1_15' title='bbox 688 527 758 614; x_wconf 75' lang='lat'>312)</span> <span class='ocrx_word' id='word_1_16' title='bbox 845 556 848 562; x_wconf 53' lang='lat'>&gt;</span> 
     </span>
    </p>

    <p class='ocr_par' dir='ltr' id='par_1_3' title="bbox 97 628 1234 1072">
     <span class='ocr_line' id='line_1_4' title="bbox 149 628 1232 731; baseline 0.005 -26"><span class='ocrx_word' id='word_1_17' title='bbox 149 643 190 705; x_wconf 78' lang='grc' dir='ltr'>5ο</span> <span class='ocrx_word' id='word_1_18' title='bbox 213 629 355 708; x_wconf 76' lang='lat' dir='ltr'>Effectus</span> <span class='ocrx_word' id='word_1_19' title='bbox 366 647 475 708; x_wconf 74' lang='lat' dir='ltr'>autem</span> <span class='ocrx_word' id='word_1_20' title='bbox 486 641 664 727; x_wconf 79' lang='lat' dir='ltr'>juramenti</span> <span class='ocrx_word' id='word_1_21' title='bbox 672 640 834 731; x_wconf 83' lang='lat' dir='ltr'>judicialis</span> <span class='ocrx_word' id='word_1_22' title='bbox 849 628 1026 712; x_wconf 76' lang='lat' dir='ltr'>rolnntatii</span> <span class='ocrx_word' id='word_1_23' title='bbox 1037 645 1139 712; x_wconf 64' lang='lat' dir='ltr'>semu</span> <span class='ocrx_word' id='word_1_24' title='bbox 1152 645 1232 730; x_wconf 76' lang='lat' dir='ltr'>pre·</span> 
     </span>
     <span class='ocr_line' id='line_1_5' title="bbox 100 746 1233 846; baseline 0.003 -24"><span class='ocrx_word' id='word_1_25' title='bbox 100 756 176 822; x_wconf 78' lang='lat' dir='ltr'>aliti</span> <span class='ocrx_word' id='word_1_26' title='bbox 193 761 266 835; x_wconf 78' lang='lat' dir='ltr'>est;</span> <span class='ocrx_word' id='word_1_27' title='bbox 288 746 326 822; x_wconf 74' lang='lat' dir='ltr'>ul</span> <span class='ocrx_word' id='word_1_28' title='bbox 351 759 417 823; x_wconf 76' lang='lat' dir='ltr'>tim</span> <span class='ocrx_word' id='word_1_29' title='bbox 440 759 542 843; x_wconf 80' lang='lat' dir='ltr'>plen‘ae</span> <span class='ocrx_word' id='word_1_30' title='bbox 572 758 772 844; x_wconf 84' lang='lat' dir='ltr'>probationis</span> <span class='ocrx_word' id='word_1_31' title='bbox 792 748 926 846; x_wconf 88' lang='lat' dir='ltr'>babeat;</span> <span class='ocrx_word' id='word_1_32' title='bbox 949 762 996 827; x_wconf 89' lang='lat' dir='ltr'>lta</span> <span class='ocrx_word' id='word_1_33' title='bbox 1015 760 1233 827; x_wconf 77' lang='lat' dir='ltr'>absentantis</span> 
     </span>
     <span class='ocr_line' id='line_1_6' title="bbox 97 862 1234 961; baseline 0.005 -25"><span class='ocrx_word' id='word_1_34' title='bbox 97 870 201 957; x_wconf 75' lang='lat' dir='ltr'>Juxta</span> <span class='ocrx_word' id='word_1_35' title='bbox 223 871 259 938; x_wconf 84' lang='lat' dir='ltr'>id</span> <span class='ocrx_word' id='word_1_36' title='bbox 288 872 376 958; x_wconf 83' lang='lat' dir='ltr'>quod</span> <span class='ocrx_word' id='word_1_37' title='bbox 397 873 543 959; x_wconf 84' lang='lat' dir='ltr'>juratam</span> <span class='ocrx_word' id='word_1_38' title='bbox 574 881 625 942; x_wconf 80' lang='lat' dir='ltr'>est</span> <span class='ocrx_word' id='word_1_39' title='bbox 649 862 732 942; x_wconf 81' lang='lat' dir='ltr'>fetri</span> <span class='ocrx_word' id='word_1_40' title='bbox 750 875 887 961; x_wconf 78' lang='lat' dir='ltr'>‹lebert3</span> <span class='ocrx_word' id='word_1_41' title='bbox 914 896 975 944; x_wconf 90' lang='lat' dir='ltr'>neo</span> <span class='ocrx_word' id='word_1_42' title='bbox 992 877 1093 961; x_wconf 80' lang='lat' dir='ltr'><strong>possit</strong></span> <span class='ocrx_word' id='word_1_43' title='bbox 1122 877 1164 942; x_wconf 81' lang='lat' dir='ltr'>th</span> <span class='ocrx_word' id='word_1_44' title='bbox 1194 890 1234 943; x_wconf 83' lang='lat' dir='ltr'>eo</span> 
     </span>
     <span class='ocr_line' id='line_1_7' title="bbox 99 983 279 1072; baseline 0.006 -20"><span class='ocrx_word' id='word_1_45' title='bbox 99 983 279 1072; x_wconf 83' lang='lat' dir='ltr'>appellari.</span> 
     </span>
    </p>

    <p class='ocr_par' dir='ltr' id='par_1_4' title="bbox 99 1105 1233 1422">
     <span class='ocr_line' id='line_1_8' title="bbox 146 1105 1233 1190; baseline 0.002 -20"><span class='ocrx_word' id='word_1_46' title='bbox 146 1105 306 1186; x_wconf 59' lang='lat' dir='ltr'>Quemne</span> <span class='ocrx_word' id='word_1_47' title='bbox 328 1107 372 1171; x_wconf 80' lang='lat' dir='ltr'>l&#39;.</span> <span class='ocrx_word' id='word_1_48' title='bbox 388 1126 435 1156; x_wconf 73' lang='lat'>-&#39;-</span> <span class='ocrx_word' id='word_1_49' title='bbox 445 1111 519 1189; x_wconf 78' lang='lat' dir='ltr'>the</span> <span class='ocrx_word' id='word_1_50' title='bbox 529 1113 571 1171; x_wconf 77' lang='lat' dir='ltr'>at</span> <span class='ocrx_word' id='word_1_51' title='bbox 581 1115 687 1171; x_wconf 63' lang='lat' dir='ltr'>nmmo</span> <span class='ocrx_word' id='word_1_52' title='bbox 693 1112 865 1190; x_wconf 75' lang='lat' dir='ltr'>juramenti</span> <span class='ocrx_word' id='word_1_53' title='bbox 872 1110 1038 1190; x_wconf 76' lang='lat' dir='ltr'>judicialis</span> <span class='ocrx_word' id='word_1_54' title='bbox 1049 1113 1209 1171; x_wconf 68' lang='lat' dir='ltr'>necessarii</span> <span class='ocrx_word' id='word_1_55' title='bbox 1218 1113 1233 1172; x_wconf 73' lang='lat' dir='ltr'>t</span> 
     </span>
     <span class='ocr_line' id='line_1_9' title="bbox 100 1221 1233 1308; baseline 0.002 -24"><span class='ocrx_word' id='word_1_56' title='bbox 100 1236 149 1268; x_wconf 89' lang='lat'>·-</span> <span class='ocrx_word' id='word_1_57' title='bbox 178 1223 213 1284; x_wconf 80' lang='lat'>1⁰</span> <span class='ocrx_word' id='word_1_58' title='bbox 238 1221 306 1286; x_wconf 85' lang='lat' dir='ltr'>Hoc</span> <span class='ocrx_word' id='word_1_59' title='bbox 324 1223 453 1288; x_wconf 79' lang='lat' dir='ltr'>nomine</span> <span class='ocrx_word' id='word_1_60' title='bbox 467 1223 653 1290; x_wconf 71' lang='lat' dir='ltr'>vocavimus</span> <span class='ocrx_word' id='word_1_61' title='bbox 671 1222 894 1308; x_wconf 75' lang='lat' dir='ltr'>Jnramentnm</span> <span class='ocrx_word' id='word_1_62' title='bbox 912 1226 990 1304; x_wconf 77' lang='lat' dir='ltr'>quod</span> <span class='ocrx_word' id='word_1_63' title='bbox 1004 1227 1115 1306; x_wconf 73' lang='lat' dir='ltr'>judee,</span> <span class='ocrx_word' id='word_1_64' title='bbox 1142 1230 1233 1288; x_wconf 73' lang='lat' dir='ltr'>couno</span> 
     </span>
     <span class='ocr_line' id='line_1_10' title="bbox 99 1339 1229 1422; baseline 0.003 -23"><span class='ocrx_word' id='word_1_65' title='bbox 99 1342 241 1420; x_wconf 72' lang='lat' dir='ltr'>coquito,</span> <span class='ocrx_word' id='word_1_66' title='bbox 256 1341 292 1400; x_wconf 83' lang='lat' dir='ltr'>ob</span> <span class='ocrx_word' id='word_1_67' title='bbox 305 1340 451 1418; x_wconf 75' lang='lat' dir='ltr'>defectum</span> <span class='ocrx_word' id='word_1_68' title='bbox 457 1341 649 1421; x_wconf 81' lang='lat' dir='ltr'>probotionis</span> <span class='ocrx_word' id='word_1_69' title='bbox 658 1342 769 1422; x_wconf 78' lang='lat' dir='ltr'>pleae,</span> <span class='ocrx_word' id='word_1_70' title='bbox 793 1347 849 1404; x_wconf 76' lang='lat' dir='ltr'>uei</span> <span class='ocrx_word' id='word_1_71' title='bbox 866 1358 905 1403; x_wconf 80' lang='lat' dir='ltr'>coe</span> <span class='ocrx_word' id='word_1_72' title='bbox 920 1339 1110 1422; x_wconf 69' lang='lat' dir='ltr'>litteralibus</span> <span class='ocrx_word' id='word_1_73' title='bbox 1121 1342 1229 1420; x_wconf 63' lang='lat' dir='ltr'>defert.</span> 
     </span>
    </p>

    <p class='ocr_par' dir='ltr' id='par_1_5' title="bbox 101 1444 1229 1655">
     <span class='ocr_line' id='line_1_11' title="bbox 151 1444 1229 1540; baseline 0.003 -23"><span class='ocrx_word' id='word_1_74' title='bbox 151 1444 191 1517; x_wconf 56' lang='grc' dir='ltr'><strong>Ψ</strong></span> <span class='ocrx_word' id='word_1_75' title='bbox 215 1453 349 1519; x_wconf 80' lang='lat' dir='ltr'>Defetti</span> <span class='ocrx_word' id='word_1_76' title='bbox 371 1459 480 1538; x_wconf 88' lang='lat' dir='ltr'>potest</span> <span class='ocrx_word' id='word_1_77' title='bbox 499 1460 566 1520; x_wconf 86' lang='lat' dir='ltr'>tam</span> <span class='ocrx_word' id='word_1_78' title='bbox 586 1464 604 1521; x_wconf 85' lang='lat' dir='ltr'>a</span> <span class='ocrx_word' id='word_1_79' title='bbox 625 1454 737 1540; x_wconf 88' lang='lat' dir='ltr'>judlce</span> <span class='ocrx_word' id='word_1_80' title='bbox 756 1455 922 1524; x_wconf 76' lang='lat' dir='ltr'>ordinario</span> <span class='ocrx_word' id='word_1_81' title='bbox 943 1472 1039 1540; x_wconf 86' lang='lat' dir='ltr'>qnam</span> <span class='ocrx_word' id='word_1_82' title='bbox 1061 1455 1229 1540; x_wconf 83' lang='lat' dir='ltr'>delegato;</span> 
     </span>
     <span class='ocr_line' id='line_1_12' title="bbox 101 1569 1115 1655; baseline 0.002 -21"><span class='ocrx_word' id='word_1_83' title='bbox 101 1573 139 1634; x_wconf 89' lang='lat' dir='ltr'>et</span> <span class='ocrx_word' id='word_1_84' title='bbox 151 1575 362 1634; x_wconf 76' lang='lat' dir='ltr'>neumatum</span> <span class='ocrx_word' id='word_1_85' title='bbox 377 1569 420 1634; x_wconf 84' lang='lat' dir='ltr'>ad</span> <span class='ocrx_word' id='word_1_86' title='bbox 437 1570 622 1636; x_wconf 73' lang='lat' dir='ltr'><strong>instantiam</strong></span> <span class='ocrx_word' id='word_1_87' title='bbox 634 1574 746 1655; x_wconf 84' lang='lat' dir='ltr'>partis,</span> <span class='ocrx_word' id='word_1_88' title='bbox 758 1570 819 1637; x_wconf 87' lang='lat' dir='ltr'>sed</span> <span class='ocrx_word' id='word_1_89' title='bbox 834 1574 932 1638; x_wconf 87' lang='lat' dir='ltr'>etiam</span> <span class='ocrx_word' id='word_1_90' title='bbox 945 1586 986 1638; x_wconf 80' lang='lat' dir='ltr'>ex</span> <span class='ocrx_word' id='word_1_91' title='bbox 1002 1571 1115 1637; x_wconf 86' lang='lat' dir='ltr'>officio.</span> 
     </span>
    </p>

    <p class='ocr_par' dir='ltr' id='par_1_6' title="bbox 100 1683 1232 2120">
     <span class='ocr_line' id='line_1_13' title="bbox 150 1683 1232 1772; baseline 0.004 -21"><span class='ocrx_word' id='word_1_92' title='bbox 150 1689 189 1751; x_wconf 80' lang='grc' dir='ltr'>3ο</span> <span class='ocrx_word' id='word_1_93' title='bbox 216 1685 327 1752; x_wconf 89' lang='lat' dir='ltr'>Potest</span> <span class='ocrx_word' id='word_1_94' title='bbox 346 1683 449 1771; x_wconf 76' lang='lat' dir='ltr'>judex</span> <span class='ocrx_word' id='word_1_95' title='bbox 472 1685 556 1752; x_wconf 88' lang='lat' dir='ltr'>illud</span> <span class='ocrx_word' id='word_1_96' title='bbox 577 1686 709 1757; x_wconf 89' lang='lat' dir='ltr'>deferre</span> <span class='ocrx_word' id='word_1_97' title='bbox 730 1689 798 1755; x_wconf 87' lang='lat' dir='ltr'>sive</span> <span class='ocrx_word' id='word_1_98' title='bbox 819 1688 898 1768; x_wconf 80' lang='lat' dir='ltr'>ileo,</span> <span class='ocrx_word' id='word_1_99' title='bbox 917 1690 984 1755; x_wconf 82' lang='lat' dir='ltr'>sive</span> <span class='ocrx_word' id='word_1_100' title='bbox 998 1687 1117 1768; x_wconf 77' lang='lat' dir='ltr'>Actori,</span> <span class='ocrx_word' id='word_1_101' title='bbox 1133 1694 1232 1772; x_wconf 79' lang='lat' dir='ltr'>prout</span> 
     </span>
     <span class='ocr_line' id='line_1_14' title="bbox 100 1801 1232 1889; baseline 0.004 -23"><span class='ocrx_word' id='word_1_102' title='bbox 100 1801 234 1887; x_wconf 68' lang='lat' dir='ltr'>sequius</span> <span class='ocrx_word' id='word_1_103' title='bbox 244 1803 423 1887; x_wconf 54' lang='lat' dir='ltr'>existiman</span> <span class='ocrx_word' id='word_1_104' title='bbox 438 1801 597 1888; x_wconf 79' lang='lat' dir='ltr'>quidquid</span> <span class='ocrx_word' id='word_1_105' title='bbox 611 1804 645 1867; x_wconf 91' lang='lat' dir='ltr'>in</span> <span class='ocrx_word' id='word_1_106' title='bbox 662 1805 861 1871; x_wconf 84' lang='lat' dir='ltr'>contrarium</span> <span class='ocrx_word' id='word_1_107' title='bbox 874 1803 1016 1870; x_wconf 77' lang='lat' dir='ltr'>dixerint</span> <span class='ocrx_word' id='word_1_108' title='bbox 1028 1805 1174 1870; x_wconf 81' lang='lat' dir='ltr'>nonnulli</span> <span class='ocrx_word' id='word_1_109' title='bbox 1182 1803 1232 1889; x_wconf 85' lang='lat' dir='ltr'>ju-</span> 
     </span>
     <span class='ocr_line' id='line_1_15' title="bbox 100 1904 1230 2005; baseline 0 -20"><span class='ocrx_word' id='word_1_110' title='bbox 100 1904 305 1997; x_wconf 87' lang='lat' dir='ltr'>risconsulti,</span> <span class='ocrx_word' id='word_1_111' title='bbox 324 1928 463 2004; x_wconf 81' lang='lat' dir='ltr'>quorum</span> <span class='ocrx_word' id='word_1_112' title='bbox 479 1920 533 1984; x_wconf 89' lang='lat' dir='ltr'>alii</span> <span class='ocrx_word' id='word_1_113' title='bbox 548 1921 608 1986; x_wconf 86' lang='lat' dir='ltr'>soli</span> <span class='ocrx_word' id='word_1_114' title='bbox 629 1920 707 1999; x_wconf 80' lang='lat' dir='ltr'>Rea,</span> <span class='ocrx_word' id='word_1_115' title='bbox 726 1920 778 1988; x_wconf 88' lang='lat' dir='ltr'>alii</span> <span class='ocrx_word' id='word_1_116' title='bbox 796 1920 854 1987; x_wconf 90' lang='lat' dir='ltr'>soli</span> <span class='ocrx_word' id='word_1_117' title='bbox 874 1919 983 1986; x_wconf 78' lang='lat' dir='ltr'>Actori</span> <span class='ocrx_word' id='word_1_118' title='bbox 997 1919 1121 1986; x_wconf 81' lang='lat' dir='ltr'>deferri</span> <span class='ocrx_word' id='word_1_119' title='bbox 1135 1928 1230 2005; x_wconf 84' lang='lat' dir='ltr'>posse</span> 
     </span>
     <span class='ocr_line' id='line_1_16' title="bbox 100 2033 739 2120; baseline 0.003 -20"><span class='ocrx_word' id='word_1_120' title='bbox 100 2054 121 2100; x_wconf 89' lang='lat' dir='ltr'>a</span> <span class='ocrx_word' id='word_1_121' title='bbox 133 2033 252 2120; x_wconf 82' lang='lat' dir='ltr'>jndice</span> <span class='ocrx_word' id='word_1_122' title='bbox 265 2033 486 2118; x_wconf 79' lang='lat' dir='ltr'>juramentum</span> <span class='ocrx_word' id='word_1_123' title='bbox 502 2036 739 2102; x_wconf 78' lang='lat' dir='ltr'>existimarunt.</span> 
     </span>
    </p>

    <p class='ocr_par' dir='ltr' id='par_1_7' title="bbox 99 2149 1232 4324">
     <span class='ocr_line' id='line_1_17' title="bbox 149 2149 1231 2238; baseline 0.002 -22"><span class='ocrx_word' id='word_1_124' title='bbox 149 2151 326 2216; x_wconf 80' lang='lat' dir='ltr'>litantem</span> <span class='ocrx_word' id='word_1_125' title='bbox 347 2150 471 2217; x_wconf 83' lang='lat' dir='ltr'>facilius</span> <span class='ocrx_word' id='word_1_126' title='bbox 492 2149 655 2219; x_wconf 78' lang='lat' dir='ltr'>discernat</span> <span class='ocrx_word' id='word_1_127' title='bbox 671 2149 774 2238; x_wconf 85' lang='lat' dir='ltr'>judex</span> <span class='ocrx_word' id='word_1_128' title='bbox 793 2152 959 2237; x_wconf 78' lang='lat' dir='ltr'>quomodo</span> <span class='ocrx_word' id='word_1_129' title='bbox 978 2153 1012 2217; x_wconf 91' lang='lat' dir='ltr'>in</span> <span class='ocrx_word' id='word_1_130' title='bbox 1027 2151 1087 2216; x_wconf 85' lang='lat' dir='ltr'>hnc</span> <span class='ocrx_word' id='word_1_131' title='bbox 1109 2172 1145 2217; x_wconf 89' lang='lat' dir='ltr'>re</span> <span class='ocrx_word' id='word_1_132' title='bbox 1158 2171 1231 2218; x_wconf 86' lang='lat' dir='ltr'>sese</span> 
     </span>
     <span class='ocr_line' id='line_1_18' title="bbox 100 2257 1228 2356; baseline -0.001 -23"><span class='ocrx_word' id='word_1_133' title='bbox 100 2285 226 2352; x_wconf 85' lang='lat' dir='ltr'><strong>gerere</strong></span> <span class='ocrx_word' id='word_1_134' title='bbox 246 2265 377 2345; x_wconf 79' lang='lat' dir='ltr'>debeat,</span> <span class='ocrx_word' id='word_1_135' title='bbox 394 2266 451 2333; x_wconf 87' lang='lat' dir='ltr'>has</span> <span class='ocrx_word' id='word_1_136' title='bbox 470 2268 599 2351; x_wconf 79' lang='lat' dir='ltr'>regulas</span> <span class='ocrx_word' id='word_1_137' title='bbox 613 2265 716 2334; x_wconf 81' lang='lat' dir='ltr'>tradit</span> <span class='ocrx_word' id='word_1_138' title='bbox 739 2267 1030 2352; x_wconf 79' lang='lat' dir='ltr'>Schmalzgrueber</span> <span class='ocrx_word' id='word_1_139' title='bbox 1047 2270 1091 2356; x_wconf 88' lang='lat' dir='ltr'>(in</span> <span class='ocrx_word' id='word_1_140' title='bbox 1104 2269 1156 2334; x_wconf 85' lang='lat' dir='ltr'>tit.</span> <span class='ocrx_word' id='word_1_141' title='bbox 1175 2257 1228 2348; x_wconf 72' lang='lat' dir='ltr'>lt,</span> 
     </span>
     <span class='ocr_line' id='line_1_19' title="bbox 99 2381 1232 2468; baseline 0.002 -20"><span class='ocrx_word' id='word_1_142' title='bbox 99 2383 218 2448; x_wconf 79' lang='lat' dir='ltr'>lib&#39;ri2</span> <span class='ocrx_word' id='word_1_143' title='bbox 233 2381 374 2462; x_wconf 81' lang='lat' dir='ltr'><strong>decret,</strong></span> <span class='ocrx_word' id='word_1_144' title='bbox 392 2404 425 2447; x_wconf 94' lang='lat' dir='ltr'>n.</span> <span class='ocrx_word' id='word_1_145' title='bbox 441 2381 513 2468; x_wconf 82' lang='lat'>43):</span> <span class='ocrx_word' id='word_1_146' title='bbox 538 2388 677 2464; x_wconf 80' lang='lat' dir='ltr'>«Primo,</span> <span class='ocrx_word' id='word_1_147' title='bbox 697 2385 723 2448; x_wconf 92' lang='lat' dir='ltr'>sl</span> <span class='ocrx_word' id='word_1_148' title='bbox 736 2383 836 2450; x_wconf 80' lang='lat' dir='ltr'>Actor</span> <span class='ocrx_word' id='word_1_149' title='bbox 849 2385 882 2450; x_wconf 91' lang='lat' dir='ltr'>in</span> <span class='ocrx_word' id='word_1_150' title='bbox 896 2385 1088 2468; x_wconf 80' lang='lat' dir='ltr'>probatione</span> <span class='ocrx_word' id='word_1_151' title='bbox 1104 2385 1232 2451; x_wconf 85' lang='lat' dir='ltr'>omnino</span> 
     </span>
     <span class='ocr_line' id='line_1_20' title="bbox 107 2496 1230 2584; baseline 0.001 -20"><span class='ocrx_word' id='word_1_152' title='bbox 107 2497 276 2576; x_wconf 83' lang='lat' dir='ltr'>«defecit,</span> <span class='ocrx_word' id='word_1_153' title='bbox 304 2499 402 2577; x_wconf 87' lang='lat' dir='ltr'>Reus,</span> <span class='ocrx_word' id='word_1_154' title='bbox 428 2499 489 2564; x_wconf 87' lang='lat' dir='ltr'>etsi</span> <span class='ocrx_word' id='word_1_155' title='bbox 517 2498 598 2563; x_wconf 89' lang='lat' dir='ltr'>nihil</span> <span class='ocrx_word' id='word_1_156' title='bbox 623 2496 824 2584; x_wconf 79' lang='lat' dir='ltr'>prestiterit,</span> <span class='ocrx_word' id='word_1_157' title='bbox 851 2500 974 2566; x_wconf 86' lang='lat' dir='ltr'>absolvi</span> <span class='ocrx_word' id='word_1_158' title='bbox 997 2500 1109 2579; x_wconf 88' lang='lat' dir='ltr'>debet,</span> <span class='ocrx_word' id='word_1_159' title='bbox 1131 2501 1230 2566; x_wconf 86' lang='lat' dir='ltr'>etiam</span> 
     </span>
     <span class='ocr_line' id='line_1_21' title="bbox 108 2612 1230 2700; baseline -0.001 -19"><span class='ocrx_word' id='word_1_160' title='bbox 108 2643 123 2671; x_wconf 67' lang='lat' dir='ltr'>a</span> <span class='ocrx_word' id='word_1_161' title='bbox 136 2615 212 2681; x_wconf 85' lang='lat' dir='ltr'>sine</span> <span class='ocrx_word' id='word_1_162' title='bbox 222 2612 419 2698; x_wconf 82' lang='lat' dir='ltr'>juramento.</span> <span class='ocrx_word' id='word_1_163' title='bbox 437 2618 581 2693; x_wconf 76' lang='lat' dir='ltr'>Secundo,</span> <span class='ocrx_word' id='word_1_164' title='bbox 598 2615 625 2679; x_wconf 93' lang='lat' dir='ltr'>si</span> <span class='ocrx_word' id='word_1_165' title='bbox 635 2612 735 2680; x_wconf 81' lang='lat' dir='ltr'>Actor</span> <span class='ocrx_word' id='word_1_166' title='bbox 748 2616 1036 2700; x_wconf 73' lang='lat' dir='ltr'>presumptionem</span> <span class='ocrx_word' id='word_1_167' title='bbox 1051 2635 1113 2700; x_wconf 90' lang='lat' dir='ltr'>pro</span> <span class='ocrx_word' id='word_1_168' title='bbox 1123 2635 1158 2680; x_wconf 89' lang='lat' dir='ltr'>se</span> <span class='ocrx_word' id='word_1_169' title='bbox 1174 2615 1230 2681; x_wconf 87' lang='lat' dir='ltr'>ho-</span> 
     </span>
     <span class='ocr_line' id='line_1_22' title="bbox 108 2729 1229 2816; baseline 0.001 -19"><span class='ocrx_word' id='word_1_170' title='bbox 108 2730 209 2809; x_wconf 73' lang='lat' dir='ltr'>«bet,</span> <span class='ocrx_word' id='word_1_171' title='bbox 232 2730 302 2796; x_wconf 88' lang='lat' dir='ltr'>Reo</span> <span class='ocrx_word' id='word_1_172' title='bbox 328 2729 549 2816; x_wconf 89' lang='lat' dir='ltr'>juramentum</span> <span class='ocrx_word' id='word_1_173' title='bbox 571 2729 697 2797; x_wconf 86' lang='lat' dir='ltr'>deferri</span> <span class='ocrx_word' id='word_1_174' title='bbox 724 2737 874 2816; x_wconf 87' lang='lat' dir='ltr'>potest...</span> <span class='ocrx_word' id='word_1_175' title='bbox 894 2731 1102 2797; x_wconf 88' lang='lat' dir='ltr'>Probabilius</span> <span class='ocrx_word' id='word_1_176' title='bbox 1120 2734 1229 2799; x_wconf 91' lang='lat' dir='ltr'>autem</span> 
     </span>
     <span class='ocr_line' id='line_1_23' title="bbox 107 2845 1230 2932; baseline 0.001 -19"><span class='ocrx_word' id='word_1_177' title='bbox 107 2847 252 2913; x_wconf 74' lang='lat' dir='ltr'>«Actori</span> <span class='ocrx_word' id='word_1_178' title='bbox 270 2865 309 2911; x_wconf 87' lang='lat' dir='ltr'>eo</span> <span class='ocrx_word' id='word_1_179' title='bbox 324 2865 400 2912; x_wconf 88' lang='lat' dir='ltr'>casu</span> <span class='ocrx_word' id='word_1_180' title='bbox 415 2845 636 2930; x_wconf 87' lang='lat' dir='ltr'>juramentum</span> <span class='ocrx_word' id='word_1_181' title='bbox 653 2847 890 2931; x_wconf 84' lang='lat' dir='ltr'>suppletorium</span> <span class='ocrx_word' id='word_1_182' title='bbox 907 2845 1010 2932; x_wconf 82' lang='lat' dir='ltr'>judex</span> <span class='ocrx_word' id='word_1_183' title='bbox 1025 2845 1157 2912; x_wconf 84' lang='lat' dir='ltr'>deferre</span> <span class='ocrx_word' id='word_1_184' title='bbox 1173 2867 1230 2914; x_wconf 91' lang='lat' dir='ltr'>ne-</span> 
     </span>
     <span class='ocr_line' id='line_1_24' title="bbox 108 2962 1230 3049; baseline 0 -21"><span class='ocrx_word' id='word_1_185' title='bbox 108 2994 122 3020; x_wconf 74' lang='grc' dir='ltr'>ιι</span> <span class='ocrx_word' id='word_1_186' title='bbox 138 2964 236 3049; x_wconf 88' lang='lat' dir='ltr'>quit:</span> <span class='ocrx_word' id='word_1_187' title='bbox 253 2970 324 3028; x_wconf 88' lang='lat' dir='ltr'>tum</span> <span class='ocrx_word' id='word_1_188' title='bbox 341 2963 415 3048; x_wconf 90' lang='lat' dir='ltr'>quia</span> <span class='ocrx_word' id='word_1_189' title='bbox 432 2963 492 3028; x_wconf 87' lang='lat' dir='ltr'>Rei</span> <span class='ocrx_word' id='word_1_190' title='bbox 516 2962 762 3029; x_wconf 81' lang='lat' dir='ltr'>favorabiliores</span> <span class='ocrx_word' id='word_1_191' title='bbox 784 2964 893 3049; x_wconf 86' lang='lat' dir='ltr'>potius</span> <span class='ocrx_word' id='word_1_192' title='bbox 912 2970 1008 3048; x_wconf 69' lang='lat' dir='ltr'>pram</span> <span class='ocrx_word' id='word_1_193' title='bbox 1031 2968 1157 3030; x_wconf 83' lang='lat' dir='ltr'>actores</span> <span class='ocrx_word' id='word_1_194' title='bbox 1173 2962 1230 3029; x_wconf 59' lang='lat' dir='ltr'>lta*</span> 
     </span>
     <span class='ocr_line' id='line_1_25' title="bbox 107 3078 1230 3164; baseline 0.008 -28"><span class='ocrx_word' id='word_1_195' title='bbox 107 3096 122 3136; x_wconf 65' lang='lat' dir='ltr'><strong>e</strong></span> <span class='ocrx_word' id='word_1_196' title='bbox 138 3079 283 3163; x_wconf 83' lang='lat' dir='ltr'>be&#39;ntur3</span> <span class='ocrx_word' id='word_1_197' title='bbox 300 3082 372 3143; x_wconf 88' lang='lat' dir='ltr'>tum</span> <span class='ocrx_word' id='word_1_198' title='bbox 386 3084 466 3144; x_wconf 79' lang='lat' dir='ltr'>tero</span> <span class='ocrx_word' id='word_1_199' title='bbox 482 3078 619 3144; x_wconf 84' lang='lat' dir='ltr'>maxime</span> <span class='ocrx_word' id='word_1_200' title='bbox 632 3079 705 3163; x_wconf 90' lang='lat' dir='ltr'>quia</span> <span class='ocrx_word' id='word_1_201' title='bbox 720 3098 793 3144; x_wconf 91' lang='lat' dir='ltr'>cum</span> <span class='ocrx_word' id='word_1_202' title='bbox 805 3078 1027 3164; x_wconf 88' lang='lat' dir='ltr'>juramentum</span> <span class='ocrx_word' id='word_1_203' title='bbox 1040 3086 1168 3144; x_wconf 86' lang='lat' dir='ltr'>tantum</span> <span class='ocrx_word' id='word_1_204' title='bbox 1183 3092 1230 3146; x_wconf 88' lang='lat' dir='ltr'>se·</span> 
     </span>
     <span class='ocr_line' id='line_1_26' title="bbox 107 3193 1226 3280; baseline 0 -17"><span class='ocrx_word' id='word_1_205' title='bbox 107 3193 295 3279; x_wconf 70' lang='lat' dir='ltr'>ami-plene</span> <span class='ocrx_word' id='word_1_206' title='bbox 319 3194 447 3279; x_wconf 89' lang='lat' dir='ltr'>probet,</span> <span class='ocrx_word' id='word_1_207' title='bbox 474 3203 509 3261; x_wconf 92' lang='lat' dir='ltr'>et</span> <span class='ocrx_word' id='word_1_208' title='bbox 528 3197 631 3261; x_wconf 81' lang='lat' dir='ltr'>Actor</span> <span class='ocrx_word' id='word_1_209' title='bbox 657 3214 722 3262; x_wconf 92' lang='lat' dir='ltr'>non</span> <span class='ocrx_word' id='word_1_210' title='bbox 745 3196 967 3280; x_wconf 88' lang='lat' dir='ltr'>semi-plenam</span> <span class='ocrx_word' id='word_1_211' title='bbox 992 3197 1226 3280; x_wconf 84' lang='lat' dir='ltr'>probationem,</span> 
     </span>
     <span class='ocr_line' id='line_1_27' title="bbox 107 3311 1230 3398; baseline 0.001 -19"><span class='ocrx_word' id='word_1_212' title='bbox 107 3344 122 3371; x_wconf 68' lang='grc' dir='ltr'>κ</span> <span class='ocrx_word' id='word_1_213' title='bbox 135 3311 201 3380; x_wconf 88' lang='lat' dir='ltr'>scd</span> <span class='ocrx_word' id='word_1_214' title='bbox 221 3313 508 3398; x_wconf 76' lang='lat' dir='ltr'>presumptionem</span> <span class='ocrx_word' id='word_1_215' title='bbox 525 3318 655 3377; x_wconf 88' lang='lat' dir='ltr'>tantum</span> <span class='ocrx_word' id='word_1_216' title='bbox 668 3332 729 3397; x_wconf 90' lang='lat' dir='ltr'>pro</span> <span class='ocrx_word' id='word_1_217' title='bbox 745 3331 779 3378; x_wconf 90' lang='lat' dir='ltr'>se</span> <span class='ocrx_word' id='word_1_218' title='bbox 792 3313 951 3392; x_wconf 84' lang='lat' dir='ltr'>attulerit,</span> <span class='ocrx_word' id='word_1_219' title='bbox 972 3313 1067 3396; x_wconf 91' lang='lat' dir='ltr'>plena</span> <span class='ocrx_word' id='word_1_220' title='bbox 1080 3313 1230 3397; x_wconf 87' lang='lat' dir='ltr'>probatio</span> 
     </span>
     <span class='ocr_line' id='line_1_28' title="bbox 104 3427 1229 3516; baseline 0.006 -25"><span class='ocrx_word' id='word_1_221' title='bbox 104 3458 121 3491; x_wconf 74' lang='lat' dir='ltr'>a</span> <span class='ocrx_word' id='word_1_222' title='bbox 134 3448 201 3516; x_wconf 89' lang='lat' dir='ltr'>per</span> <span class='ocrx_word' id='word_1_223' title='bbox 214 3427 433 3513; x_wconf 88' lang='lat' dir='ltr'>juramentum</span> <span class='ocrx_word' id='word_1_224' title='bbox 453 3447 519 3493; x_wconf 91' lang='lat' dir='ltr'>non</span> <span class='ocrx_word' id='word_1_225' title='bbox 537 3427 732 3495; x_wconf 90' lang='lat' dir='ltr'>efficeretur.</span> <span class='ocrx_word' id='word_1_226' title='bbox 756 3435 868 3511; x_wconf 79' lang='lat' dir='ltr'>Tertio,</span> <span class='ocrx_word' id='word_1_227' title='bbox 888 3431 913 3495; x_wconf 90' lang='lat' dir='ltr'>si</span> <span class='ocrx_word' id='word_1_228' title='bbox 927 3431 1025 3496; x_wconf 81' lang='lat' dir='ltr'>Actor</span> <span class='ocrx_word' id='word_1_229' title='bbox 1042 3430 1229 3516; x_wconf 90' lang='lat' dir='ltr'>semi-plene</span> 
     </span>
     <span class='ocr_line' id='line_1_29' title="bbox 106 3540 1231 3632; baseline 0 -20"><span class='ocrx_word' id='word_1_230' title='bbox 106 3576 122 3604; x_wconf 85' lang='lat'>«</span> <span class='ocrx_word' id='word_1_231' title='bbox 134 3540 293 3632; x_wconf 81' lang='lat' dir='ltr'>probavit</span> <span class='ocrx_word' id='word_1_232' title='bbox 309 3546 524 3612; x_wconf 89' lang='lat' dir='ltr'>intentionem</span> <span class='ocrx_word' id='word_1_233' title='bbox 537 3563 639 3626; x_wconf 88' lang='lat' dir='ltr'>suam,</span> <span class='ocrx_word' id='word_1_234' title='bbox 656 3545 744 3611; x_wconf 87' lang='lat' dir='ltr'>Reus&#39;</span> <span class='ocrx_word' id='word_1_235' title='bbox 758 3566 838 3613; x_wconf 87' lang='lat' dir='ltr'>vero</span> <span class='ocrx_word' id='word_1_236' title='bbox 850 3546 929 3612; x_wconf 91' lang='lat' dir='ltr'>nihil</span> <span class='ocrx_word' id='word_1_237' title='bbox 943 3547 1106 3631; x_wconf 83' lang='lat' dir='ltr'>probarit,</span> <span class='ocrx_word' id='word_1_238' title='bbox 1121 3547 1231 3615; x_wconf 82' lang='lat' dir='ltr'>Actori</span> 
     </span>
     <span class='ocr_line' id='line_1_30' title="bbox 105 3659 1231 3749; baseline -0.003 -18"><span class='ocrx_word' id='word_1_239' title='bbox 105 3684 123 3720; x_wconf 65' lang='lat' dir='ltr'>s</span> <span class='ocrx_word' id='word_1_240' title='bbox 136 3663 251 3748; x_wconf 90' lang='lat' dir='ltr'>potius</span> <span class='ocrx_word' id='word_1_241' title='bbox 275 3659 491 3729; x_wconf 86' lang='lat' dir='ltr'>deferendum</span> <span class='ocrx_word' id='word_1_242' title='bbox 522 3672 573 3730; x_wconf 91' lang='lat' dir='ltr'>est</span> <span class='ocrx_word' id='word_1_243' title='bbox 594 3661 816 3747; x_wconf 88' lang='lat' dir='ltr'>juramentum</span> <span class='ocrx_word' id='word_1_244' title='bbox 838 3683 935 3749; x_wconf 90' lang='lat' dir='ltr'>quam</span> <span class='ocrx_word' id='word_1_245' title='bbox 957 3664 1038 3731; x_wconf 87' lang='lat' dir='ltr'>Reo.</span> <span class='ocrx_word' id='word_1_246' title='bbox 1061 3663 1231 3747; x_wconf 86' lang='lat' dir='ltr'>Colligitur</span> 
     </span>
     <span class='ocr_line' id='line_1_31' title="bbox 105 3777 1229 3866; baseline -0.002 -20"><span class='ocrx_word' id='word_1_247' title='bbox 105 3798 181 3846; x_wconf 85' lang='lat' dir='ltr'>«ex</span> <span class='ocrx_word' id='word_1_248' title='bbox 197 3784 213 3858; x_wconf 74' lang='lat'><strong>5</strong></span> <span class='ocrx_word' id='word_1_249' title='bbox 227 3783 306 3844; x_wconf 83' lang='lat' dir='ltr'>Sanc</span> <span class='ocrx_word' id='word_1_250' title='bbox 319 3778 438 3866; x_wconf 84' lang='lat' dir='ltr'>(ultimi</span> <span class='ocrx_word' id='word_1_251' title='bbox 451 3779 574 3862; x_wconf 85' lang='lat' dir='ltr'>capitis,</span> <span class='ocrx_word' id='word_1_252' title='bbox 593 3779 682 3844; x_wconf 89' lang='lat' dir='ltr'>tituli</span> <span class='ocrx_word' id='word_1_253' title='bbox 703 3782 739 3843; x_wconf 81' lang='lat' dir='ltr'>de</span> <span class='ocrx_word' id='word_1_254' title='bbox 757 3783 970 3861; x_wconf 80' lang='lat' dir='ltr'>Jorcjuraodo,</span> <span class='ocrx_word' id='word_1_255' title='bbox 989 3779 1066 3846; x_wconf 93' lang='lat' dir='ltr'>libri</span> <span class='ocrx_word' id='word_1_256' title='bbox 1081 3782 1100 3844; x_wconf 81' lang='lat'>2</span> <span class='ocrx_word' id='word_1_257' title='bbox 1115 3777 1229 3844; x_wconf 83' lang='lat' dir='ltr'>(lecre-</span> 
     </span>
     <span class='ocr_line' id='line_1_32' title="bbox 103 3892 1230 3980; baseline 0.001 -21"><span class='ocrx_word' id='word_1_258' title='bbox 103 3892 278 3980; x_wconf 81' lang='lat' dir='ltr'>«talinm),</span> <span class='ocrx_word' id='word_1_259' title='bbox 303 3893 361 3960; x_wconf 93' lang='lat' dir='ltr'>ubi</span> <span class='ocrx_word' id='word_1_260' title='bbox 390 3894 521 3973; x_wconf 88' lang='lat' dir='ltr'>dicitur,</span> <span class='ocrx_word' id='word_1_261' title='bbox 545 3894 634 3980; x_wconf 91' lang='lat' dir='ltr'>quod</span> <span class='ocrx_word' id='word_1_262' title='bbox 657 3892 770 3980; x_wconf 84' lang='lat' dir='ltr'>judex,</span> <span class='ocrx_word' id='word_1_263' title='bbox 795 3895 949 3978; x_wconf 87' lang='lat' dir='ltr'>inspectis</span> <span class='ocrx_word' id='word_1_264' title='bbox 981 3894 1230 3960; x_wconf 81' lang='lat' dir='ltr'>circumstantiis</span> 
     </span>
     <span class='ocr_line' id='line_1_33' title="bbox 106 4009 1230 4096; baseline -0.004 -17"><span class='ocrx_word' id='word_1_265' title='bbox 106 4043 122 4070; x_wconf 67' lang='lat' dir='ltr'>a</span> <span class='ocrx_word' id='word_1_266' title='bbox 137 4030 314 4079; x_wconf 89' lang='lat' dir='ltr'>causarum</span> <span class='ocrx_word' id='word_1_267' title='bbox 328 4018 361 4076; x_wconf 91' lang='lat' dir='ltr'>et</span> <span class='ocrx_word' id='word_1_268' title='bbox 378 4030 602 4095; x_wconf 87' lang='lat' dir='ltr'>personarum,</span> <span class='ocrx_word' id='word_1_269' title='bbox 623 4011 731 4076; x_wconf 82' lang='lat' dir='ltr'>Actori</span> <span class='ocrx_word' id='word_1_270' title='bbox 748 4009 970 4095; x_wconf 85' lang='lat' dir='ltr'>juramentum</span> <span class='ocrx_word' id='word_1_271' title='bbox 992 4010 1230 4096; x_wconf 86' lang='lat' dir='ltr'>suppletorium</span> 
     </span>
     <span class='ocr_line' id='line_1_34' title="bbox 106 4125 1230 4211; baseline -0.004 -14"><span class='ocrx_word' id='word_1_272' title='bbox 106 4160 122 4186; x_wconf 70' lang='lat' dir='ltr'>a</span> <span class='ocrx_word' id='word_1_273' title='bbox 137 4127 277 4196; x_wconf 85' lang='lat' dir='ltr'>deferre</span> <span class='ocrx_word' id='word_1_274' title='bbox 292 4127 405 4210; x_wconf 86' lang='lat' dir='ltr'>possit.</span> <span class='ocrx_word' id='word_1_275' title='bbox 422 4127 517 4193; x_wconf 85' lang='lat' dir='ltr'>Nulla</span> <span class='ocrx_word' id='word_1_276' title='bbox 537 4133 648 4192; x_wconf 88' lang='lat' dir='ltr'>autem</span> <span class='ocrx_word' id='word_1_277' title='bbox 669 4132 719 4192; x_wconf 89' lang='lat' dir='ltr'>est</span> <span class='ocrx_word' id='word_1_278' title='bbox 742 4125 844 4211; x_wconf 90' lang='lat' dir='ltr'>major</span> <span class='ocrx_word' id='word_1_279' title='bbox 865 4127 1114 4204; x_wconf 88' lang='lat' dir='ltr'>circumstantia,</span> <span class='ocrx_word' id='word_1_280' title='bbox 1133 4145 1230 4211; x_wconf 89' lang='lat' dir='ltr'>qnam</span> 
     </span>
     <span class='ocr_line' id='line_1_35' title="bbox 105 4240 1229 4324; baseline 0.004 -21"><span class='ocrx_word' id='word_1_281' title='bbox 105 4276 122 4303; x_wconf 78' lang='grc'><strong>«</strong></span> <span class='ocrx_word' id='word_1_282' title='bbox 137 4263 218 4312; x_wconf 91' lang='lat' dir='ltr'>cnm</span> <span class='ocrx_word' id='word_1_283' title='bbox 229 4240 329 4307; x_wconf 81' lang='lat' dir='ltr'>Actor</span> <span class='ocrx_word' id='word_1_284' title='bbox 336 4243 549 4308; x_wconf 87' lang='lat' dir='ltr'>intentionem</span> <span class='ocrx_word' id='word_1_285' title='bbox 560 4260 651 4306; x_wconf 86' lang='lat' dir='ltr'>suam</span> <span class='ocrx_word' id='word_1_286' title='bbox 664 4241 849 4324; x_wconf 88' lang='lat' dir='ltr'>semi-plene</span> <span class='ocrx_word' id='word_1_287' title='bbox 862 4242 1024 4324; x_wconf 86' lang='lat' dir='ltr'>probavit,</span> <span class='ocrx_word' id='word_1_288' title='bbox 1037 4241 1104 4309; x_wconf 87' lang='lat' dir='ltr'>Reo</span> <span class='ocrx_word' id='word_1_289' title='bbox 1117 4251 1229 4316; x_wconf 84' lang='lat' dir='ltr'>contra</span> 
     </span>
    </p>
   </div>
   <div class='ocr_carea' id='block_1_3' title="bbox 105 4359 1228 4446">
    <p class='ocr_par' dir='ltr' id='par_1_8' title="bbox 105 4359 1228 4446">
     <span class='ocr_line' id='line_1_36' title="bbox 105 4359 1228 4446; baseline 0.006 -25"><span class='ocrx_word' id='word_1_290' title='bbox 105 4396 120 4421; x_wconf 80' lang='grc'><strong>«</strong></span> <span class='ocrx_word' id='word_1_291' title='bbox 136 4364 221 4431; x_wconf 88' lang='lat' dir='ltr'>nihil</span> <span class='ocrx_word' id='word_1_292' title='bbox 244 4361 415 4446; x_wconf 88' lang='lat' dir='ltr'>probante.</span> <span class='ocrx_word' id='word_1_293' title='bbox 434 4366 561 4441; x_wconf 80' lang='lat' dir='ltr'>Quarto,</span> <span class='ocrx_word' id='word_1_294' title='bbox 579 4360 606 4424; x_wconf 91' lang='lat' dir='ltr'>si</span> <span class='ocrx_word' id='word_1_295' title='bbox 626 4359 819 4442; x_wconf 89' lang='lat' dir='ltr'>semi-plena</span> <span class='ocrx_word' id='word_1_296' title='bbox 839 4359 989 4444; x_wconf 86' lang='lat' dir='ltr'>probatio</span> <span class='ocrx_word' id='word_1_297' title='bbox 1009 4361 1104 4427; x_wconf 88' lang='lat' dir='ltr'>allata</span> <span class='ocrx_word' id='word_1_298' title='bbox 1120 4371 1173 4428; x_wconf 88' lang='lat' dir='ltr'>est</span> <span class='ocrx_word' id='word_1_299' title='bbox 1187 4362 1228 4428; x_wconf 90' lang='lat' dir='ltr'>ab</span> 
     </span>
    </p>
   </div>
   <div class='ocr_carea' id='block_1_4' title="bbox 0 0 1362 4980">
    <p class='ocr_par' dir='ltr' id='par_1_9' title="bbox 0 0 1362 4980">
     <span class='ocr_line' id='line_1_37' title="bbox 0 0 1362 4980; baseline 0 0"><span class='ocrx_word' id='word_1_300' title='bbox 0 0 1362 4980; x_wconf 95' lang='lat' dir='ltr'> </span> 
     </span>
    </p>
   </div>
  </div>
 </body>
</html>
