2714 4980
505 285 585 335 raas
605 284 719 332 rarus.
1123 266 1167 330 85

49 411 245 481 damnatum
267 411 366 478 fuisse
387 413 421 477 in
444 430 541 477 sensu
560 409 648 497 quod
668 408 752 476 illud
768 410 876 494 ipsum
897 417 1039 495 systema
1053 417 1168 495 aperte
1285 473 1291 489 ,

52 529 214 598 excludit.
235 532 321 615 Ergo
339 550 404 597 non
427 529 614 596 damnatum
632 528 695 594 fuit
718 537 757 593 ut
778 528 988 606 haereticum,
1018 548 1057 596 eo
1081 527 1169 614 quod

53 656 194 735 negaret
211 650 362 715 Ecclesia
383 656 580 733 potestatem
597 647 907 727 excommunicandi,
922 649 1039 714 dissue
1057 666 1170 731 poenas

55 785 149 833 mere
169 766 353 850 spirituales
367 764 551 850 infligendi3
570 764 728 851 siquidem
750 764 874 830 nedum
888 784 960 830 eam
974 771 1171 849 potestatem

55 891 206 968 negaret,
225 903 267 948 ex
279 881 428 966 professo
439 902 458 946 e
471 890 584 947 contra
597 901 667 946 earn
682 880 859 946 affirmabat
874 903 880 947 :
895 900 974 966 ergo
984 880 1172 950 damnatum

56 1000 119 1066 fuit
135 999 307 1066 dumtaxat
325 1019 367 1065 eo
383 998 471 1084 quod
489 1006 626 1084 negaret
639 998 710 1063 vim·
720 1017 781 1082 per
799 1018 910 1083 poenas
924 1001 1124 1085 temporales
1139 1008 1175 1069 et

59 1100 250 1202 corporales'
273 1121 455 1183 coactivam
474 1137 481 1182 :
500 1133 578 1200 ergo
597 1133 636 1180 ea
654 1113 857 1184 damnatione
884 1114 1028 1182 damnati
1053 1125 1128 1182 sunt
1152 1117 1175 1182 ii

59 1253 184 1313 omnes,
203 1235 260 1319 qui
273 1240 487 1317 postestatem
510 1251 571 1316 per
588 1233 786 1317 temporales
805 1241 840 1297 et
861 1233 1046 1317 corporales
1063 1252 1175 1318 poenas

61 1348 237 1417 coercendi
251 1343 403 1415 Ecclesia
421 1347 596 1433 denegant.
639 1345 643 1352 '

102 1467 191 1532 Item
207 1484 307 1549 supra
322 1464 462 1531 vidimus
485 1465 567 1552 (cap.
592 1463 624 1550 3)
650 1487 668 1530 a
690 1465 870 1533 Benedicto
897 1467 970 1532 xlv
988 1465 1177 1534 damnatum

59 1583 188 1668 pariter
200 1589 238 1648 ut
253 1581 446 1647 hereticum
459 1581 557 1647 fuisse
571 1589 712 1666 systema
727 1583 828 1666 patris
842 1584 885 1648 La
901 1582 1021 1664 Borde,
1035 1604 1076 1649 eo
1090 1583 1179 1671 quod

56 1705 219 1786 impudens
232 1703 285 1764 ille
299 1706 427 1782 scriptor
434 1703 607 1763 convelleret
618 1721 638 1764 u
649 1702 770 1765 Christo
783 1704 921 1765 Ecclcstoe
930 1705 1072 1767 cellutam
1080 1711 1181 1786 potes.

58 1827 166 1898 tutem,
195 1839 256 1882 oon
275 1821 371 1880 solum
394 1819 548 1898 dirigendi
566 1837 623 1899 per
644 1820 769 1880 consilto
792 1825 822 1881 ei
843 1825 1005 1900 muamus,
1023 1823 1180 1886 sedetiam

40 1936 187 2014 jubendi
196 1953 254 2015 per
270 1934 359 2013 leges,
381 1952 416 1995 cc
435 1935 535 1995 devios
548 1937 696 1994 exteriore
705 1934 823 2014 judicio
843 1941 873 1995 et
892 1937 1062 1998 salubribus
1083 1941 1182 2017 poeais

55 2052 218 2112 coercendi
232 2055 321 2130 atque
335 2050 469 2129 rependi.
502 2047 625 2113 Atvero
649 2046 757 2113 dictus
777 2053 892 2114 auctor
909 2068 974 2114 non
997 2047 1183 2133 denegabat

57 2165 216 2231 Ecclesiae
248 2162 551 2230 excommunicandi
565 2171 600 2230 et
615 2165 648 2228 iu
663 2182 738 2229 reos
750 2165 820 2230 aliis
834 2166 938 2249 poenis
963 2166 1184 2251 spiritualibus

59 2281 350 2349 animadvertendi
377 2286 606 2365 postestatem;
625 2280 684 2346 sed
698 2289 824 2347 tantum
840 2283 973 2349 volebat
990 2283 1180 2362 Ecclesiam,

56 2401 202 2485 prolatis
217 2398 402 2485 hujusmodi
421 2399 599 2477 sententiis,
615 2400 779 2493 'inermem
803 2418 885 2480 esse,
902 2419 946 2466 ac
963 2400 1100 2484 proinde
1118 2420 1185 2468 non

64 2536 162 2601 posse
177 2535 275 2583 reum
294 2523 441 2592 externe,
459 2513 545 2580 idest
567 2515 670 2599 poenis
693 2514 914 2600 corporalibus
929 2524 986 2581 aut
999 2517 1186 2600 temporali·

60 2633 139 2715 bus,
170 2633 212 2700 ad
241 2631 505 2699 satisfaciendum
536 2651 663 2716 cogere.
693 2634 732 2699 ln
760 2652 800 2698 eo
822 2641 895 2699 erat
916 2632 996 2700 dicti
1018 2633 1186 2717 scriptoris

66 2761 230 2838 systema3
246 2752 281 2816 in
293 2748 376 2815 illud
390 2768 470 2834 ergo
488 2755 631 2835 systema
642 2748 805 2816 damnatio
821 2749 947 2817 directa
957 2759 1025 2836 est3
1044 2770 1123 2837 ergo
1136 2771 1188 2820 re·

69 2891 148 2937 aera
164 2867 285 2936 cecidit
300 2865 527 2934 condemnatio
539 2866 573 2931 in
589 2866 771 2950 opinionem
785 2885 856 2950 quae
873 2866 1051 2932 Ecclesiam
1074 2867 1187 2951 spolia·
1205 2873 1206 2876 ’

72 2994 137 3054 tam
155 2987 229 3055 vult
250 2984 338 3051 omni
351 2991 513 3069 potestate
526 3000 587 3068 per
604 2982 791 3066 corporales
813 2990 849 3048 et
867 2982 1062 3068 temporales
1074 3001 1187 3066 poenas

80 3107 259 3172 coercitiva.

120 3224 200 3289 Item
215 3241 314 3306 supra
328 3219 425 3307 (dicto
436 3217 542 3302 capite
558 3214 589 3302 3)
604 3215 744 3283 vidimus
757 3216 940 3283 damnatam
958 3216 1058 3284 fuisse
1072 3214 1189 3304 synodi

86 3334 260 3408 Pistoiensis
271 3337 464 3413 doctrinam,
482 3319 642 3420 quatenus
652 3335 793 3400 insinuat
806 3333 957 3400 Ecclesia
976 3354 1042 3402 non
1061 3353 1190 3422 compe·

86 3453 147 3522 lere
160 3477 179 3522 a
192 3456 320 3522 Christo
338 3453 487 3521 collatam
503 3458 697 3536 potestatem
714 3458 897 3515 contumaces
916 3457 1061 3516 anteriori
1071 3455 1190 3536 judicio

82 3574 106 3629 et
121 3545 289 3639 salubribus
298 3578 396 3656 poeois
408 3573 559 3634 coercendi
571 3577 659 3650 atque
673 3571 806 3651 cogendi.
821 3567 885 3635 Sed
898 3569 954 3635 illa
965 3569 1109 3655 synodus
1124 3589 1190 3637 non

79 3680 259 3778 denegabat
277 3688 429 3756 Ecclesiae
445 3695 641 3773 potestatem
657 3687 968 3766 excommunicandi,
986 3688 1104 3753 aliasve
1123 3707 1190 3771 pte

73 3812 137 3872 ssas
160 3805 344 3895 spirituales
367 3801 584 3887 decernendi;
604 3801 662 3867 sed
682 3810 812 3868 tantum
832 3809 1030 3887 potestatem
1049 3823 1107 3886 per
1128 3808 1191 3866 vim

70 3928 255 3990 eoeteriorem
270 3927 476 4007 subjectionem
498 3927 561 3984 suis
585 3923 710 3984 decretis
727 3923 880 4001 exigendi.
903 3919 963 3984 Vel
977 3937 1055 4002 ergo
1069 3918 1192 3984 inutili-

67 4032 137 4106 ler
157 4050 189 4108 et
214 4045 282 4109 sinc
305 4023 495 4107 causacum
523 4038 706 4104 damnatam
728 4037 827 4102 fuisse
853 4035 1027 4102 dicendum
1053 4044 1113 4116 est,
1136 4037 1192 4104 vel

67 4160 174 4226 certe
187 4160 261 4226 ideo
276 4159 517 4225 damnationem
539 4155 648 4235 subiit,
665 4153 754 4240 quod
771 4159 907 4237 negaret
923 4173 984 4237 per
996 4155 1193 4240 temporales

69 4273 116 4332 stt
140 4280 315 4364 corporales
331 4295 444 4362 poenas
462 4273 671 4341 coercitivam
687 4272 837 4338 Ecclesiae
854 4277 1076 4354 postestatem.

133 4393 173 4460 Et
184 4396 315 4464 tandem
332 4397 416 4485 (loco
431 4391 540 4480 citato)
558 4411 656 4478 supra
670 4389 820 4469 vidimus,
837 4387 912 4455 ideo
926 4409 1033 4474 nuper
1045 4411 1065 4457 a
1078 4391 1138 4458 Pio
1149 4392 1193 4459 IX

192 4513 212 4572 1.
713 4517 717 4524 ·
1073 4503 1093 4567 a
