2716 4988
561 350 642 402 raas
663 353 777 401 rmus.
1155 336 1226 405 tta

109 475 204 545 «sed
220 475 559 563 recipiandam
576 477 755 564 plurimum
773 482 944 564 pateretur
958 479 995 557 si,
1013 477 1121 546 stante
1143 496 1228 547 com·

100 593 236 665 smuni
258 610 397 673 errata,
429 595 534 663 valori
558 603 691 662 actuum
716 594 848 662 obesset
873 596 957 661 mala
985 594 1070 661 tides
1094 593 1223 681 judicis.

95 737 113 765 ι
134 710 177 775 6⁰
201 707 359 793 Denique
375 705 489 775 eadem
507 715 581 775 acta
602 708 727 788 valent,
750 708 812 774 etsi
834 727 900 774 uua
919 708 1131 794 volutaeque
1150 725 1228 794 pars

89 853 108 881 a
128 824 223 891 sciat
242 822 388 909 judicem
408 842 517 891 coram
537 843 602 909 quo
618 831 730 908 agunt,
753 829 810 890 aut
828 822 1006 908 parochum
1027 842 1137 891 coram
1155 842 1226 910 quo

88 968 107 998 e
130 939 345 1009 contrahunt
356 940 609 1019 matrimonium,
623 940 765 1023 legitima
777 945 940 1024 potestate
954 940 1149 1006 instructum
1161 958 1228 1006 non

88 1086 106 1113 ι
130 1075 228 1136 esse,
245 1055 347 1126 modo
360 1056 579 1123 communiter
598 1056 760 1123 habeatur
772 1075 833 1140 pro
849 1075 929 1123 vero
944 1055 1056 1141 judice
1075 1064 1134 1123 aut
1148 1074 1228 1123 vero
1256 1102 1258 1106 -

87 1205 108 1233 ι
128 1173 300 1259 parocho,
315 1173 359 1239 ab
376 1171 494 1240 eadem
505 1173 677 1239 rationem.
690 1173 860 1257 Excipitur
870 1173 1031 1239 absolutio
1045 1191 1228 1240 sacramen·

90 1320 109 1347 ι
128 1291 234 1375 talis3
252 1289 337 1356 bauo
351 1290 438 1357 enim
452 1289 480 1354 si
494 1290 567 1374 quis
579 1297 673 1355 extra
684 1291 800 1359 mortis
816 1289 991 1354 andeolum
1002 1295 1133 1373 peteret
1146 1309 1165 1354 a
1178 1307 1229 1356 sa·

90 1437 109 1465 a
130 1405 299 1484 cordate,
323 1405 382 1490 qui
407 1405 621 1471 communiter
639 1405 788 1470 creditur
806 1403 984 1489 'sufficienti
1002 1402 1228 1489 jurisdictione

82 1556 111 1583 -ι
128 1527 340 1603 instructius,
356 1522 416 1589 sed
430 1541 529 1608 quem
546 1523 616 1607 ipse
630 1523 691 1588 scit
706 1542 745 1588 aa
757 1523 952 1587 instructum
967 1541 1033 1587 non
1048 1540 1139 1599 esse,
1161 1539 1229 1588 non

92 1672 110 1701 ι
130 1642 373 1710 absolveretur
391 1638 499 1706 valide
515 1659 607 1705 anon
628 1637 761 1724 quidem
776 1657 818 1703 ex
836 1636 970 1703 defectu
994 1636 1229 1723 jurisdictionis

91 1788 109 1817 a
132 1761 175 1824 in
186 1756 384 1824 absolvente
400 1755 487 1843 (pria
499 1756 593 1821 amm
609 1756 640 1821 ci
655 1755 715 1820 hoo
728 1772 804 1820 casu
818 1753 876 1819 dat
886 1754 1040 1831 Ecclesia,
1059 1752 1228 1819 defectum

89 1906 107 1935 ι
127 1874 351 1960 supplensob
364 1890 512 1940 errorent
527 1869 757 1957 communem),
771 1870 830 1937 sed
846 1872 922 1955 quia
936 1872 1159 1955 peccaminosa
1170 1887 1229 1935 sua

88 2022 104 2049 ι
130 1993 315 2076 petitione,
335 1989 464 2057 atinde
479 1993 553 2055 orta
575 1987 832 2073 indispositioue‚
856 1987 984 2053 obicem
1000 1988 1092 2071 ponit
1108 1984 1226 2052 valida
1266 2063 1268 2067 Α

83 2132 96 2167 ι
127 2108 416 2177 administrationi
439 2107 643 2174 sacramenti.
664 2134 678 2161 a
701 2105 1019 2193 (Sohmalagrueher,
1040 2105 1074 2170 in
1095 2102 1226 2170 titulum

80 2224 133 2286 de
156 2228 299 2307 iudiciis,
314 2225 391 2303 iibri
405 2222 663 2302 idecretalium,
678 2242 711 2288 n.
727 2218 796 2305 22.)

598 2464 713 2559 'art

286 2717 321 2765 lio
333 2712 482 2777 gennabus
494 2711 635 2778 quibasdam
643 2711 763 2775 iudicialis
771 2709 840 2764 officii
853 2711 1043 2776 obligationibus.

145 2952 299 3036 Quonam
316 2948 413 3020 modo
428 2948 575 3038 judicem
592 2949 773 3036 procedere
796 2955 948 3036 oporteat
966 2967 1008 3016 ex
1028 2946 1135 3027 variis,
1152 2954 1224 3014 tum

63 3061 275 3148 hamran,
290 3074 362 3135 tum
381 3068 589 3135 ecclesiastici
605 3066 687 3154 juris
706 3065 1015 3152 praescriptionibus,
1039 3070 1224 3148 opportune

61 3158 238 3253 ‘licetur
244 3200 305 3269 pro
316 3183 445 3252 diversa
451 3185 665 3251 ¹materiarum
675 3183 799 3249 ratione
811 3183 846 3247 in
858 3180 999 3246 decursu
1007 3177 1222 3244 tractationis.

56 3273 162 3370 Eia
175 3320 263 3368 vero
274 3320 406 3386 agemus
420 3298 589 3367 dumtaxat
598 3297 642 3366 do
657 3295 850 3386 quibusdam
863 3295 1022 3383 judicialis
1038 3293 1132 3360 officii
1144 3292 1226 3360 obli·

51 3412 300 3498 ghtionibus,
317 3417 360 3485 ad
376 3434 456 3504 quas
473 3415 682 3502 exponendas
698 3414 866 3482 commode
887 3419 1000 3498 postea
1020 3411 1144 3478 occasio
1161 3428 1228 3476 non

48 3536 310 3607 Occurrent.
1136 3538 1139 3542 “

653 3765 680 3830 Ι.

448 3997 487 4050 De
495 3997 621 4062 requisito
633 3996 663 4047 io
671 3994 762 4060 judico
773 3993 891 4046 reiectio.

71 4256 86 4265 -
153 4209 678 4309 ‹ladascarensdebitaacientia
690 4214 725 4274 et
736 4226 777 4272 ex
787 4201 942 4288 culpabili
950 4201 1130 4286 ignorantia
1139 4199 1222 4268 maia

32 4328 102 4381 Ψ
125 4329 296 4416 judicans,
312 4338 429 4415 peccat
442 4327 637 4404 mortaliter,
658 4333 694 4390 st
708 4328 842 4396 tenetur
864 4319 907 4386 ad
923 4320 1163 4386 restitutionem
1175 4326 1228 4384 to-

36 4449 105 4496 ”1
142 4447 328 4516 tiuadsmui
338 4447 465 4515 causati
476 4445 564 4533 parti
576 4445 671 4523 iasa,
687 4442 756 4508 sive
772 4436 1001 4507 insubstantia
1015 4437 1091 4538 litis,
1108 4435 1226 4504 sivein
