2714 4980
499 314 578 363 ωε
601 316 760 363 snoonns.
1118 301 1179 364 453

62 460 128 526 pus
143 439 291 525 judicare
306 447 340 506 et
352 441 469 524 punire
485 439 602 506 delicta
621 440 824 526 suffraganei,
844 444 961 509 merito
974 442 1116 508 infertur
1126 461 1188 507 nec

62 576 160 642 posse
192 575 268 623 eum
300 556 450 642 judicare
478 565 513 622 et
538 558 655 640 punire
680 557 954 642 jurisdictionales
983 566 1095 636 actos,
1126 558 1189 624 etsi

61 673 204 758 iniquos,
221 693 240 739 a
255 675 382 739 Vicario
397 674 542 758 generali
559 673 711 757 Episcopi
729 683 847 757 gestos.
863 672 1079 741 Extendenda
1099 676 1188 741 scili-

62 795 119 854 cet
139 788 273 855 videtur
295 797 474 855 memorata
501 788 618 874 synodi
639 789 834 855 Tridentinae
859 789 1026 876 dispositio
1040 790 1083 856 ad
1097 793 1189 859 Vica-

58 904 148 971 rium
163 906 348 988 generalem
366 905 524 990 Episcopi,
544 905 586 971 ob
602 907 699 972 toties
712 907 906 972 inculcatam
918 926 1077 991 personae,
1096 907 1188 975 audi-

58 1022 216 1106 toriique,
233 1027 267 1088 et
278 1021 510 1107 jurisdictionis
526 1023 695 1107 utriusque
710 1021 928 1088 identitatem.

106 1141 174 1204 Nec
194 1138 324 1205 obstare
344 1138 477 1205 videtur
489 1139 666 1205 decretalis
690 1145 823 1204 Romano
850 1140 898 1226 (de
914 1141 1023 1223 Officio
1049 1147 1174 1223 Vicorr't,

57 1255 95 1321 in
104 1253 151 1339 6),
168 1256 202 1318 in
215 1274 278 1340 qua
294 1255 490 1339 supponitur
506 1274 599 1338 posse
612 1254 770 1321 Officiales
785 1254 1063 1339 suffraganeorum
1081 1259 1182 1324 variis

57 1371 104 1438 de
123 1373 226 1438 causis
239 1371 279 1437 ab
295 1372 543 1457 Archiepiscopo
574 1373 862 1456 excommunicari3
881 1371 945 1438 dici
972 1375 1059 1439 enim
1077 1382 1186 1458 potest

57 1489 124 1556 hoc
140 1489 194 1575 jus
209 1490 347 1573 viguisse
357 1495 432 1555 ante
446 1488 672 1555 Tridentinum
685 1490 869 1567 concilium,
885 1490 1016 1575 quando
1031 1497 1182 1576 poterant

54 1606 303 1689 Archiepisoopi
327 1624 441 1671 causas
464 1606 646 1672 criminales
669 1605 944 1690 suffraganeorum
968 1626 1183 1692 cognoscere;

55 1743 127 1791 non
139 1731 250 1790 autem
262 1743 303 1789 ex
315 1741 390 1807 quo,
412 1742 473 1808 per
488 1723 607 1789 dictam
622 1722 794 1808 synodum,
812 1723 865 1809 jus
875 1706 961 1791 illud
973 1725 1164 1791 amiserunt.

554 1976 569 2048 5
586 1970 643 2037 Ill.

427 2203 488 2262 Quid
507 2203 632 2253 tenendum
655 2201 772 2251 rideatur.

101 2423 282 2492 Monacello
300 2421 479 2487 assentiens
501 2420 608 2507 (parte
633 2422 665 2497 3,
684 2420 737 2485 tit.
762 2424 791 2500 l,
817 2420 957 2486 formula
972 2424 1026 2499 32,
1048 2429 1118 2487 n.7
1147 2435 1184 2494 et

54 2537 156 2626 seq),
174 2546 256 2622 puto
267 2536 610 2622 addrchiepiscopum,
629 2557 695 2602 non
709 2545 819 2602 autem
831 2536 874 2602 ad
889 2538 1094 2622 Episcopum,
1112 2555 1186 2620 per

52 2649 163 2721 tinere
173 2656 291 2720 Vicani
303 2655 464 2740 generalis
477 2654 511 2719 in
524 2652 628 2718 officio
639 2672 697 2718 suo
708 2652 929 2738 delinquentis
940 2653 1180 2732 coercitionem,

54 2772 125 2837 sive
138 2773 301 2855 particeps
319 2773 387 2836 sive
408 2789 526 2853 expers
542 2770 643 2853 culpae
664 2769 781 2834 existat
797 2769 987 2852 Episcopus.

100 2886 141 2954 ld
158 2889 242 2954 enim
265 2889 342 2954 mihi
366 2888 518 2954 evincere
538 2885 671 2953 videtur
699 2874 852 2969 expressa
880 2884 1058 2952 declaratio
1075 2888 1179 2953 Sacra

54 3007 322 3090 Congregationis
337 3005 460 3072 Concili
479 3005 523 3091 (in
544 3009 719 3081 Tarentino,
738 3006 780 3068 25
797 3002 954 3068 februarii
970 3001 1081 3088 issli);
1107 3023 1179 3089 quae

54 3121 145 3206 apud
156 3130 370 3188 memoratum
379 3120 592 3187 Monacellum
609 3120 693 3206 (loco
708 3117 817 3202 citato)
828 3119 975 3185 refertur
983 3120 1032 3187 his
1047 3120 1178 3187 verbis:

53 3244 150 3305 Sacra
157 3243 356 3320 Conprepolio
363 3240 491 3302 Consilii
497 3243 623 3316 censuit,
636 3237 893 3318 Arcitepiscopmnt
900 3240 1176 3319 Metropolitanum,

53 3363 292 3439 etiamtnprtmo
304 3362 463 3434 castancto,
480 3375 541 3417 esse
550 3358 901 3437 judtccmcompetentem
920 3360 1061 3418 incoacto
1075 3363 1180 3419 contra

55 3479 191 3538 Vicarios
204 3481 233 3536 et
247 3474 396 3554 Offlcc'oles
414 3475 684 3554 suffroqaacorum,
707 3474 825 3552 quondo
844 3474 1023 3552 delinquunt
1034 3477 1066 3534 irc
1079 3472 1180 3552 officio

52 3594 316 3675 etjcrtsdicttooe.
337 3589 446 3676 (Libro
459 3591 500 3654 37
523 3586 743 3663 decretorum,
762 3586 841 3651 folio
856 3584 948 3669 356.)

99 3732 116 3770 n
136 3707 249 3792 Neque
264 3705 354 3790 apud
369 3725 420 3771 me
437 3705 504 3772 vim
522 3705 600 3769 facit
619 3702 784 3768 distinctio
803 3702 964 3785 Pirrhing‚
984 3703 1102 3767 Vicarii
1120 3701 1179 3769 dc·

55 3824 260 3907 «linquentis
273 3822 306 3886 in
324 3820 437 3899 officio,
453 3821 574 3886 sciente
589 3820 758 3902 Episcopo,
778 3838 796 3883 a
816 3817 943 3883 Vicario
959 3816 1173 3902 delinquente

54 3940 175 4005 «citra
191 3937 501 4030 culpam'Episcopi3
522 3936 598 4022 quia
628 3954 702 4002 oum
725 3935 950 4001 consistorium
971 3934 1124 4018 Episcopi
1143 3943 1178 4000 et

54 4080 70 4117 «
87 4055 319 4121 Vicariiunum
334 4062 369 4121 ct
383 4052 471 4120 idem
481 4054 532 4119 sit.
541 4101 547 4116 .
556 4102 577 4130 .‚
592 4060 627 4120 et
641 4053 818 4137 Episcopus
827 4050 956 4118 dicatur
965 4052 1075 4117 iacere
1088 4050 1177 4135 quod

54 4172 160 4258 «ejus
178 4173 326 4238 vicarius
337 4171 432 4256 iacit3
458 4172 583 4237 ratione
598 4169 787 4247 affectionis,
806 4169 932 4234 unionis
951 4175 985 4234 et
1002 4168 1173 4248 interesse,

53 4288 269 4374 «Episcopus
284 4295 335 4354 est
345 4286 447 4373 judex
471 4294 660 4372 suspectus3
685 4294 719 4352 et
743 4286 778 4350 in
795 4290 935 4369 utroque
953 4302 1029 4350 casu
1055 4284 1089 4348 in
1102 4301 1179 4368 pro·

54 4432 69 4467 a
90 4407 161 4490 pria
190 4424 282 4470 causa
312 4403 553 4488 quodammodo
594 4402 741 4489 judicare
788 4400 964 4470 diceretur.
1004 4400 1180 4487 Experier-
