2714 4980
131 284 194 353 tet
477 303 664 354 anserinus
687 309 731 355 nn
753 307 902 354 inurens.

134 453 150 491 11
166 429 287 507 ficium,
309 429 369 496 sed
386 429 612 496 tantummodo
627 451 667 496 am
683 431 802 497 habeat
816 431 905 497 unde
924 451 1074 516 congrue
1091 434 1189 516 possit
1200 455 1241 499 sn·

134 571 149 610 a
168 548 314 625 stentem,
332 547 399 613 sive
415 567 457 613 ex
471 547 642 626 beneficio,
660 550 729 615 sive
745 569 785 613 ex
799 550 1041 632 patrimonio...
1058 553 1130 616 Non
1148 552 1241 618 obstat

133 688 149 726 1
166 666 234 730 haec
249 665 439 748 decretalis,
457 666 532 751 qnia
551 665 659 733 fateor
667 667 794 732 clericis
811 666 1008 732 beneficium
1025 687 1093 733 non
1107 670 1242 734 obtimam

131 782 253 847 «tibus
274 799 339 845 nom
365 799 459 863 posse
481 780 633 846 interdici
660 781 722 847 hoc
741 781 878 847 officinm
906 802 968 865 per
994 783 1242 850 subtractionem

129 921 148 960 11
166 897 424 963 beneficiorum:
455 897 578 978 poterit
603 904 713 962 tamen
735 897 888 962 interdici
909 918 971 980 per
990 899 1212 982 aliaspoenas.
1229 926 1240 960 1

129 1016 179 1102 (Im
193 1019 294 1097 caput
309 1017 394 1078 Sicuti
406 1020 445 1091 le,
461 1012 547 1077 tituli
561 1017 607 1078 Nc
618 1017 720 1076 clerici
730 1017 778 1079 vel
790 1016 940 1089 rnorochi,
959 1014 1041 1079 libri
1066 1017 1085 1080 3
1103 1015 1240 1083 decreta·

127 1129 218 1207 lium,
237 1149 269 1194 n.
286 1127 355 1218 25.)
971 1108 975 1115 ¹

171 1245 369 1311 Pnoeosrrro
381 1246 451 1310 111·.
468 1282 514 1294 -
535 1250 717 1310 macariotes
741 1246 875 1325 officium
898 1253 992 1308 etlam
1018 1249 1141 1310 clericis
1160 1253 1242 1310 mico

127 1383 195 1427 rum
218 1364 375 1438 ordinum,
403 1369 433 1423 ct
466 1366 557 1424 etiam
573 1359 656 1446 [dnm
685 1361 824 1440 beneficio
851 1369 966 1442 carent,
991 1365 1184 1443 probabilius
1208 1369 1242 1424 ert

121 1479 318 1559 prohibitum.
333 1513 378 1524 -
396 1479 444 1541 Ex
458 1495 498 1541 eo
514 1476 604 1560 quod
620 1478 652 1539 in
671 1496 770 1559 supra
798 1478 897 1541 citata
919 1476 1087 1543 decretali
1101 1484 1187 1543 Sicut
1207 1488 1238 1558 tc,

126 1617 277 1681 expresse
297 1606 412 1680 agatur
432 1596 474 1662 de
487 1598 612 1664 clericis
625 1604 671 1666 111,
684 1605 779 1661 sacris
794 1598 1025 1680 existentibus,
1051 1600 1241 1666 concludunt

127 1716 297 1779 canonistas
314 1733 378 1779 non
401 1714 507 1796 pauci,
528 1713 570 1779 ad
590 1721 731 1780 eoeteros
754 1715 888 1779 elericos
906 1715 1167 1798 prohibitionem
1190 1704 1253 1781 non¹

125 1829 274 1912 extemd13
300 1831 387 1913 quia,
408 1830 570 1913 inquiunt,
600 1830 626 1892 si
661 1837 695 1895 et
718 1831 796 1894 alios
825 1831 992 1913 legislator
1010 1832 1176 1898 voluisset
1193 1832 1241 1898 snb

125 1945 339 2029 prohibitione
355 1945 646 2028 comprehendere,
665 1967 730 2011 non
746 1947 876 2010 locutus
900 1946 1018 2013 fuisset
1041 1967 1198 2031 expresse
1208 1947 1241 2012 de

125 2059 251 2127 clericis
274 2065 307 2137 lm
330 2064 424 2121 sacris
450 2059 642 2125 constitutis.
670 2058 883 2123 Nihilominus
904 2061 1073 2125 contraria
1093 2062 1241 2126 sententia

124 2174 256 2241 videtur
281 2173 499 2257 probabilior3
525 2181 597 2238 tum
608 2174 683 2257 quia
701 2172 777 2239 data
792 2175 875 2238 ratio
890 2193 956 2238 nom
970 2177 1161 2259 convincit3
1184 2185 1240 2241 tnm

123 2292 198 2375 quia
212 2292 297 2357 clare
315 2311 356 2355 ex
374 2291 437 2355 alio
452 2296 546 2354 textu
567 2289 725 2371 probetur
743 2309 810 2354 non
825 2309 895 2355 esse
910 2290 1041 2356 licitum
1071 2294 1240 2358 notariatus

124 2407 261 2472 officium
276 2410 437 2472 minorum
448 2405 599 2472 ordinum
620 2406 756 2471 clericis.
771 2407 812 2471 Et
824 2412 923 2487 primo
935 2405 1074 2488 quidem
1087 2427 1157 2473 non
1167 2408 1240 2472 valet

123 2523 262 2606 allegata
276 2523 360 2588 ratio
369 2544 376 2586 :
385 2541 458 2585 nam
470 2521 545 2587 ideo
560 2520 592 2585 in
605 2519 765 2586 decretali
779 2525 864 2586 Sicut
876 2528 904 2584 te
918 2521 1238 2607 legislatorexpressc

122 2640 266 2724 loquitur
285 2638 327 2704 de
347 2637 475 2703 clericis
492 2637 526 2702 im
547 2637 647 2701 sacris
668 2637 862 2713 constitutis,
885 2636 960 2720 quia
982 2637 1017 2701 im
1035 2639 1183 2716 civitate,
1204 2637 1238 2703 de

123 2774 186 2839 qua
202 2755 235 2818 im
250 2774 325 2820 casn
344 2753 512 2836 agebatur,
531 2752 566 2817 id
581 2751 674 2817 officii
697 2772 716 2817 a
735 2753 811 2816 solis
826 2753 953 2817 clericis
968 2752 1137 2837 majorum
1161 2753 1236 2820 ordi·

121 2890 200 2936 num
216 2870 365 2936 exerceri
375 2869 510 2934 solebat.
527 2892 543 2930 11
561 2867 765 2950 Responde0,
778 2869 823 2933 ait
833 2869 1015 2951 Fagnanus,
1038 2869 1126 2935 hanc
1140 2869 1237 2954 probi-

125 3011 142 3051 «
160 2987 316 3053 bitiomem
331 2986 430 3051 fuisse
448 2985 567 3049 laetam
579 2984 703 3048 clericis
718 2990 751 3047 lm
764 2990 870 3061 sacris,
889 2984 965 3068 quia
987 2984 1053 3066 ipsi
1070 2986 1237 3051 tautumio

124 3126 141 3165 «
159 3103 291 3169 civitate
314 3103 368 3167 illa
387 3099 586 3167 exercebant
610 3099 748 3164 officinm
766 3098 1006 3177 tabellionatus,
1032 3108 1071 3165 ut
1099 3087 1236 3184 patetex

124 3243 141 3282 1
154 3220 284 3302 integra
299 3216 511 3293 decretali...,
529 3214 628 3298 idque
655 3215 697 3281 ob
714 3234 787 3280 eam
802 3215 889 3280 forte
904 3215 1068 3280 rationem
1084 3218 1160 3302 quia
1173 3216 1237 3283 solis

124 3357 141 3399 «
160 3336 288 3400 clericis
300 3336 335 3399 in
357 3333 454 3398 sacris
477 3333 590 3415 populi
614 3330 754 3397 habeant
775 3330 859 3396 hanc
879 3330 1021 3398 fidem...
1052 3336 1105 3400 De
1121 3334 1236 3401 clericis

125 3472 140 3511 11
161 3456 269 3514 autem
285 3451 444 3514 minorum
459 3447 611 3512 ordinum
627 3447 707 3512 nihil
717 3448 804 3512 cavit
815 3448 937 3534 (Papa),
950 3449 1027 3533 quia
1042 3451 1117 3516 talis
1129 3451 1236 3517 abusus

123 3588 140 3629 «
159 3564 267 3650 quoad
284 3566 370 3648 ipsos
393 3564 439 3629 ibi
457 3584 522 3628 nom
538 3562 690 3646 vigebat3
711 3562 800 3627 unde
826 3583 892 3627 mom
912 3565 1067 3649 sequitur
1085 3576 1125 3632 nt
1140 3566 1236 3651 probi·

123 3704 140 3745 a
158 3681 268 3747 bendo
291 3680 332 3745 de
349 3681 475 3744 clericis
490 3686 522 3742 la
536 3686 642 3756 sacris,
658 3687 692 3744 et
707 3679 865 3745 beneficia
887 3679 1101 3761 habentibus,
1120 3690 1236 3750 contra-

123 3820 140 3862 «
158 3798 242 3862 rium
252 3797 452 3862 intellexerit
468 3795 510 3862 de
526 3798 651 3862 clericis
665 3797 699 3861 in
716 3797 895 3863 minoribus
910 3815 976 3861 mon
987 3797 1202 3865 beneficiatis.
1219 3820 1233 3859 11

122 3917 312 4002 (liemarus,
329 3913 401 3981 loco
412 3915 481 3991 cit,
500 3934 533 3977 m.
549 3911 618 3997 29.)
634 3915 720 3997 Ergo
731 3933 773 3978 ex
782 3911 941 3980 decretali
953 3919 1041 3980 Sicut
1057 3924 1087 3980 te
1095 3912 1236 3981 concludi

121 4030 291 4097 dumtaxat
310 4037 430 4114 potest,
450 4030 526 4095 nihil
556 4031 589 4093 in
617 4048 656 4093 ea
680 4036 838 4093 statutum
859 4028 958 4095 fuisse
974 4031 1087 4114 quoad
1111 4031 1235 4097 clericos

119 4146 281 4211 minorum
291 4146 455 4213 ordinum.
468 4149 612 4223 sonando,
628 4144 758 4210 aliunde
772 4145 928 4217 habemus
938 4154 1069 4214 textum
1082 4148 1235 4233 quoclcre

119 4261 277 4344 probatur
292 4261 387 4327 dictis
403 4262 562 4326 minorum
575 4260 726 4326 ordinum
741 4261 866 4327 clericis
878 4261 1049 4344 prohiberi
1062 4265 1233 4331 notariatus

121 4377 331 4462 exercitium
345 4376 546 4445 decretalem
563 4396 680 4460 nempe
699 4381 738 4440 ut
752 4378 885 4457 officium
899 4378 925 4464 (l
936 4380 965 4454 1,
980 4379 1070 4445 tituli
1088 4382 1120 4459 2,
1133 4378 1187 4445 lib.
1202 4379 1228 4453 5,
