2714 4980
543 284 622 333 runs
644 285 802 333 succum.
1171 268 1234 329 sis

113 411 254 488 curiam,
272 428 336 474 non
356 414 406 474 est
421 428 481 473 cur
495 407 547 474 hie
567 428 750 474 sermonem
773 406 981 483 reducamus,
1009 426 1084 471 cum
1101 408 1178 471 satis
1195 426 1235 472 ea

115 526 207 592 notio
222 525 286 590 sub
304 525 410 607 prima
425 532 586 590 tractatus
598 531 691 607 parte
702 523 806 591 fuerit
816 524 972 606 exposita.

545 817 679 883 CAPUT
712 819 813 882 XVII.

346 1077 391 1123 nr
414 1075 546 1123 auarus
577 1074 800 1124 mnrcmtmos
825 1055 1013 1144 (Huissters).

164 1341 333 1408 Vocantur
359 1343 457 1406 etiam
481 1339 620 1424 pedelli,
642 1361 809 1420 cursores,
837 1343 995 1419 viatores,
1024 1339 1237 1426 apparitores,

114 1469 150 1525 et
165 1458 415 1523 nonnullisaliis
427 1476 487 1539 pro
498 1456 668 1540 regionum
680 1455 914 1522 consuetudine
927 1457 1119 1522 nominibus.
1142 1458 1184 1522 At
1203 1476 1242 1521 ea

112 1574 228 1639 omnia
254 1573 383 1637 nomina
405 1570 531 1656 injure
558 1569 648 1634 idem
668 1570 860 1653 significant,
883 1571 1242 1655 ait„Scbmalzgrueber

117 1691 176 1776 (od
196 1689 330 1754 titulum
352 1690 364 1752 l
384 1691 421 1751 de
442 1691 584 1767 Iudiciis,
604 1686 679 1752 libri
700 1689 719 1750 2
736 1685 963 1768 decretalium,
985 1709 1018 1751 n.
1044 1686 1110 1771 14).
1134 1712 1150 1750 a
1167 1687 1243 1753 offi-

117 1807 237 1871 «cium
249 1806 380 1870 illorum
397 1811 448 1868 est
461 1802 549 1887 jussa
568 1804 617 1866 sui
635 1802 841 1884 magistratus
854 1809 890 1865 et
905 1801 1024 1886 judicis
1040 1804 1190 1886 implere,
1204 1805 1243 1867 li-
1270 1840 1277 1848 -

117 1924 293 2004 «tigantes
325 1921 358 1983 in
385 1918 438 2003 jus
465 1929 602 1994 vocure,
637 1935 828 2000 processus,
868 1925 1024 2002 actusque
1059 1917 1245 2002 judiciarios

118 2036 283 2120 «exequi,
302 2041 364 2098 etc.
383 2058 399 2094 c
418 2031 730 2119 (Scbmalzgrueber,
749 2032 821 2099 loco
836 2031 963 2116 citato.)
1159 2108 1162 2113 ¹

166 2176 185 2214 a
201 2150 386 2217 Intervenit
402 2146 562 2234 (judiciis)
579 2148 722 2225 nuntius,
739 2164 799 2211 sea
812 2166 940 2226 cursor,
957 2166 1017 2212 seu
1030 2147 1169 2232 bajulus,
1185 2158 1244 2214 seu

124 2292 142 2330 a
159 2265 345 2351 apparitor,
362 2282 420 2328 seu
438 2263 584 2328 serviens
595 2261 714 2344 curiae;
735 2263 844 2346 quiet
861 2263 923 2326 alia
939 2264 1069 2328 nomina
1086 2265 1242 2330 sortitur:

124 2409 143 2448 α
161 2393 200 2450 et
219 2383 274 2448 hic
292 2383 372 2446 citat
389 2387 500 2463 partes
529 2380 562 2442 in
585 2378 735 2443 omnibus
757 2380 837 2444 actis
861 2378 1050 2464 judiciariis,
1074 2389 1110 2446 et
1131 2390 1246 2465 postea

119 2523 138 2564 n
158 2499 269 2568 refert
281 2499 316 2562 in
330 2497 458 2578 scriptis
471 2495 599 2558 notario
616 2512 651 2558 se
666 2495 780 2558 citasse
790 2502 829 2559 ut
846 2493 961 2559 babuit
974 2495 1007 2559 in
1025 2498 1240 2565 commissis...

119 2635 139 2680 u
157 2618 202 2682 Et
217 2615 287 2681 istae
304 2628 451 2695 personae
466 2628 573 2694 neque
588 2617 665 2674 sunt
678 2607 720 2674 de
738 2609 918 2675 substantia
929 2609 1056 2695 judicii,
1075 2610 1135 2677 sed
1144 2612 1245 2678 admi·

120 2757 139 2798 «
158 2730 305 2797 niculum
316 2735 442 2794 tantum
460 2731 618 2809 praestcnt
639 2745 646 2790 :
667 2744 741 2790 nam
760 2724 802 2790 de
817 2725 1009 2805 substantia,
1034 2733 1073 2790 ut
1090 2726 1240 2806 diximus,

120 2848 268 2914 «solum
289 2845 349 2910 illae
377 2849 445 2906 tres
472 2859 617 2925 persona
648 2849 747 2921 sunt,
774 2841 926 2906 nimirum
948 2840 1062 2925 judex,
1090 2851 1184 2908 actor
1207 2852 1243 2909 et

121 2987 139 3026 c
157 2976 250 3028 reus.
270 2985 286 3020 n
307 2957 504 3046 (Pellegrini,
521 2962 616 3038 parte
629 2958 661 3033 2,
682 2957 847 3039 praemisso
861 2959 891 3034 1,
909 2977 942 3021 n.
957 2955 1004 3041 8.)

168 3081 221 3144 De
238 3090 408 3142 cursorum
419 3066 521 3139 officio
535 3071 569 3135 in
580 3071 780 3156 exequendis
793 3073 999 3138 citationibus
1008 3072 1146 3140 dicimus
1156 3073 1264 3142 infra*

119 3196 182 3260 ubi
200 3191 243 3258 de
263 3191 426 3256 dudone.

166 3309 211 3374 111,
226 3300 321 3389 praxi
333 3304 389 3369 rix
403 3298 694 3385 poteruutjudieia
707 3299 857 3384 expediri
868 3302 929 3367 nisi
942 3321 1110 3370 cursorem
1124 3304 1243 3373 habeat

118 3421 318 3508 episcopalis
332 3418 433 3484 curia.
450 3415 534 3497 Quia
545 3415 706 3498 nempein
717 3415 904 3482 intimandis
919 3419 1126 3487 citationibus
1144 3421 1243 3488 debe·

118 3539 173 3606 bit
187 3538 261 3622 quis
277 3535 338 3599 hcc
352 3532 455 3599 officio
473 3530 577 3614 fungi.
590 3531 636 3595 ‘Si
652 3548 730 3615 ergo
742 3529 845 3616 judex
867 3534 937 3616 ipse
952 3536 1006 3601 rel
1027 3540 1189 3604 actuarius
1206 3538 1242 3604 id

117 3669 187 3721 non
201 3656 338 3737 peragat
353 3650 463 3735 (prout
479 3663 637 3730 peragere
647 3664 774 3711 cosnec
784 3650 992 3727 conveniens,
1011 3671 1073 3716 nec
1090 3654 1240 3736 possibile

116 3771 318 3855 plerumque
335 3761 423 3847 erit),
442 3760 578 3826 debebit
592 3760 674 3823 alins
691 3761 885 3826 auctoritate
902 3762 1034 3845 publica
1051 3766 1169 3832 adhoc
1183 3766 1242 3833 de-

117 3882 244 3970 putari.
264 3877 295 3944 Is
310 3885 420 3944 autem
432 3877 494 3941 hoc
512 3875 582 3958 ipso
593 3873 690 3938 euris
702 3891 817 3938 cursor
831 3875 904 3940 en't.

166 3998 252 4064 Hinc
274 3995 358 4060 solet
386 3994 419 4057 in
442 3989 587 4076 qnalibet
612 3989 830 4056 ecclesiastica
851 3992 941 4055 ouria
963 4012 1048 4059 unus
1062 4002 1131 4061 ‘aut
1155 4007 1240 4082 apter

116 4112 263 4180 nuntius
272 4107 468 4173 auctoritate
482 4104 632 4187 Episcopi
644 4111 680 4168 at
691 4102 910 4169 instrumento
921 4106 1056 4188 publico
1072 4113 1237 4178 constitui.

167 4227 329 4291 Cursores
341 4228 453 4286 autem
470 4220 517 4284 sic
532 4218 698 4284 constituti
720 4216 860 4299 publica>
874 4236 1019 4301 personae
1030 4232 1107 4289 sunt
1121 4226 1154 4290 m
1169 4228 1242 4297 foro

118 4339 359 4411 ecclesiastico.
477 4359 478 4362 ¹
548 4386 552 4394 .
